5134 6124
215 453 277 520 321
927 449 976 518 IN
998 450 1248 517 latratuum.
1294 449 1393 516 OAP.
1415 447 1514 546 XIX,
2158 456 2224 524 322

215 653 248 708 ει
278 641 405 720 offerre,
436 661 536 724 quum
567 641 663 706 traoti
685 641 824 707 luissent
844 662 905 724 per
926 641 1048 725 iguem.
1092 638 1191 705 Multi
1245 637 1331 705 deris
1352 637 1473 704 habeat
1494 637 1697 704 vaticinium.
1731 637 1807 721 Ipse
1830 641 1962 724 quidem
1987 641 2068 707 nihil
2088 663 2222 728 aggres-

216 727 347 811 q'uidem
382 727 487 793 levius
522 726 667 792 dofnnoti
695 737 789 808 sunt,
823 734 936 810 utpote
965 726 1084 808 quihus
1111 724 1191 791 satis
1244 746 1301 793 sus
1329 735 1396 800 εει,
1430 723 1494 789 nisi
1522 744 1566 788 ex
1589 722 1653 789 Dei
1680 724 1788 790 iussu:
1823 725 1880 792 sod
1908 727 2064 809 quoniam
2086 732 2222 796 nonita

217 822 287 879 erat
316 813 457 878 lustrare
484 811 583 891 tilios,
613 823 647 879 et
675 813 885 879 oironmierre
905 833 964 896 per
986 813 1111 896 ignem,
1145 810 1193 875 ita
1244 809 1430 876 obtinuerat
1451 809 1522 875 eius
1543 811 1701 876 autoritas
1724 811 1811 893 apud
1832 811 1980 892 Iudaeos,
2004 812 2057 880 hio
2081 823 2221 882 testatur

216 911 254 966 ut
275 898 437 965 sentirent
459 900 634 979 flammam,
657 906 769 964 tamen
791 899 876 965 salvi
897 897 1085 964 evaderent.
1124 895 1192 962 Sed
1245 917 1356 962 eorum
1381 915 1477 962 oausa
1500 915 1535 960 se
1558 895 1642 960 nihil
1664 917 1735 962 esse
1758 896 1922 963 dioturum
1943 900 2006 965 nisi
2024 900 2107 984 quod
2128 921 2221 985 prae·

217 985 273 1071 qui
301 1003 380 1068 pree
406 984 480 1050 aliis
509 984 664 1050 volabant
685 985 790 1050 aslum
814 1005 909 1050 suum
932 994 1108 1067 ostentare,
1137 1002 1193 1048 eos
1245 983 1366 1064 oeperit
1380 981 1472 1047 Deus
1494 983 1572 1063 ipse.
1606 982 1728 1047 Haeoi
1752 984 1819 1048 itur
1835 985 1993 1067 praelatio
2011 986 2222 1054 autoritatem

216 1071 346 1156 longius
368 1070 515 1153 rapiebat
537 1068 680 1150 ambitio,
704 1090 821 1153 nempe
843 1077 883 1136 ut
903 1070 990 1136 filisa
1005 1090 1081 1135 suos
1096 1070 1192 1154 iugu-
1245 1068 1403 1133 vatioinio
1429 1066 1590 1142 oonoiliat,
1620 1087 1662 1132 ne
1685 1003 1797 1134 ludaei
1821 1070 1994 1153 repudient
2016 1072 2102 1156 quod
2125 1073 2221 1139 affer·

216 1159 337 1235 lareut,
372 1155 490 1221 deinde
521 1157 761 1224 oomburerent.
813 1157 858 1222 Et
887 1156 927 1222 de
955 1156 1016 1222 hao
1045 1177 1082 1221 ra
1114 1155 1191 1219 alibi
1245 1163 1310 1237 tur,
1341 1154 1433 1236 quasi
1461 1154 1642 1236 proieotum
1672 1153 1712 1218 ab
1741 1156 1811 1238 ipso
1840 1155 1993 1222 Ieremia.
2045 1155 2113 1224 Sed
2143 1158 2221 1224 hino

217 1242 301 1322 dixi,
335 1241 420 1326 quod
456 1262 545 1307 nuno
577 1243 696 1308 oursim
725 1255 862 1309 transeo.
907 1243 1000 1308 Haeo
1027 1241 1193 1307 sententia
1245 1249 1356 1305 tamen
1384 1239 1492 1324 oolligi
1521 1249 1630 1321 potest
1659 1238 1806 1306 doetrina
1837 1242 2009 1325 generalis,
2041 1242 2125 1310 nihil
2148 1266 2222 1328 pro·

217 1328 318 1412 vulgo
356 1336 488 1410 reoapta
520 1348 587 1394 non
621 1338 679 1395 ost.
736 1327 804 1396 Sed
837 1327 951 1395 videor
982 1326 1065 1393 mihi
1097 1345 1192 1410 possa
1246 1323 1414 1391 ferendum
1438 1346 1508 1390 esse
1531 1325 1594 1390 nisi
1618 1325 1703 1408 quod
1727 1327 1868 1392 ministri
1892 1349 1933 1392 ex
1954 1328 2026 1395 Deo
2048 1331 2118 1413 ipso
2141 1329 2222 1396 didi·

215 1415 369 1497 oolligero
391 1435 432 1480 ex
456 1414 555 1481 variis
577 1416 757 1498 seripturaa
780 1415 859 1482 loois
882 1415 928 1480 ita
943 1413 1043 1479 foisse
1059 1414 1192 1493 lautum,
1245 1412 1359 1478 oerint.
1404 1411 1489 1476 Nam
1520 1411 1548 1476 ei
1577 1409 1734 1478 Ieremias
1763 1421 1875 1480 tantus
1904 1415 1966 1493 vir,
1995 1425 2027 1480 et
2056 1417 2222 1499 praeditus

216 1501 301 1584 quod
323 1498 448 1566 soiliost
470 1499 565 1564 multi
587 1500 671 1566 lilios
693 1521 769 1566 suos
792 1507 981 1580 maotarent,
1004 1499 1059 1565 alii
1082 1507 1191 1563 autem
1246 1509 1313 1562 tam
1336 1496 1464 1562 eximiis
1486 1495 1591 1576 donis,
1614 1507 1724 1562 tamen
1740 1518 1806 1564 non
1822 1497 1935 1565 debuit
1951 1501 2087 1568 verbum
2104 1523 2220 1582 uuum,

216 1587 398 1652 lustrarent
420 1586 590 1652 duntaxat.
623 1584 801 1670 Quidquid
815 1588 868 1670 sit,
891 1585 1087 1652 eaorifiaiam
1110 1583 1192 1648 illud
1246 1594 1303 1649 aut
1329 1582 1490 1666 syllabam
1514 1603 1533 1649 a
1556 1582 1683 1666 seipso
1705 1583 1860 1665 proferre,
1889 1597 2014 1669 quanta
2035 1593 2086 1652 est
2107 1607 2221 1653 eorum

217 1675 333 1738 marito
361 1671 566 1738 abominatus
589 1679 639 1736 est
660 1672 760 1738 Deos.
805 1673 891 1738 Nam
913 1670 1046 1740 solebat
1067 1690 1134 1736 uno
1155 1670 1192 1735 in
1247 1671 1421 1747 temeritas,
1445 1670 1501 1753 qui
1525 1668 1639 1734 volunt
1661 1690 1817 1753 superare
1839 1674 1955 1754 ipsum,
1984 1684 2018 1739 et
2039 1673 2220 1758 ingerendo

216 1758 286 1824 looo
314 1757 478 1822 duntaxat
506 1757 569 1823 sibi
591 1758 701 1823 offerri
724 1759 891 1826 saorilioia.
936 1757 974 1824 Si
996 1756 1070 1841 quis
1092 1756 1192 1821 etiam
1245 1775 1305 1821 sua
1331 1764 1524 1835 oommenta,
1552 1755 1679 1820 interea
1707 1757 1878 1839 postulant
1905 1759 2029 1824 oenseri
2058 1779 2117 1842 pro
2147 1779 2220 1825 ora·

216 1843 368 1922 vitulam,
401 1847 460 1908 aut
487 1863 607 1928 agnum
635 1844 805 1912 obtulisset
828 1843 915 1924 alibi,
948 1863 1045 1927 quam
1068 1841 1192 1907 Ieroso·
1245 1840 1351 1905 aulis?
1397 1841 1462 1908 Hie
1491 1841 1593 1925 igitur
1618 1840 1706 1906 loous
1729 1843 1903 1909 oonfirmat
1922 1843 2014 1909 illam
2037 1843 2221 1912 doetrioam

214 1929 332 2016 lymae,
360 1937 432 1995 erat
459 1927 520 1994 hoo
541 1929 761 1996 adulterinum
785 1930 989 1997 saomfioium.
1035 1928 1193 2011 Oportuit
1245 1926 1339 1992 Petri
1360 1927 1404 2013 (1.
1427 1928 1501 1993 Pet.
1519 1927 1550 2004 4,
1572 1927 1638 2012 21),
1661 1925 1728 2007 Qui
1751 1927 1904 2010 loquitur,
1928 1930 2045 2013 inquit,
2067 1932 2222 2013 loquatur

216 2015 302 2082 anim
334 2013 473 2081 Iudaeos
502 2017 591 2098 sequi
621 2016 708 2098 quod
732 2016 823 2082 Deus
853 2014 1116 2100 praeseripserat,
1146 2017 1193 2078 ita
1245 2023 1400 2096 tanquam
1435 2033 1602 2079 sermones
1631 2013 1704 2080 Dei.
1749 2013 1846 2079 Nune
1873 2014 1974 2095 addit,
2007 2015 2127 2083 Audite
2155 2035 2221 2082 aar·

215 2111 252 2168 ut
285 2100 367 2166 nihil
400 2109 524 2201 temere
556 2104 775 2186 susoiperent;
817 2102 985 2201 quoniam·
1007 2099 1193 2167 obedientia
1244 2118 1364 2200 moriam
1397 2099 1539 2199 laboras.
1594 2097 1810 2165 Confirmatio
1850 2109 1901 2166 est
1939 2103 2117 2186 superioris
2150 2123 2223 2168 seu-

216 2207 355 2339 ltili
377 2187 498 2355 tlt:
521 2183 1191 2357 illel”ttttlltltllttntll
1245 2184 2223 2369 ‘diliis,Vidimli„ifghlllllhlt'h‘ll‘jmthfllli

216 2357 369 2425 volebant
395 2359 489 2442 quasi
516 2359 620 2426 invito
642 2362 713 2426 Deo
742 2359 915 2427 obtrudere
943 2379 1001 2425 sua
1022 2358 1190 2424 saoritioia.
1242 2357 1362 2438 dixero,
1390 2377 1509 2440 nempe
1530 2366 1569 2422 ut
1590 2365 1695 2422 serant
1718 2377 1786 2422 non
1810 2357 1897 2441 loqui
1921 2359 2092 2425 mortalem
2114 2359 2219 2424 bomi-

216 2443 345 2509 Deinde
373 2443 435 2510 fuit
465 2444 562 2509 etiam
593 2444 682 2510 alind
699 2447 834 2512 orimen
863 2447 1015 2529 atrooius,
1046 2455 1082 2510 ut
1104 2463 1192 2508 nuno
1244 2463 1319 2508 nem
1360 2444 1493 2527 proprio
1533 2462 1648 2520 sensu,
1688 2441 1745 2508 ssd
1778 2444 1886 2526 ipsum
1920 2465 1991 2510 esse
2025 2465 2220 2529 praedonem

216 2529 417 2608 videbimus,
458 2530 546 2612 quod
585 2531 707 2598 soiliost
746 2532 955 2598 immolarent
992 2531 1076 2596 filios
1116 2549 1191 2595 suos
1243 2529 1424 2609 eoelestem,
1448 2529 1504 2612 qui
1525 2528 1647 2594 referat
1669 2549 1752 2613 quae
1771 2530 1861 2596 Deus
1884 2533 2058 2614 praeospit.
2091 2529 2219 2611 Audite,

215 2614 355 2694 Baalim,
389 2615 442 2680 rel
472 2615 564 2694 Baal,
598 2627 632 2681 et
660 2638 729 2682 non
758 2619 816 2683 uni
846 2619 919 2684 Deo
946 2615 1036 2702 (nam
1066 2615 1192 2700 iugula·
1242 2615 1358 2697 inquit,
1380 2634 1466 2700 repes
1481 2613 1627 2681 Ieltudalt
1647 2619 1677 2681 ει
1698 2615 1816 2681 incolae
1838 2615 2022 2682 Ierusalem
2057 2615 2219 2683 Videmus

216 2704 337 2768 tionem
361 2720 436 2767 oum
458 2702 631 2768 exustione
652 2723 741 2769 nuno
757 2701 947 2790 praetereo).
979 2702 1073 2768 Haeo
1087 2701 1192 2784 igitur
1243 2709 1282 2765 ut
1303 2700 1463 2784 propheta
1485 2722 1527 2766 ne
1548 2699 1682 2784 regibus
1705 2701 1838 2784 quidem
1862 2702 1941 2784 ipsis
1963 2709 2085 2785 pareat,
2107 2721 2220 2786 quem·

215 2788 297 2852 ratio
319 2797 369 2853 est
391 2807 449 2851 our
471 2787 631 2870 propheta
651 2789 760 2855 iussus
783 2789 882 2855 luerit
903 2789 1017 2854 venire
1030 2792 1066 2853 in
1081 2788 1190 2854 looum
1243 2786 1418 2852 admodum
1457 2795 1534 2853 ante
1568 2787 1669 2851 etiam
1704 2787 1801 2852 iussit
1837 2786 1930 2852 Deus
1970 2789 2077 2871 ipsum
2117 2787 2219 2853 libere

215 2873 318 2940 illum.
371 2872 480 2954 Quam
512 2894 593 2940 vero
621 2873 823 2940 detestabilis
851 2875 950 2940 luerit
976 2872 1049 2940 Deo
1082 2872 1190 2940 oultus
1242 2891 1356 2955 agore,
1396 2892 1456 2938 neo
1490 2871 1652 2956 respioere
1685 2893 1849 2955 personas.
1905 2873 2107 2956 Exsequitur
2140 2893 2219 2956 ergo

214 2958 279 3034 ille,
302 2959 383 3024 satis
400 2969 550 3043 apparet,
574 2959 659 3043 quod
681 2959 860 3044 prophetae
883 2972 956 3028 ntia
975 2973 1033 3038 itu,
1056 2960 1118 3025 hoo
1140 2967 1190 3024 est
1242 2957 1384 3023 fideliter
1412 2978 1533 3023 munus
1562 2977 1669 3038 snum,
1699 2956 1754 3023 uhi
1784 2979 1851 3024 non
1880 2956 2046 3024 blanditur
2075 2956 2207 3041 regibus

217 3044 335 3110 vallem
365 3044 504 3108 Hiunon
540 3046 731 3112 roraverint
762 3047 937 3111 infernum.
994 3046 1039 3110 Et
1069 3045 1189 3110 seimus
1242 3065 1348 3127 neque
1378 3051 1521 3128 terretur
1548 3062 1663 3108 eorum
1692 3043 1852 3128 dignitate
1881 3051 1914 3108 et
1942 3043 2099 3127 potentia.
2151 3005 2219 3110 sed

216 3129 343 3197 Ohristi
383 3139 527 3212 tempore
568 3133 688 3215 passim
727 3140 896 3215 reoeptum
935 3130 1038 3196 fuisse
1070 3151 1189 3196 nomen
1241 3129 1328 3212 ipsos
1350 3130 1494 3212 primum
1515 3129 1696 3212 oompellat‚
1725 3129 1842 3196 deinde
1864 3129 2033 3213 populum,
2063 3129 2220 3212 quonism

214 3215 313 3283 illud:
354 3224 390 3281 et
421 3217 549 3299 quoties
582 3216 735 3285 Christus
768 3217 911 3302 loquitur
944 3215 984 3282 de
1017 3215 1189 3295 Gabenna,
1242 3216 1299 3297 qai
1335 3215 1471 3298 gravius
1506 3215 1700 3298 peooabant,
1737 3217 1854 3280 marito
1895 3215 2062 3282 sustinent
2094 3215 2219 3298 primos

214 3303 319 3370 utitur
350 3311 482 3386 reoepta
514 3302 571 3366 illa
605 3323 683 3368 vooo
715 3323 806 3369 more
836 3303 938 3388 vulgi.
989 3301 1189 3384 Oorruptnm
1240 3301 1392 3383 impetus.
1425 3301 1584 3366 Videmus
1606 3322 1643 3366 er
1707 3301 1784 3386 quid
1806 3300 1869 3368 sibi
1892 3301 1972 3368 velit
1988 3299 2079 3378 illud,
2101 3299 2217 3386 Argue

215 3387 344 3472 quidem
383 3387 447 3452 fuit
483 3407 602 3453 nomen
635 3387 720 3472 apud
754 3389 915 3468 Graeoos,
952 3387 1108 3472 quoniam
1141 3397 1191 3454 est
1241 3394 1371 3453 montes
1393 3394 1428 3452 ει
1448 3387 1583 3472 inorepa
1600 3389 1648 3453 ool
1662 3408 1712 3454 es:
1736 3386 1864 3465 deinde,
1888 3388 2054 3454 Constitui
2070 3395 2103 3452 ιε
2119 3407 2219 3470 super

215 3474 344 3558 propris
363 3483 434 3541 otim
453 3487 511 3558 uu,
535 3473 631 3540 vallis
653 3474 801 3540 Hinnon.
846 3474 935 3556 Quid
957 3485 1066 3540 autem
1089 3473 1189 3557 signi·
1241 3481 1364 3557 gentes,
1387 3481 1421 3538 ει
1442 3493 1541 3555 super
1560 3492 1677 3558 regna:
1700 3473 1777 3557 quia
1791 3474 1939 3539 eoelestis
1955 3473 2103 3540 doetrina
2121 3471 2218 3537 debet

214 3561 290 3626 fioat
319 3559 355 3624 in
386 3559 557 3643 evangelio
583 3560 645 3625 hoo
679 3560 819 3626 nomen?
850 3561 938 3643 ipsos
966 3561 1099 3626 interos.
1144 3558 1190 3624 ut
1240 3579 1356 3644 eogere
1379 3560 1411 3623 in
1435 3557 1582 3624 ordinem
1607 3557 1763 3641 quidquid
1783 3567 1833 3623 est
1850 3559 2015 3626 exoelsum
2033 3560 2068 3624 in
2083 3556 2218 3636 mundo,

214 3645 301 3711 unde
334 3643 449 3730 origo?
487 3646 565 3728 quia
598 3644 722 3712 soilioet
750 3647 870 3712 suimus
904 3657 1047 3730 quantus
1075 3647 1119 3712 sit
1156 3654 1190 3710 et
1240 3644 1513 3729 quemadmodum
1543 3646 1642 3710 etiam
1672 3645 1751 3710 dioit
1780 3645 1904 3710 Paulus
1932 3643 1975 3730 (2.
1998 3643 2073 3710 Oor.
2099 3642 2148 3722 10,
2172 3642 2217 3729 5),

213 3751 310 3814 quam
341 3731 533 3797 insanabilis
556 3752 669 3798 eorum
696 3733 795 3811 furor,
826 3732 882 3815 qui
905 3731 1189 3816 superstitionibus
1241 3733 1287 3795 ita
1306 3737 1342 3795 ut
1356 3731 1463 3796 omnis
1478 3729 1631 3812 superbia
1645 3730 1816 3796 hominum
1831 3730 1990 3796 dometur.
2024 3728 2217 3814 Aegerrime

214 3819 282 3882 suis
305 3826 383 3881 sunt
407 3817 535 3884 addioti.
569 3817 656 3883 Nam
678 3818 830 3900 quamvis
852 3817 1027 3900 prophetae
1045 3819 1189 3901 graviter
1240 3815 1373 3898 quidem
1405 3817 1516 3881 ferunt
1548 3836 1641 3899 reges
1671 3836 1781 3882 seeum
1810 3817 1859 3881 ita
1889 3815 1990 3882 libere
2018 3837 2037 3881 a
2064 3816 2082 3880 '.
2133 3814 2218 3881 Nam

213 3902 409 3968 damnarent
440 3903 547 3969 looum
582 3903 691 3981 illum,
725 3914 764 3968 ut
794 3903 848 3969 hio
878 3902 1044 3968 videmus:
1078 3913 1188 3968 tamen
1241 3901 1366 3968 vellent
1391 3902 1554 3966 immunes
1575 3921 1646 3968 esse
1668 3902 1709 3967 ab
1731 3903 1820 3967 omni
1841 3901 1923 3986 lage,
1953 3912 1987 3968 ει
2006 3921 2042 3966 εο
2056 3903 2105 3966 nti
2127 3902 2218 3968 omni

212 3988 353 4070 populus
374 3989 410 4053 in
433 3989 529 4055 solita
550 3988 609 4055 illa
630 3989 813 4055 idololatria
833 3989 999 4073 pergebat.
1032 3986 1190 4070 Oportuit
1240 3989 1325 4072 iugo.
1370 3985 1438 4053 Sed
1466 3987 1494 4052 ei
1523 3985 1619 4052 hodie
1649 4009 1714 4052 non
1744 3997 1927 4072 agnosouot
1955 4008 1990 4053 se
2023 3986 2087 4052 Dei
2116 3985 2217 4055 verbo

211 4073 313 4158 igitur
345 4072 475 4138 foedum
510 4096 628 4140 nomen
657 4075 796 4157 imponi,
829 4075 914 4158 quod
944 4075 1052 4140 looum
1083 4076 1189 4157 magis
1240 4075 1381 4153 subesse,
1404 4070 1538 4137 tandem
1561 4073 1695 4138 venient
1716 4073 1757 4138 ad
1780 4072 1927 4139 tribunal
1948 4073 2039 4150 illud,
2063 4073 2119 4140 uhi
2142 4095 2217 4139 sen·

213 4158 465 4224 abominabilem
488 4159 648 4226 redderet.
695 4161 792 4227 Nono
814 4159 954 4242 additur,
975 4159 1076 4227 houm
1096 4158 1189 4224 illum
1240 4160 1324 4223 tisnt
1362 4178 1461 4242 quam
1499 4178 1653 4241 perversa
1686 4159 1778 4225 abusi
1811 4159 1933 4224 luerint
1966 4180 2026 4226 sua
2059 4159 2215 4243 potentia.

213 4265 278 4310 esse
295 4245 331 4311 iu
345 4244 477 4310 introitu
487 4251 598 4329 portae
613 4247 780 4312 ariditatis.
815 4245 926 4328 Quum
942 4255 1030 4312 esset
1044 4245 1188 4312 maxime
1240 4244 1411 4326 Quantum
1431 4242 1472 4308 ad
1494 4243 1640 4310 dootores
1663 4244 1750 4328 ipsos
1768 4253 1904 4330 speetat,
1927 4244 2047 4312 debent
2065 4245 2216 4327 exemplo

211 4329 347 4396 salebris
375 4339 482 4413 porta,
515 4341 549 4396 ει
577 4353 677 4414 quum
703 4332 794 4398 illino
824 4332 872 4398 sol
902 4330 1048 4417 quotidie
1079 4334 1187 4397 oriens
1240 4331 1399 4396 Ieremias
1422 4340 1489 4395 tam
1512 4350 1650 4414 magnos
1672 4351 1768 4415 quam
1792 4353 1912 4415 parvos
1934 4333 2066 4398 dooere:
2099 4330 2216 4396 deinde

212 4424 360 4481 moneret
382 4418 477 4498 ipsos,
506 4418 714 4500 speetandam
738 4440 808 4485 essa
830 4418 937 4485 luoem
960 4419 1060 4497 illam,
1090 4438 1187 4500 quam
1239 4436 1377 4500 arguare
1400 4415 1456 4481 ubi
1478 4436 1560 4500 opus
1583 4422 1641 4494 est,
1665 4427 1699 4482 ει
1720 4417 1898 4502 inorepare,
1921 4418 1967 4483 ita
1989 4427 2027 4482 ut
2045 4425 2216 4498 respectus

212 4499 306 4566 Deus
334 4502 414 4584 ipsis
443 4503 635 4569 aooenderat
656 4507 689 4570 in
713 4504 793 4588 lege,
824 4503 887 4569 fuit
907 4505 961 4570 hio
983 4503 1189 4588 prodigiosus
1240 4523 1396 4584 personae
1435 4501 1542 4567 looum
1583 4522 1650 4567 non
1689 4500 1819 4570 habeat.
1876 4503 1931 4571 Sia
1965 4504 2042 4570 diet
2078 4501 2217 4568 Isbovalt

213 4595 341 4669 stupor,
382 4589 416 4652 in
457 4589 527 4655 loeo
568 4595 634 4654 tam
671 4590 788 4656 celebri
821 4600 855 4656 et
886 4592 1062 4674 oonspiouo
1095 4590 1188 4674 quasi
1239 4590 1431 4654 ειενείιιιειε
1457 4591 1485 4654 ει
1507 4587 1597 4654 Deus
1620 4585 1734 4668 leuel,
1763 4588 1841 4655 Eoos
1869 4610 1922 4674 opo
1951 4589 2072 4656 adduae
2095 4588 2217 4654 matum

212 4673 352 4753 superba
383 4673 509 4740 oalosre
539 4674 644 4758 legem
675 4676 753 4754 Dei,
788 4686 822 4740 ot
854 4676 979 4742 oultum
1013 4677 1084 4741 eius
1112 4695 1187 4758 pro-
1238 4694 1334 4758 saper
1360 4672 1443 4739 bauo
1469 4673 1578 4758 lotura,
1606 4674 1645 4739 de
1673 4695 1731 4756 qao
1760 4676 1906 4758 quisquis
1927 4675 2066 4741 audierit
2085 4674 2218 4739 tinnient

212 4759 336 4838 sanare,
356 4778 393 4824 ao
415 4761 442 4825 si
465 4761 573 4842 palam
596 4761 768 4826 ostendere
790 4761 921 4838 vellent,
945 4783 980 4827 se
1003 4781 1061 4844 pro
1082 4761 1187 4826 nihilo
1238 4779 1333 4826 aurea
1355 4760 1434 4826 aius.
1469 4759 1552 4825 Plus
1569 4760 1731 4826 effioaoias
1750 4761 1863 4827 habuit
1885 4762 2094 4846 prophetious
2109 4778 2216 4825 sermo

213 4843 332 4910 duoere
360 4845 515 4929 quidquid
541 4847 630 4912 Deus
658 4847 855 4912 mandasset.
901 4849 1033 4913 Interea
1063 4847 1188 4931 siquis
1239 4866 1339 4928 quum
1373 4845 1506 4912 adduoti
1538 4855 1649 4912 essent
1681 4845 1794 4912 ludaei
1827 4847 1863 4912 iu
1896 4868 1965 4913 rem
1999 4859 2215 4928 praesentem.

213 4929 379 4996 existimet
408 4930 602 4998 allusionem
633 4953 703 4998 esse
731 4932 772 4996 ad
801 4952 914 5000 vooem
940 4945 1026 5013 ΜΠ,
1056 4933 1095 4998 de
1124 4953 1188 5016 qua
1239 4932 1375 4997 Poterat
1395 4931 1485 4996 idem
1508 4933 1542 4996 in
1565 4932 1696 5015 templo,
1719 4932 1771 4997 vel
1789 4934 1824 4997 in
1843 4941 1946 5015 porta,
1970 4933 2021 4997 rel
2040 4932 2074 4995 in
2093 4931 2217 5014 palatio

212 5015 304 5100 prius
334 5015 456 5082 dietum
484 5018 557 5096 fuit,
589 5039 651 5084 noo
682 5039 839 5103 repugno,
870 5018 956 5101 quod
985 5018 1066 5084 haee
1095 5028 1189 5101 porta
1239 5018 1326 5102 regis
1349 5018 1472 5084 disere:
1495 5016 1553 5084 sed
1575 5038 1642 5083 uon
1661 5025 1729 5082 tam
1746 5019 1862 5084 elfioax
1881 5019 1995 5083 lubeat
2013 5017 2215 5083 vatioinium.

212 5100 312 5165 tuerit
349 5101 480 5185 quidem
519 5104 703 5183 orientalis,
745 5115 778 5169 ει
816 5111 928 5170 tamen
960 5104 1062 5170 fuerit
1094 5105 1189 5187 quasi
1240 5102 1370 5171 Soimue
1393 5103 1479 5168 enim
1502 5113 1626 5186 quanta
1643 5103 1687 5170 sit
1705 5105 1738 5168 in
1760 5102 1947 5170 hominibus
1966 5102 2112 5168 tarditas.
2149 5101 2215 5169 Sed

212 5194 308 5268 porta
336 5188 455 5254 fiotilie.
500 5189 600 5268 Dioit,
631 5191 709 5256 Illic
728 5191 819 5257 alara
840 5210 912 5256 voce
927 5192 1106 5273 prouumia
1126 5209 1189 5255 sor·
1239 5200 1310 5256 erat
1338 5199 1416 5254 tuno
1445 5197 1538 5256 tanta
1566 5189 1741 5256 obstinatio
1771 5189 1805 5253 in
1828 5187 1970 5265 Iudaeis,
2000 5199 2038 5254 ut
2067 5187 2218 5256 doetrina

212 5291 325 5352 mortes,
353 5293 431 5356 quos
460 5275 607 5358 loquutus
625 5276 716 5358 fuero
738 5278 781 5344 ad
802 5281 838 5342 to.
882 5276 959 5343 Non
982 5275 1116 5341 dubium
1140 5285 1189 5340 est
1240 5277 1339 5341 etiam
1369 5275 1398 5340 si
1428 5274 1568 5341 multum
1602 5275 1827 5342 vehementiae
1850 5272 1993 5354 haberet,
2024 5285 2134 5340 tamen
2159 5276 2216 5340 fri·

212 5359 294 5440 quin
323 5359 384 5425 hoo
414 5359 533 5426 diserte
562 5363 726 5445 exprimat
748 5365 916 5448 propheta,
946 5370 984 5428 ut
1011 5361 1086 5446 plus
1107 5382 1188 5446 pon·
1240 5370 1334 5447 garet
1366 5358 1451 5444 apud
1481 5361 1584 5444 ipsos,
1617 5362 1694 5445 quia
1727 5359 1965 5446 negligebatur.
2018 5361 2109 5428 Deus
2138 5381 2219 5444 ergo

320 5461 432 5517 Caluini
447 5477 540 5530 opera.
574 5461 633 5518 Vol.
650 5463 831 5522 XXXVIII.
1979 5464 2013 5518 21
