5118 6136
196 475 257 539 541
876 471 925 536 IN
947 469 1197 535 IEREMIAM.
1244 467 1342 536 CAP.
1365 468 1516 535 XXVII.
2136 470 2199 537 542

196 661 380 746 praetentus
403 662 514 726 doeter
536 661 588 726 vel
611 659 776 743 magister,
806 658 862 723 sed
892 659 1014 723 laetum
1038 668 1088 722 est
1110 657 1172 721 hoe
1224 656 1345 736 tulum,
1374 657 1500 740 quoties
1522 657 1555 722 iu
1580 659 1722 724 medium
1756 659 1905 744 prodibat
1926 660 2093 746 Ieremias,
2123 685 2199 730 eon·

198 757 346 829 respeetn
369 745 550 811 Zedeehiae
572 754 606 809 st
628 746 750 828 populi.
789 742 960 809 Probabile
983 753 1089 806 tamen
1113 753 1172 819 est,
1223 742 1305 824 spiei
1334 743 1368 807 in
1398 743 1468 808 eins
1498 742 1579 809 eollo
1609 743 1801 810 servitutem
1836 765 1950 829 regum
1986 749 2131 814 emnium
2165 755 2200 816 11

197 835 232 897 iu
266 841 440 915 eonspeetu
474 833 561 915 regis
590 831 671 896 haee
701 830 856 894 mandata
886 828 985 893 fuisse
1014 829 1171 910 exposita,
1223 827 1382 910 gentium.
1426 828 1510 895 Erat
1532 830 1634 912 igitur
1661 829 1734 897 vioe
1768 832 1912 896 emnium
1944 834 2092 916 eaptivus
2121 845 2199 902 ante

198 927 234 983 11
255 938 316 982 rex
338 937 397 982 oon
446 926 572 982 useerat
600 935 770 1000 perperam
799 936 835 980 se
863 915 964 979 fuisse
989 912 1171 996 deceptum,
1224 925 1363 995 tempus.
1414 912 1527 994 Quum
1560 926 1669 980 antem
1703 915 1794 981 Deus
1828 917 1940 1000 iugum
1973 920 2132 1003 imposuit
2165 931 2199 988 et

198 1011 232 1069 et
252 1002 352 1068 stulte
374 1023 393 1066 a
418 1003 482 1067 hue
503 1024 538 1067 se
561 1001 724 1066 eoufidere
752 999 914 1076 subsidiis,
945 1019 1028 1082 qnae
1057 999 1172 1063 offere·
1223 997 1363 1077 Iudaeis,
1391 1010 1425 1064 et
1447 999 1520 1065 eliis
1546 1000 1696 1066 omuibus
1725 1002 1887 1086 gentibus,
1918 1004 2000 1069 liber
2030 1017 2109 1072 tune
2137 1006 2199 1072 init

196 1089 327 1155 buntur.
372 1086 536 1172 Colligere
560 1095 668 1152 autem
699 1085 784 1166 lieet,
814 1105 912 1169 quam
933 1083 1051 1149 derum
1074 1085 1174 1149 fuerit
1224 1082 1397 1150 Ieremias:
1432 1086 1526 1151 111111
1555 1106 1656 1167 quum
1685 1087 1821 1170 pertulit
1850 1088 1911 1153 hoe
1939 1089 2066 1174 insigne
2096 1095 2198 1159 servi·

197 1176 266 1258 regi
289 1183 323 1240 et
344 1173 474 1256 popule,
501 1171 615 1237 audire
638 1171 724 1237 hane
751 1171 965 1254 prophetiam.
1010 1168 1173 1250 Quodam·
1224 1171 1313 1248 tutis,
1337 1191 1450 1234 seeuro
1473 1179 1583 1235 tamen
1602 1173 1710 1237 animo
1728 1175 1930 1256 exspectavit
1947 1175 2105 1240 iuditium
2123 1177 2197 1258 Dei,

198 1259 295 1324 modo
317 1261 403 1324 enim
421 1258 630 1323 violabantur
652 1257 765 1340 legati:
790 1277 895 1339 reges,
913 1256 1066 1338 aquibus
1085 1255 1171 1320 missi
1225 1276 1323 1338 quum
1347 1256 1403 1320 alii
1427 1256 1639 1340 negligerent.
1685 1257 1788 1323 Porro
1810 1257 1891 1324 haee
1909 1261 2113 1327 confirmatio
2132 1284 2197 1330 ma·

197 1347 338 1428 fueraut,
366 1355 519 1427 poterant
546 1345 702 1425 eonqneri
724 1363 758 1406 se
782 1343 914 1409 effeetus
936 1361 1008 1406 esse
1037 1339 1173 1423 indigne
1249 1342 1274 1406 ’s
1296 1340 1536 1406 inexcusabiles
1559 1344 1645 1426 ipsos
1668 1342 1818 1422 reddidit,
1841 1345 2116 1427 quemadmodum
2139 1349 2196 1416 ubi

197 1429 406 1496 eentumelia.
452 1430 524 1494 Rex
548 1429 650 1512 igitur
678 1449 745 1493 una
775 1447 849 1493 eum
880 1426 1000 1511 popule
1029 1429 1173 1510 graviter
1259 1447 1325 1504 eus,
1354 1439 1391 1491 ut
1412 1425 1509 1492 fidem
1541 1428 1700 1510 eoueiliet,
1734 1429 1835 1494 verbo
1868 1451 1927 1495 sno
1960 1432 2110 1516 adiungit
2142 1435 2196 1500 vel

198 1516 304 1599 potuit
326 1513 562 1581 exeandesoere
592 1513 752 1580 adversus
773 1513 956 1578 Ieremiem.
1002 1509 1067 1578 Sed
1097 1530 1172 1593 pro·
1225 1521 1436 1588 saeramenta,
1469 1513 1520 1578 vel
1555 1513 1619 1578 alia
1650 1514 1854 1594 adminicula,
1887 1537 1971 1598 quae
2004 1537 2064 1582 nos
2094 1520 2196 1603 magis

197 1603 298 1685 pheta
320 1600 474 1666 mandate
497 1598 560 1664 Dei
584 1599 747 1682 intrepide
773 1599 905 1664 lunatos
927 1606 987 1676 est,
1016 1598 1170 1679 quoniam
1225 1598 1378 1674 alliciant,
1401 1599 1447 1662 ita
1465 1609 1501 1662 ut
1520 1618 1586 1663 neu
1604 1607 1732 1664 tantum
1749 1620 1843 1665 auree
1859 1609 1997 1680 nostras,
2021 1603 2195 1670 sedetiam

196 1688 245 1751 ita
268 1706 401 1752 neeesse
424 1695 505 1751 erat.
538 1684 584 1749 Et
606 1695 718 1767 postea
737 1684 920 1750 videbimus
943 1682 1043 1748 verba
1064 1683 1172 1764 potius
1224 1682 1334 1747 oeulos
1366 1681 1487 1761 dooeat,
1521 1692 1619 1766 atque
1653 1705 1765 1751 omnes
1798 1705 1923 1752 sensns.
1976 1686 2087 1768 Quum
2118 1711 2196 1774 ergo

197 1771 321 1838 direota
350 1772 450 1837 fuisse
472 1772 513 1836 ad
543 1790 653 1854 regem
675 1768 871 1835 Zedeohiam
900 1789 996 1850 quam
1028 1767 1067 1830 ad
1096 1789 1171 1851 pro·
1224 1767 1314 1832 Deus
1349 1768 1432 1832 nihil
1473 1771 1593 1832 emittit
1627 1770 1713 1852 quod
1747 1771 1857 1835 valere
1892 1781 1990 1854 queat
2023 1775 2062 1838 ad
2097 1775 2195 1841 fidem

196 1857 291 1922 fanos
313 1857 385 1922 illes
408 1857 568 1921 hemines.
606 1855 770 1920 'Penemus
793 1875 880 1920 nune
902 1853 1073 1919 eonsilium
1097 1853 1170 1930 Dei,
1224 1852 1323 1918 verbo
1352 1873 1410 1918 sue
1437 1853 1685 1934 adstruendam,
1714 1856 1847 1940 gravior
1875 1877 1935 1922 nes
1964 1870 2073 1924 manet
2104 1861 2194 1925 dam-

197 1963 257 2008 eur
280 1942 469 2027 prophetam
499 1961 595 2005 snum
618 1940 760 2005 voluerit
787 1939 867 2005 haee
897 1939 1051 2002 mundata
1072 1959 1171 2020 expe·
1224 1940 1321 2019 natio,
1355 1939 1383 2004 si
1412 1938 1494 2003 nihil
1526 1943 1654 2022 prosint
1685 1942 1780 2026 signa
1812 1941 1878 2007 illa.
1923 1943 2088 2010 Tenemus
2117 1967 2195 2031 ergo

198 2049 275 2092 nere
304 2029 431 2112 legatie,
461 2027 518 2111 qui
545 2047 564 2091 a
589 2025 734 2108 profanis
765 2025 895 2108 regibus
923 2025 1014 2089 missi
1042 2024 1172 2089 luerent
1223 2044 1281 2090 eur
1309 2025 1470 2109 propheta
1501 2026 1692 2109 applicuerit
1721 2025 1761 2091 ad
1792 2028 1911 2093 eollum
1943 2050 2037 2094 suum
2067 2032 2194 2114 insigne

197 2114 238 2179 ad
262 2135 372 2198 regem
387 2113 592 2191 steohiam,
615 2121 652 2176 ut
671 2119 955 2195 rexeogneeoeret
976 2129 1084 2174 meras
1101 2130 1172 2175 esse
1222 2109 1304 2173 illud
1334 2110 1461 2175 futurae
1494 2111 1677 2178 servitutis:
1711 2112 1739 2177 si
1769 2113 1824 2196 qui
1854 2113 1986 2178 fuerunt
2013 2116 2047 2179 iu
2078 2118 2196 2199 populo

197 2219 314 2284 nugas,
348 2197 433 2282 quod
467 2219 560 2281 reges
592 2194 640 2261 illi
673 2216 732 2261 sua
764 2195 887 2261 auxilia
921 2195 1169 2278 pollicebantur:
1223 2194 1351 2271 doeiles,
1382 2196 1462 2260 utile
1483 2196 1549 2261 illis
1577 2198 1637 2262 tuit
1665 2219 1799 2263 eernere
1828 2199 1930 2264 oeulis
1958 2201 2022 2265 tale
2052 2203 2193 2286 signum.

197 2285 353 2366 quoniam
387 2305 452 2348 non
486 2291 557 2348 erat
586 2283 753 2365 negotium
784 2302 856 2346 eum
889 2302 963 2361 rege
995 2279 1170 2357 Chaldaeo,
1222 2281 1289 2346 Sed
1305 2283 1456 2364 quoniam
1473 2283 1577 2345 maior
1593 2283 1720 2364 parsad
1736 2285 1972 2350 eentumaoiam
1988 2285 2194 2366 obduruerat,

197 2369 253 2436 sed
277 2372 384 2452 potius
407 2389 482 2435 eum
504 2367 623 2432 iudieio
646 2367 719 2446 Dei,
748 2366 831 2448 qnod
863 2364 1080 2446 insuperabile
1110 2377 1170 2444 est,
1221 2367 1293 2431 ideo
1315 2368 1410 2432 oessit
1439 2365 1506 2431 illis
1534 2369 1566 2431 in
1596 2369 1731 2451 gravius
1759 2369 1916 2434 iudicium
1951 2371 2035 2452 qnod
2059 2371 2195 2438 debebat

198 2467 230 2519 et
253 2457 303 2520 eui
328 2455 450 2519 frustra
474 2454 623 2518 hemines
649 2452 861 2517 reluetantur.
908 2450 1018 2531 Quum
1042 2449 1171 2515 iubetur
1221 2450 1383 2532 prodesse,
1406 2464 1443 2516 ut
1465 2452 1588 2518 seilieet
1610 2465 1737 2519 mature
1756 2475 1826 2520 sese
1850 2454 2064 2520 humiliarent
2086 2479 2196 2524 eoram

195 2541 355 2624 propheta
385 2542 569 2622 praeoipere
597 2539 722 2622 legetis,
753 2542 788 2601 11
808 2537 855 2601 sie
875 2537 982 2602 ditent
1002 2536 1127 2619 regibus
1148 2558 1170 2601 e
1222 2536 1303 2616 Deo,
1337 2547 1435 2620 atque
1468 2539 1514 2602 ita
1548 2549 1792 2604 anteverterent
1820 2541 1890 2604 eius
1920 2541 2087 2608 iuditium.
2133 2543 2194 2609 Se·

195 2625 310 2708 quibua
338 2627 430 2690 misai
458 2629 546 2707 aaut,
579 2623 670 2690 Deus
699 2623 805 2689 Israel
833 2621 887 2688 111
916 2621 1001 2687 vodis
1028 2622 1169 2705 mandet,
1221 2633 1366 2705 qnuutur
1388 2623 1496 2701 verba,
1527 2624 1596 2708 Ege
1622 2624 1682 2706 sesi
1710 2624 1800 2711 (uam
1825 2627 1895 2690 heri
1925 2629 2077 2692 transtuli
2106 2629 2195 2696 hune

195 2721 346 2797 poteraut
368 2711 510 2788 reiieere,
540 2719 572 2774 et
599 2731 664 2772 uon
689 2711 759 2774 sine
780 2708 957 2787 stemaeho,
987 2706 1098 2788 Quid?
1127 2729 1167 2772 uu
1221 2729 1365 2785 versum,
1389 2708 1456 2792 Ego
1475 2708 1548 2792 feei)
1579 2715 1694 2775 terrum
1719 2717 1746 2776 et
1767 2711 1927 2788 hominem,
1958 2717 1986 2777 et
2013 2713 2193 2798 1111111111,

194 2799 268 2861 iden
302 2797 365 2861 hue
398 2796 558 2878 venimus,
592 2804 630 2858 ut
662 2795 765 2859 simus
800 2795 847 2858 tui
878 2791 1008 2857 nuntii?
1043 2791 1168 2872 deinde,
1221 2793 1302 2875 qued
1323 2815 1418 2876 super
1437 2795 1550 2876 1111111
1573 2801 1674 2860 terrae
1697 2802 1749 2877 est,
1772 2797 1808 2860 11
1829 2797 1942 2862 uirtute
1970 2819 2040 2863 mea
2068 2819 2193 2884 111911,

195 2884 345 2966 quisnam
367 2902 411 2960 es,
438 2892 474 2945 ut
497 2880 591 2945 uobis
613 2879 815 2963 praecipias?
847 2879 887 2942 ed
910 2878 1000 2956 haee,
1031 2891 1168 2962 putasne
1220 2879 1393 2944 1111111111
1415 2885 1539 2946 extem.
1580 2881 1753 2964 Frigidum
1775 2882 1890 2946 fuisset
1908 2882 2135 2964 speetaeulum,
2160 2898 2194 2949 et

195 2967 276 3032 adeo
306 2986 365 3031 uos
392 2967 556 3049 desipere,
586 2981 625 3029 ut
653 2967 688 3029 in
718 2967 856 3048 gratiam
886 2973 976 3029 tuam
1006 2965 1169 3029 minemur
1220 2965 1289 3028 fere
1312 2965 1419 3042 inane,
1449 2967 1476 3030 si
1507 2976 1634 3030 tautum
1666 2977 1810 3051 aptasset
1833 2967 1989 3033 Ieremias
2022 2968 2103 3034 eollo
2133 2991 2193 3035 sue

195 3054 327 3137 regibus
349 3073 386 3117 ae
408 3053 547 3116 dominis
569 3049 714 3116 nostris?
743 3051 974 3116 denuntiemus
996 3049 1061 3115 11111
1083 3049 1167 3131 quud
1220 3051 1342 3133 iugum,
1366 3052 1429 3116 uisi
1451 3049 1602 3117 adiuueta
1623 3051 1721 3116 simul
1740 3053 1854 3118 luisset
1870 3053 2027 3119 doetrina.
2061 3053 2193 3123 Soimus

196 3146 232 3203 11
254 3139 356 3212 iubes,
390 3138 457 3202 lere
486 3137 560 3202 illos
589 3135 686 3219 paulo
716 3145 789 3219 post
818 3156 929 3201 servos
959 3135 1045 3218 regis
1069 3134 1167 3199 Chal·
1221 3137 1306 3200 euim
1335 3137 1430 3219 signa
1458 3138 1566 3201 omnia
1596 3157 1666 3202 esse
1695 3139 1788 3220 quusi
1818 3149 1963 3221 mortua,
1999 3139 2061 3203 nisi
2092 3141 2192 3206 verbe

197 3223 292 3289 daei?
338 3224 495 3288 Poterant
531 3222 633 3306 igitur
672 3222 771 3306 legati
807 3221 958 3306 ablegare
998 3240 1065 3283 non
1097 3221 1167 3285 siue
1220 3221 1418 3286 animentur.
1463 3220 1746 3302 Quemadmodum
1777 3243 1855 3307 ergo
1885 3223 2095 3290 simulacrum
2125 3247 2192 3290 nou

194 3310 264 3375 risu
300 3317 333 3374 et
372 3308 512 3373 ludibrio
551 3314 702 3372 sanetum
742 3305 943 3390 prophetam.
1002 3304 1068 3373 Sed
1101 3307 1166 3370 iam
1220 3327 1417 3391 magnopere
1446 3307 1587 3390 prodest,
1621 3309 1667 3372 ita
1695 3307 1852 3392 quidquid
1883 3309 2052 3394 signorum
2083 3323 2192 3393 posset

195 3395 339 3458 diximus
362 3394 424 3459 hee
448 3405 552 3458 totum
575 3395 698 3458 laetum
716 3414 787 3458 esse
803 3390 982 3456 Zedeohiae
1000 3400 1033 3455 et
1054 3391 1167 3474 pepuli
1220 3392 1313 3456 obiiei
1329 3393 1429 3459 oeulis
1445 3393 1576 3473 nostris,
1598 3395 1750 3460 essetvel
1767 3394 1932 3478 frivolum,
1956 3395 2008 3460 vel
2024 3395 2192 3478 frigidum,
2293 3451 2299 3464 .

194 3489 353 3562 respeetu,
376 3495 413 3544 ut
435 3479 593 3561 propheta
616 3487 781 3543 exteteret
799 3497 920 3541 vanum
944 3476 1035 3540 illum
1058 3477 1166 3558 splen·
1219 3478 1285 3542 imo
1301 3479 1392 3560 quasi
1410 3489 1584 3557 mertuum,
1607 3479 1669 3544 nisi
1685 3478 1853 3544 aeoederet
1868 3479 2015 3546 doetrina
2036 3489 2190 3563 tanquam

195 3566 307 3630 dorem
328 3573 361 3629 et
376 3584 538 3648 pompam,
560 3564 680 3646 quibus
697 3562 827 3628 videbat
842 3562 910 3627 11111
926 3570 959 3627 11
974 3561 1167 3627 Zedeehiam
1219 3563 1337 3627 anima.
1373 3565 1419 3629 Et
1438 3565 1514 3629 hine
1529 3565 1625 3628 etiam
1642 3566 1848 3630 eonvineitur
1865 3566 2069 3647 papistarum
2085 3587 2193 3631 amen·

195 3661 229 3714 et
257 3671 371 3715 omnes
393 3649 542 3714 Iudaees.
588 3648 754 3713 Putabant
784 3649 871 3712 enim
902 3650 994 3730 quasi
1023 3647 1104 3712 altos
1134 3655 1167 3712 et
1220 3649 1276 3727 111,
1297 3650 1351 3731 qui
1374 3648 1523 3713 detinent
1550 3648 1654 3730 plebis
1684 3650 1812 3714 animos
1841 3651 1953 3715 multis
1984 3651 2103 3734 signis:
2133 3653 2191 3717 sed

195 3735 312 3801 densos
336 3747 462 3801 montes
485 3735 649 3819 oppositos
672 3753 742 3799 esse
765 3734 834 3818 regi
853 3731 1019 3798 Ohaldaeo
1041 3743 1075 3797 et
1097 3733 1165 3798 eius
1219 3732 1302 3798 nihil
1324 3736 1450 3799 interea
1472 3733 1637 3798 doetrinae
1659 3734 1777 3800 subest.
1811 3734 1908 3801 Unde
1930 3737 2078 3817 seqnitur
2100 3757 2191 3802 mera

194 3822 371 3887 exereitui:
406 3819 480 3902 Qua
501 3832 594 3903 parte
617 3818 658 3883 ad
681 3839 739 3883 nos
760 3825 962 3902 prorumpet,
984 3839 1083 3901 quum
1107 3839 1164 3882 rex
1218 3839 1289 3883 esse
1307 3820 1471 3902 figmenta,
1491 3831 1527 3882 ut
1544 3838 1628 3900 quae
1645 3821 1715 3884 sine
1731 3820 2064 3886 fruotnevanesenut.
2099 3820 2191 3888 Deus

194 3908 273 3986 il'yri
303 3915 415 3970 noster
444 3907 496 3984 sit,
525 3928 584 3970 rex
615 3902 755 3981 Sidonis,
787 3925 846 3968 rex
868 3903 976 3981 Moab,
1006 3925 1063 3967 rex
1088 3903 1165 3968 Am-
1218 3923 1295 3987 ergo
1317 3914 1476 3986 perpetuo
1492 3904 1672 3969 doetriuam
1692 3927 1786 3970 suem
1802 3905 1906 3990 signis
1921 3907 2083 3982 adiunxit,
2107 3926 2191 3988 quae

193 3989 295 4056 mon?
318 3993 383 4056 late
404 3991 452 4054 illi
475 3990 746 4055 dominabantur:
769 4001 803 4054 et
825 3988 920 4053 urbes
938 3989 1096 4070 quaedam
1119 3991 1166 4052 in·
1217 3988 1289 4053 ideo
1311 4000 1415 4070 potest
1438 4010 1514 4054 vere
1536 3991 1676 4054 eonlerri
1699 3993 1835 4070 animae,
1858 4011 1940 4074 quae
1963 3992 2101 4075 inspirat
2122 4014 2190 4059 eor-

193 4077 427 4161 expugnabiles
450 4087 554 4142 erant.
599 4075 655 4142 Sie
677 4095 755 4159 ergo
778 4075 890 4139 Iudaei
919 4075 1109 4139 statuebant
1130 4095 1166 4139 se
1218 4095 1279 4157 pus
1308 4076 1432 4157 ipsum,
1466 4074 1551 4157 qued
1583 4076 1703 4158 alioqui
1732 4087 1822 4141 motu
1851 4087 1884 4140 et
1915 4078 2026 4160 vigore
2055 4089 2190 4142 eareret.

193 4163 356 4228 immunes
394 4163 461 4227 iure
498 4162 540 4227 ab
576 4162 665 4226 omni
702 4162 851 4225 molestia
883 4167 916 4224 et
952 4157 1163 4225 ineemmedo.
1218 4160 1291 4223 Hae
1313 4163 1441 4225 rationo
1470 4161 1562 4226 doeet
1583 4160 1741 4225 Ieremias
1771 4162 1847 4244 quid
1878 4163 1940 4226 sibi
1965 4163 2043 4227 velit
2065 4163 2189 4246 iugum.

193 4250 295 4330 Atqui
318 4270 360 4313 ne
389 4268 459 4312 sesa
482 4247 645 4329 deeipiant
668 4267 752 4310 vana
774 4245 830 4310 llla
852 4265 978 4328 pompa,
1011 4244 1090 4311 dieit
1112 4244 1163 4309 Ie·
1219 4246 1393 4311 Praefatur
1419 4256 1527 4310 eutem
1558 4245 1599 4310 de
1627 4247 1771 4328 potentia
1794 4246 1867 4325 Dei,
1901 4260 1934 4311 et
1967 4268 2095 4311 summo
2128 4250 2189 4312 im-

194 4335 332 4408 remiss,
366 4333 516 4398 Perferte
549 4353 607 4397 vos
641 4332 740 4415 legati
778 4329 819 4395 ad
856 4330 1004 4396 dominos
1037 4341 1164 4396 vestros
1218 4332 1323 4414 perio,
1353 4332 1504 4413 quoniam
1535 4352 1644 4414 reges,
1673 4333 1734 4397 etsi
1765 4332 1908 4396 fatentur
1940 4333 2046 4396 Deum
2079 4341 2190 4398 tenere

193 4419 279 4502 quod
302 4418 395 4483 Deus
423 4419 577 4499 loquutus
600 4427 658 4493 est,
690 4437 807 4501 nempe
830 4426 868 4481 ut
890 4417 1029 4481 subeant
1050 4418 1162 4501 iugum
1217 4417 1330 4480 mundi
1355 4416 1584 4500 gubernaenle,
1608 4437 1673 4482 nou
1692 4427 1803 4482 tamen
1822 4429 1957 4500 possunt
1976 4417 2094 4482 animis
2112 4439 2188 4484 eon·

192 4506 281 4587 regis
304 4503 493 4588 Babylonis.
530 4501 674 4567 Additur
696 4513 805 4567 eutem
828 4502 1014 4586 symbolum
1036 4502 1163 4566 risibile
1217 4505 1323 4585 eipers
1345 4523 1380 4567 se
1402 4511 1567 4567 momento
1590 4523 1684 4585 posse
1708 4504 1823 4579 everti,
1854 4513 1886 4567 et
1916 4503 2010 4568 deiiei
2032 4525 2050 4568 e
2072 4504 2187 4587 gradu.

193 4589 235 4654 ad
258 4593 536 4655 confirmationem
560 4588 715 4653 vatieiuii.
760 4587 924 4668 Propheta
952 4587 1082 4651 iubetur
1110 4609 1163 4670 ap·
1217 4587 1302 4652 Nam
1326 4587 1480 4653 videntur
1501 4587 1562 4652 sibi
1586 4587 1677 4652 affixi
1700 4587 1785 4653 nidis
1809 4590 1893 4652 suis:
1924 4589 1971 4652 ita
1994 4591 2189 4670 promittunt

194 4687 265 4741 1111
300 4675 384 4740 11111
421 4678 544 4759 iugum.
605 4672 645 4737 In
683 4672 801 4754 plurali
839 4693 976 4737 numero
1010 4671 1162 4754 loquitur.
1217 4684 1385 4737 aeternum
1409 4683 1541 4758 statum,
1564 4682 1597 4736 et
1619 4674 1842 4757 imaginantur
1873 4695 1907 4739 se
1937 4696 2003 4738 non
2034 4695 2104 4738 esse
2133 4673 2188 4738 ob·

194 4773 254 4830 tete
286 4761 448 4844 signifieat
479 4770 620 4838 veotem,
650 4757 812 4842 signifieat
841 4758 972 4840 iugum,
1000 4757 1164 4842 signifieat
1218 4759 1333 4824 noxios
1365 4761 1527 4824 eommuui
1557 4761 1637 4824 sorti
1667 4759 1863 4824 mortalium.
1917 4758 2079 4838 Quoniam
2109 4778 2187 4841 erge

192 4847 217 4912 11
244 4867 322 4911 num
344 4858 577 4910 transversum.
623 4843 695 4908 Nou
720 4843 850 4908 dubium
872 4851 981 4908 autem
1001 4853 1061 4924 est,
1084 4845 1162 4925 quin
1216 4844 1263 4907 ita
1285 4844 1391 4907 inflati
1414 4853 1493 4908 sunt
1516 4865 1610 4927 reges
1639 4843 1799 4926 superbia,
1829 4843 1990 4908 Dominus
2019 4842 2188 4925 praefatur

194 4869 242 4997 111
251 4931 369 4996 oollam
385 4931 474 5014 ligna
490 4930 648 5012 quaedam
667 4929 868 5011 applienerit,
892 4927 1163 5011 quemadmodum
1216 4950 1251 4993 11
1274 4929 1387 4994 leeisse
1408 4933 1524 4994 terrum
1551 4935 1578 4994 et
1607 4931 1712 4994 emate
1744 4929 1916 4994 animalia:
1945 4950 2010 4992 non
2043 4929 2189 5010 loquitur

193 5023 306 5101 iugum
342 5015 441 5082 bobus
474 5019 665 5098 imponitur:
706 5012 824 5079 deinde
864 5015 1013 5097 ligaverit
1048 5015 1162 5096 iugum
1217 5013 1256 5080 de
1279 5013 1376 5090 eoelo,
1405 5014 2188 5098 11111111111111111111111,1111111111

193 5103 275 5168 illud
294 5113 351 5167 aut
376 5111 562 5166 transversa
584 5101 682 5184 ligna.
727 5099 811 5164 Nam
835 5112 891 5167 50⁸
914 5101 1077 5183 signifieat
1094 5101 1164 5163 vin·
1217 5099 1371 5165 animatia
1400 5119 1479 5180 quoe
1505 5105 1578 5167 1111
1606 5101 1642 5164 itt
1670 5100 1831 5182 1111111111
1858 5103 1970 5165 terrae.
2015 5098 2186 5182 Adiungit,

193 5191 274 5254 aire:
308 5189 381 5252 ideo
409 5199 528 5254 111111)
553 5197 711 5251 11111111
740 5186 884 5264 vinnula,
919 5197 999 5252 111)
1027 5194 1164 5250 1111111
1218 5187 1261 5250 11
1281 5186 1392 5249 venete
1412 5203 1481 5250 mee
1505 5191 1669 5270 11191111
1700 5185 1826 5251 hautio
1851 5190 1976 5251 1111111.
2021 5183 2185 5264 Quorsum

193 5275 291 5340 etiam
322 5272 474 5336 baltheus
504 5272 679 5336 interdum.
732 5270 799 5336 Sed
833 5271 886 5336 hie
915 5271 1072 5352 aeeipitnr
1104 5291 1163 5355 pre
1218 5271 1277 5336 hee
1300 5271 1363 5336 uisi
1397 5283 1432 5334 ut
1460 5274 1729 5355 expergiscantur
1757 5271 1914 5349 homines,
1944 5270 2020 5334 dnm
2049 5270 2186 5335 audiunt

193 5359 341 5438 vineolis,
365 5367 421 5422 aut
444 5357 661 5439 ligaminibus.
706 5357 787 5422 Fuit
808 5355 888 5422 illud
919 5357 1011 5422 triste
1040 5365 1162 5439 speeta-
1217 5363 1339 5422 terram
1372 5376 1438 5420 non
1472 5377 1605 5422 manere
1637 5359 1670 5422 in
1704 5377 1763 5421 suo
1795 5367 1896 5436 statu,
1930 5357 1994 5421 nisi
2026 5365 2186 5438 quatenus
