5118 6136
373 449 443 516 ‘691
1135 491 1137 496 ,
1185 444 1572 513 Pusunuoumuus
2042 492 2044 495 -
2318 450 2380 516 692

381 637 481 704 eorda
510 637 581 720 ipsa
608 643 766 718 penetret,
799 653 837 700 uo
864 653 978 700 omnes
1008 653 1125 700 sensus
1146 634 1301 700 reformet
1321 632 1357 698 in
1409 632 1533 700 Christi
1563 633 1747 717 disoipulos,
1776 633 1878 700 donee
1903 630 2199 700 renuntiaverimus
2221 641 2254 700 et
2276 635 2379 716 nobis,

382 722 575 804 obsequium
596 720 742 786 iustitiae
765 719 839 785 Dei.
873 718 943 784 Iam
967 723 1077 785 tamen
1100 728 1211 802 potest
1231 719 1357 785 moveri
1407 729 1441 783 et
1463 717 1594 798 mundo,
1616 731 1649 784 et
1671 720 1943 804 abnegaverimus
1964 739 2024 784 nos
2045 719 2142 801 ipsos.
2186 718 2280 788 Haeo
2296 722 2380 789 ratio

382 809 537 890 quaestio,
568 826 609 871 au
640 805 701 870 snb
729 803 802 890 lege
831 802 971 869 defuerit
1001 804 1148 886 patribus
1178 805 1284 890 gratia
1306 825 1356 870 re·
1407 815 1457 870 est
1489 825 1547 869 our
1580 803 1741 887 propheta
1773 826 1837 870 non
1871 805 1970 869 fuerit
2000 815 2171 870 eontentue
2205 824 2272 871 una
2301 827 2380 873 voue

382 892 611 978 generationis
645 890 718 956 Hoo
736 899 845 957 autem
864 889 961 954 nimis
979 887 1157 954 absurdum
1176 898 1234 956 est.
1267 889 1356 971 Quid
1408 885 1578 966 duntaxat,
1609 889 1664 955 sed
1688 890 1816 970 dixerit,
1844 888 1965 955 Porum
1985 890 2021 954 ia
2042 890 2220 974 morbae,
2246 891 2381 957 soiberto

294 994 302 1005 ·
382 999 462 1062 ergo
490 976 552 1043 eibi
580 976 654 1042 vult
680 975 767 1060 quod
796 985 894 1058 negat
922 975 976 1038 hio
1000 975 1089 1040 Deus
1118 974 1226 1058 legem
1255 975 1356 1041 inisse
1407 975 1443 1040 ia
1468 975 1622 1044 cordibus
1673 974 1847 1041 Caeterum
1881 975 1958 1039 hino
1990 974 2174 1059 oolligimus
2203 995 2301 1058 quarn
2329 980 2380 1041 in·

381 1063 417 1128 in
444 1060 595 1130 cordibus
623 1063 778 1145 seriptum
801 1059 1024 1126 antechristi
1047 1059 1246 1125 adventum?
1290 1061 1355 1125 Re·
1407 1059 1489 1125 sulsi
1527 1061 1593 1126 sint
1630 1062 1777 1144 popistae
1816 1061 1849 1125 in
1890 1068 2075 1126 nommanto
2116 1061 2210 1128 liberi
2243 1059 2379 1129 arbitrii.

382 1145 1356 1318 112111111111111111113111ιὲ1131
1406 1145 1570 1296 lttlt
1600 1146 1748 1297 dliii
1764 1145 2285 1316 ,tllmttttt‘dlt‘tt
2303 1167 2380 1298 tt

382 1320 483 1384 luisse
504 1318 599 1402 quasi
628 1281 871 1385 translatitidm.
916 1316 991 1382 Non
1015 1317 1115 1399 igitur
1136 1316 1300 1383 residebat
1321 1317 1355 1381 in
1406 1317 1528 1381 aedunt
1557 1316 1680 1400 aliquid
1708 1317 1830 1382 auxilio
1858 1317 1984 1400 gratiae
2013 1323 2048 1382 et
2073 1318 2223 1400 spiritus:
2255 1320 2381 1383 interea

381 1404 454 1489 lege
486 1404 567 1469 haeo
596 1404 714 1481 virtus,
748 1415 785 1469 ut
813 1403 940 1468 animos
968 1411 1171 1483 penetraret,
1204 1401 1261 1467 sed
1293 1402 1355 1467 tuit
1406 1420 1474 1466 nun
1508 1411 1636 1467 tantum
1670 1404 1801 1486 fingunt
1832 1403 1996 1485 oooperari
2029 1402 2166 1468 liberum
2195 1401 2379 1482 arbitrium,

383 1490 620 1555 translatitium
650 1489 772 1554 bonum
794 1488 834 1553 ab
856 1487 1026 1571 evangelio
1048 1487 1089 1552 ad
1111 1487 1217 1570 ipsam
1239 1487 1354 1571 legem.
1406 1488 1464 1552 sed
1486 1488 1677 1569 praeeipuas
1700 1497 1808 1571 partes
1830 1487 1861 1552 ei
1882 1487 2041 1552 tribuunt.
2079 1486 2247 1570 Propheta
2269 1501 2379 1555 antem

381 1573 456 1640 Heu
486 1595 588 1640 unum
618 1585 677 1652 est,
707 1572 823 1640 deinde
850 1573 971 1638 seimus
997 1592 1105 1638 raram
1129 1581 1161 1636 et
1183 1572 1355 1639 obeonram
1406 1571 1460 1635 hio
1488 1582 1627 1638 testatur
1656 1573 1718 1638 hoo
1747 1593 1818 1638 esse
1840 1573 2007 1657 proprium
2028 1591 2112 1656 opus
2134 1572 2207 1650 Dei,
2238 1576 2380 1641 seribere

381 1659 481 1725 inisse
510 1660 650 1743 gratiam
676 1657 740 1724 Dei
769 1656 830 1723 sub
859 1656 947 1740 lege:
980 1657 1016 1722 in
1046 1658 1216 1742 evangelio
1244 1667 1354 1723 autem
1405 1656 1511 1740 legem
1543 1678 1636 1724 suam
1669 1658 1703 1722 in
1737 1656 1886 1724 eordibus
1921 1658 2049 1724 nostris.
2099 1657 2196 1739 Quod
2226 1659 2254 1722 si
2286 1660 2380 1725 Deua

372 1744 486 1810 effusa
504 1744 604 1810 tuisse
622 1743 708 1808 dona
725 1743 869 1826 spiritus,
892 1753 924 1806 et
941 1741 1049 1809 Deum
1068 1744 1172 1807 multo
1188 1743 1354 1809 liberalius
1406 1744 1522 1808 merito
1553 1741 1614 1808 hoo
1647 1743 1838 1810 benefioium
1872 1763 1943 1809 esse
1970 1763 2068 1808 suum
2101 1745 2312 1826 pronuntiat,
2345 1755 2381 1809 et

382 1831 488 1914 egisse
510 1848 582 1895 oum
607 1829 744 1896 eoelesia
764 1847 833 1894 sua.
868 1826 935 1894 Sed
959 1839 1067 1894 tamen
1090 1829 1170 1892 illud
1193 1839 1243 1893 est
1260 1849 1354 1912 prae·
1407 1828 1558 1894 vendioat
1590 1827 1650 1894 sibi
1684 1829 1755 1895 eius
1787 1828 1933 1907 landem,
1972 1837 2095 1910 quanta
2127 1838 2177 1893 est
2208 1829 2380 1894 homiuum

381 1915 524 1998 oipnum,
548 1935 665 1997 nempe
687 1923 838 1997 reputare
861 1914 939 1996 quid
962 1914 1015 1979 lex
1039 1933 1098 1998 per
1119 1935 1154 1979 so
1175 1914 1298 1992 afferat,
1321 1923 1355 1978 et
1406 1914 1593 1996 arrogantia
1617 1913 1658 1978 ed
1688 1933 1723 1979 se
1752 1913 1832 1979 illud
1861 1913 1947 1978 idem
1974 1913 2113 1992 trahere,
2140 1915 2324 1981 aiamim
2344 1917 2380 1979 iu

381 2000 458 2084 quid
481 2002 653 2085 proprium
674 2001 718 2065 sit
738 1999 916 2083 evangelii:
938 2000 1129 2081 praesertim
1148 2001 1201 2066 ubi
1217 2001 1255 2066 fit
1270 2019 1355 2065 eum·
1405 1999 1550 2065 cordibus
1576 1999 1769 2065 tantundem
1799 1999 1890 2063 valet
1916 2008 2014 2081 atque
2035 1997 2133 2064 eorda
2154 1999 2223 2081 ipsa
2244 2000 2292 2064 sio
2314 1999 2380 2065 ior·
2510 2043 2511 2054 ι

380 2088 508 2169 paratio
540 2084 704 2168 evangelii
731 2097 764 2150 et
793 2083 884 2170 legis.
935 2083 1020 2150 Nam
1050 2085 1105 2150 ubi
1133 2096 1239 2151 cessat
1267 2105 1353 2151 oom-
1405 2104 1504 2162 mare,
1535 2093 1572 2149 ut
1597 2084 1649 2148 lex
1673 2085 1740 2150 illio
1762 2083 1958 2164 dominetur,
1988 2093 2021 2148 et
2042 2083 2154 2149 nullus
2176 2085 2219 2148 sit
2240 2085 2380 2151 aileetus

381 2172 508 2253 paratio
536 2170 602 2248 illa,
632 2170 695 2236 hoe
723 2190 786 2235 nou
816 2181 925 2253 posset
952 2171 1083 2253 proprie
1112 2183 1296 2254 oompetere
1317 2171 1352 2234 in
1405 2169 1527 2249 nordio,
1567 2170 1623 2253 qui
1657 2189 1722 2236 non
1756 2171 1838 2236 eius'
1861 2170 2027 2235 doetrinae
2059 2168 2242 2235 subsoribat
2278 2177 2379 2252 atque
2510 2207 2511 2232 t

380 2255 498 2340 legem,
520 2255 578 2322 sed
601 2267 748 2339 respeotu
770 2255 933 2340 evangelii
956 2253 1018 2321 hoo
1042 2256 1169 2332 dieitur,
1192 2254 1276 2339 qnod
1299 2256 1353 2321 lex
1405 2255 1596 2320 eonsentiat.
1640 2255 1729 2322 Hine
1757 2255 1860 2340 igitur
1888 2254 1969 2321 sutis
1991 2253 2078 2321 olere
2099 2268 2242 2338 apparet,
2272 2256 2379 2320 nemi-

381 2341 427 2406 sit
448 2340 596 2420 literalis,
619 2340 716 2408 aienti
739 2339 817 2405 alibi
839 2353 983 2420 voeatnr,
1005 2341 1138 2408 ethaeo
1156 2341 1251 2405 etiam
1271 2344 1353 2406 ratio
1405 2361 1481 2405 nem
1504 2361 1597 2423 posse
1614 2341 1701 2406 fleoti
1716 2339 1757 2406 ad
1772 2341 1853 2424 legis
1868 2338 2070 2422 obsequium,
2093 2339 2195 2406 donee
2208 2341 2379 2424 regenitus

381 2436 432 2492 est
454 2447 512 2492 our
534 2426 658 2492 Paulus
681 2437 774 2491 vooet
795 2426 923 2491 literam
946 2427 980 2490 in
1004 2425 1034 2491 3.
1058 2445 1128 2510 unp.
1150 2424 1195 2511 (v.
1213 2426 1246 2513 6)
1269 2427 1290 2492 2
1311 2428 1352 2493 ad
1405 2426 1503 2490 inerit
1524 2425 1588 2492 Dei
1618 2427 1753 2510 spiritu:
1782 2428 1848 2491 imo
1871 2425 1998 2490 nullum
2021 2445 2092 2490 esse
2114 2433 2237 2490 motum
2260 2426 2295 2489 in
2320 2425 2378 2491 ho-

381 2510 456 2576 (lor.
507 2510 609 2589 Dicit,
643 2510 757 2576 Litora
784 2511 913 2587 oooidit,
942 2511 1101 2596 intelligit
1127 2532 1186 2594 per
1214 2513 1352 2588 literam,
1404 2511 1491 2575 mine
1512 2510 1553 2575 ad
1576 2520 1664 2577 reete
1686 2510 1860 2595 agendum,
1883 2510 1946 2576 nisi
1966 2510 2057 2576 Deus
2078 2531 2135 2576 eor
2155 2510 2263 2593 ipsum
2284 2530 2377 2594 prae

381 2617 448 2662 non
484 2597 581 2664 aienti
613 2595 775 2680 Origenes
808 2594 976 2674 deliravit,
1014 2608 1047 2660 et
1079 2597 1221 2679 eorrupit
1253 2599 1351 2663 etiam
1403 2596 1515 2664 veniat
1536 2618 1595 2662 sua
1616 2596 1738 2679 gratia:
1763 2595 1902 2679 danique
1924 2594 2086 2660 literalem
2109 2595 2291 2661 doetrinam
2307 2595 2377 2662 foro

381 2681 488 2748 looum
511 2682 606 2746 illum
628 2680 722 2746 sionti
745 2689 846 2745 totam
870 2681 1049 2746 doetrinam
1067 2681 1262 2764 seripturae:
1285 2703 1351 2748 non
1404 2701 1535 2764 semper
1563 2693 1736 2758 mortuam,
1765 2683 1828 2747 nisi
1856 2701 1928 2747 eum
1952 2682 2043 2747 Deus
2071 2681 2185 2764 spiritu
2207 2701 2267 2746 suo
2290 2681 2377 2746 vivi·

380 2766 537 2850 intelligit
558 2765 680 2832 Paulus
708 2764 776 2830 illio
805 2765 986 2848 simplicem
1018 2775 1050 2831 et
1078 2768 1256 2850 genuinum
1278 2787 1351 2832 sen-
1403 2767 1487 2831 fioet.
1538 2766 1656 2842 Addit,
1685 2766 1729 2831 El
1755 2786 1807 2831 ero
1837 2767 1904 2832 illie
1932 2767 1967 2831 in
1996 2764 2111 2849 Deum,
2140 2765 2259 2847 stipsi
2286 2770 2378 2831 eost

381 2871 453 2918 sum
476 2852 567 2936 legis,
590 2851 647 2917 sed
669 2858 765 2916 voout
787 2849 914 2916 literam
937 2851 1002 2917 elia
1023 2853 1159 2929 ratione,
1183 2853 1259 2935 quia
1281 2861 1352 2916 tan·
1403 2851 1481 2916 mila
1509 2853 1544 2916 iu
1566 2853 1730 2934 poputum.
1780 2850 1990 2917 Generaliter
2023 2850 2076 2918 hio
2107 2851 2197 2916 Deus
2225 2871 2375 2934 eompre-

380 2946 451 3003 tum
473 2936 679 3022 proposuerit
700 2935 868 3001 hominnm
892 2937 993 3002 oeulis
1015 2936 1092 3021 quid
1114 2941 1241 3002 motum
1256 2947 1351 3019 esset,
1404 2936 1518 3001 hendit
1545 2957 1708 3003 summam
1737 2937 1874 3002 foederis
1900 2937 1960 3002 sui.
2006 2935 2171 3016 Quorsum
2193 2937 2284 3001 enim
2308 2949 2378 3003 ten·

381 3022 498 3088 deinde
537 3024 636 3088 etiam
673 3042 769 3088 aures
800 3024 888 3105 ipsae
922 3022 1078 3088 doouerit.
1131 3019 1198 3088 Sed
1231 3043 1351 3088 nomen
1404 3021 1501 3087 debat
1527 3020 1584 3087 lex
1611 3023 1675 3088 nisi
1699 3030 1734 3088 ut
1756 3022 1894 3106 populns
1916 3023 2024 3104 ipsum
2045 3021 2221 3101 insonaret,
2253 3022 2379 3106 etipse

381 3108 495 3174 literae
522 3110 663 3174 refertur
683 3106 724 3171 ad
746 3108 916 3190 seriptum:
948 3111 1039 3190 quasi
1063 3107 1191 3188 diaeret,
1220 3107 1351 3191 Suripta
1403 3107 1546 3172 vioissim
1575 3128 1686 3173 euram
1716 3117 1846 3191 gereret
1873 3106 1984 3190 populi
2009 3105 2083 3172 sui?
2128 3105 2266 3186 Quoties
2287 3109 2379 3173 enim

380 3193 444 3258 luit
476 3193 529 3258 lex
556 3195 590 3257 in
624 3190 794 3274 lapidibus.
846 3193 926 3258 Fuit
953 3193 1055 3276 igitur
1084 3193 1187 3258 litera.
1238 3193 1349 3259 Evan-
1403 3193 1594 3275 pronuntiat
1627 3194 1719 3260 Deus
1751 3213 1786 3257 se
1820 3191 1914 3257 nobis
1946 3191 2016 3258 iore
2049 3193 2083 3256 in
2116 3192 2240 3271 Deum,
2277 3193 2379 3259 simul

382 3277 504 3360 gelium
526 3285 635 3343 antem
658 3275 755 3359 quid?
778 3281 829 3342 est
850 3278 996 3360 spiritus,
1019 3279 1080 3344 huo
1095 3288 1152 3358 est,
1174 3276 1266 3344 Deus
1282 3298 1348 3342 non
1402 3279 1497 3344 offert
1519 3287 1691 3361 paternum
1713 3298 1811 3345 suum
1833 3278 1988 3358 savorem,
2018 3283 2051 3342 et
2073 3277 2217 3343 deelarat
2237 3277 2380 3344 salutem

381 3371 509 3429 tantum
538 3363 648 3446 dirigit
677 3382 859 3427 sermonem
888 3363 929 3427 ad
957 3383 1068 3442 aures,
1097 3374 1130 3428 et
1157 3363 1265 3429 oeulos
1292 3363 1349 3429 ho·
1402 3372 1546 3430 nostram
1575 3360 1636 3428 sibi
1663 3362 1731 3429 fore
1752 3383 1865 3429 ourae:
1895 3363 1951 3428 dat
1973 3363 2066 3428 nobis
2088 3361 2226 3428 liberum
2248 3361 2380 3430 aditum

381 3449 506 3514 minum
534 3448 571 3514 in
600 3447 780 3530 evangelio,
810 3448 867 3514 sed
895 3448 987 3513 intus
1016 3449 1112 3513 etiam
1140 3445 1231 3512 dooet
1252 3449 1350 3515 eorda
1401 3447 1442 3513 ad
1480 3469 1609 3532 preoes,
1649 3449 1742 3514 iubet
1773 3469 1834 3514 nos
1859 3448 2060 3514 .reoumbere
2092 3449 2126 3512 in
2160 3467 2219 3512 sua
2250 3450 2378 3533 gratia:

380 3533 453 3616 ipsa
474 3543 508 3599 et
528 3542 662 3598 mentes.
696 3531 787 3598 Haeo
809 3534 908 3616 igitur
930 3533 1046 3599 solutio
1068 3541 1118 3600 est
1139 3533 1349 3617 quaestionis,
1400 3534 1540 3617 denique
1579 3535 1661 3600 haeo
1701 3533 1871 3617 promissio
1911 3532 1972 3599 sub
2011 3553 2046 3598 se
2085 3534 2232 3600 eontinet
2263 3552 2380 3600 omnes

379 3617 572 3702 prophetam
599 3618 757 3685 disserere
780 3619 820 3684 de
843 3618 924 3703 legis
947 3627 1073 3699 natura,
1103 3619 1156 3684 ubi
1179 3627 1351 3701 separatur
1401 3627 1510 3704 partes
1550 3619 1665 3685 salutis
1705 3628 1847 3685 nostrae.
1903 3618 1974 3683 Iam
2013 3616 2109 3685 hodie
2147 3617 2235 3684 idem
2275 3620 2381 3684 etiam

381 3703 422 3768 ab
451 3703 631 3787 evangelio,
661 3703 737 3786 quia
762 3703 818 3769 lex
848 3714 926 3769 tuno
955 3713 1085 3770 mortua
1111 3708 1170 3782 est,
1200 3715 1233 3768 et
1261 3709 1350 3770 earet
1401 3709 1527 3787 speetat
1558 3704 1594 3768 in
1625 3704 1804 3788 evangelio.
1853 3702 1941 3783 Quia
1970 3704 2058 3768 euim
2089 3703 2187 3770 alieni
2216 3723 2333 3769 sumus
2361 3723 2381 3768 a

380 3789 638 3873 regenerationis
663 3789 789 3870 spiritu.
840 3789 930 3854 Dioit
957 3800 1077 3871 postea,
1105 3787 1231 3854 Porum
1256 3790 1351 3874 legera
1401 3809 1503 3874 regno
1524 3788 1696 3869 eoelorum,
1720 3810 1791 3854 sese
1814 3789 1908 3855 nobis
1929 3786 1995 3854 illio
2012 3789 2216 3855 reoouoiliat:
2246 3801 2280 3854 et
2302 3789 2380 3854 ideo

379 3895 481 3940 mam
510 3874 547 3940 1ιι
578 3873 746 3940 meritus
778 3893 893 3941 rmum.
945 3877 1126 3940 Confirmat
1159 3874 1211 3940 his
1240 3874 1351 3940 verbis
1402 3880 1541 3941 testatur
1570 3895 1606 3941 se
1634 3875 1728 3940 nobis
1755 3875 1823 3940 iore
1849 3875 1884 3938 in
1905 3873 2024 3938 Deum
2069 3874 2153 3940 Inde
2175 3874 2298 3958 pendet
2320 3895 2381 3958 po-

379 3959 465 4042 quod
504 3959 662 4037 diximus,
702 3979 819 4041 nempe
856 3960 1036 4025 novitatem
1073 3960 1163 4026 onius
1199 3961 1351 4026 meminit
1401 3961 1519 4027 sterius
1548 3959 1631 4044 quod
1659 3958 1745 4038 dieit,
1775 3958 1881 4024 Brutti
1901 3957 1980 4024 mibi
2002 3960 2036 4024 iu
2053 3960 2216 4041 matum.
2260 3958 2382 4044 Neque

380 4054 476 4110 autea
497 4065 564 4110 non
588 4045 622 4108 in
645 4043 827 4109 substantia
849 4065 919 4110 esse
941 4046 1089 4127 positam,
1112 4046 1167 4110 sed
1192 4045 1350 4110 informa
1402 4047 1489 4111 enim
1518 4044 1660 4111 alterum
1689 4056 1793 4128 potest
1825 4045 1865 4110 ab
1887 4044 1990 4110 altero
2012 4046 2165 4126 separari.
2209 4044 2302 4129 Ergo
2326 4045 2383 4110 his

380 4130 548 4195 duntaxat.
581 4129 694 4211 Neque
713 4130 801 4193 enim
825 4130 904 4195 diuit
925 4129 978 4195 hie
1001 4129 1100 4207 Deus,
1124 4130 1227 4214 legem
1252 4130 1349 4196 aliam
1401 4131 1511 4197 verbis
1550 4131 1693 4197 breviter
1732 4130 1897 4215 signifieat
1936 4129 2096 4213 propheta
2135 4130 2200 4196 huo
2243 4129 2383 4195 tendere

379 4215 479 4281 dabo:
513 4213 580 4280 Sed
613 4212 748 4279 scribom
780 4211 876 4298 legen
906 4233 1023 4280 meam:
1055 4234 1171 4297 nempe
1201 4215 1348 4296 eandem,
1401 4236 1564 4281 summam
1594 4214 1735 4281 foederis
1761 4216 1841 4298 Dei,
1875 4224 1912 4279 ut
1940 4217 1982 4280 sit
2003 4215 2098 4280 nobis
2126 4224 2229 4299 pater,
2262 4235 2284 4279 a
2312 4235 2383 4298 quo

379 4320 463 4382 quae
492 4300 614 4366 tradita
643 4299 721 4400 olim
751 4299 859 4366 fuerat
885 4301 1042 4383 patribus.
1085 4299 1176 4365 Nihil
1200 4321 1279 4385 ergo
1302 4301 1350 4366 di·
1401 4301 1537 4400 salutem
1555 4311 1716 4398 'petamus
1744 4309 1777 4366 et
1806 4311 2046 4400 exapestemus:
2078 4304 2112 4366 et
2142 4320 2202 4365 nos
2232 4301 2383 4398 vioisaim

378 4405 511 4537 titt
544 4383 1055 4553 tttttttltldlt‘ltt
1076 4386 1349 4536 titulati
1401 4406 1516 4535 :tlt
1534 4405 1603 4535 ‘tt
1629 4385 2384 4554 tiltltt‘tiltltlt'lttillidi?

379 4570 490 4622 autem
513 4555 595 4620 duas
616 4553 833 4637 loquutionee,
867 4556 954 4637 Quod
976 4557 1069 4639 legem
1089 4575 1182 4621 auom
1198 4561 1294 4638 portet
1315 4558 1349 4622 iu
1400 4555 1560 4639 stringam
1573 4576 1655 4639 quae
1674 4555 1773 4640 digna
1789 4565 1866 4622 sunt
1882 4556 1997 4622 maiori
2013 4555 2239 4641 explieatione.
2261 4555 2382 4636 Addit,

378 4640 557 4724 visentur,
588 4644 615 4705 et
642 4639 751 4705 sedbel
776 4640 812 4705 iu
832 4641 983 4719 cordibus,
1013 4641 1087 4724 qnia
1109 4641 1230 4707 seimus
1251 4662 1349 4723 quam

379 4727 510 4794 diffieile
542 4727 586 4792 sit
619 4725 784 4790 hominem
818 4726 866 4791 sie
898 4727 1031 4792 formari
1062 4726 1097 4790 in
1130 4725 1346 4792 obedientiam
1485 4725 1538 4791 34.
1561 4724 1606 4791 Et
1626 4743 1690 4790 ιιοιι
1710 4725 1825 4792 meabit
1844 4725 1981 4807 amplius
2001 4727 2052 4792 etr
2074 4724 2121 4812 (id
2144 4734 2203 4807 est,
2225 4725 2382 4812 quisque)

377 4813 538 4891 iustitiae,
577 4819 615 4876 ut
646 4811 826 4875 eonsentiat
858 4811 928 4876 eius
962 4813 1031 4878 vita
1060 4832 1134 4878 oum
1168 4811 1241 4896 lege
1274 4813 1347 4878 Dei.
1394 4812 1580 4896 proximum
1607 4829 1710 4892 amm,
1738 4815 1766 4876 et
1794 4812 1924 4894 quisque
1948 4811 2081 4893 fratrem
2101 4831 2204 4891 mum,
2234 4811 2382 4892 deamo,

379 4896 504 4963 Omnes
526 4897 612 4961 enim
631 4896 767 4961 adeatur
783 4897 891 4962 earnis
906 4897 1042 4962 totidem
1055 4904 1131 4961 sunt
1145 4896 1347 4974 inimioitiue,
1400 4897 1576 4981 Oopuoseite
1608 4896 1772 4962 lebbeum:
1812 4897 1887 4978 quio
1927 4915 2031 4963 omues
2069 4901 2243 4982 manorum
2273 4916 2325 4962 me
2359 4919 2382 4962 u

379 4980 654 5067 quemadmodum
678 4979 757 5046 dioit
779 4979 902 5047 Paulus
924 4983 954 5060 8,
978 4982 1018 5048 ad
1040 4981 1135 5048 Rom.
1158 5003 1226 5066 oap.
1251 4980 1294 5067 (v.
1315 4981 1347 5068 l)
1392 5003 1496 5065 paruo
1531 4983 1689 5066 ipsorum,
1724 4986 1753 5048 et
1784 4981 1857 5133 seed
1891 4980 2038 5047 abundat
2068 4983 2196 5065 oopula)
2233 4981 2277 5048 ud
2308 5001 2381 5048 mu-

378 5082 462 5151 quae
484 5075 636 5151 pugnant
656 5087 728 5132 oum
744 5065 827 5131 Deo.
862 5066 974 5147 Quum
990 5069 1090 5151 igitur
1104 5088 1217 5134 omnes
1232 5089 1347 5134 sensus
1395 5088 1492 5153 patrm
1512 5068 1663 5151 ipsorum,
1686 5069 1763 5135 dicit
1805 5066 1938 5135 morab:
1966 5067 2045 5150 quta
2065 5068 2220 5152 moseum
2235 5069 2383 5148 pauentis

377 5154 482 5218 nostri
513 5153 559 5217 ita
589 5152 711 5218 bellum
740 5159 856 5234 gerant
888 5173 963 5218 oum
992 5154 1074 5230 Deo,
1109 5165 1159 5218 est
1188 5153 1346 5236 quaedam
1397 5156 1539 5238 ipsorum
1569 5158 1597 5219 et
1624 5155 1826 5236 iniquitatum
1853 5153 1994 5237 ι’ριοιιιιιι
2019 5173 2081 5219 ooo
2103 5152 2287 5220 recordabor
2309 5173 2383 5218 uer·

375 5236 492 5303 mnndi
515 5239 692 5316 renovatio,
714 5234 770 5302 ubi
789 5237 938 5303 homines
956 5239 1125 5320 patiuntur
1139 5259 1174 5306 se
1189 5237 1347 5305 divinitus
1394 5225 1492 5389 filius.
1527 5236 1606 5338 (Sed
1630 5258 1697 5304 non
1715 5259 1843 5324 possem
1860 5239 1993 5322 longius
2010 5258 2162 5324 pergere:
2183 5239 2259 5322 qnia
2276 5249 2382 5304 sonat

376 5323 457 5409 regi.
500 5323 546 5388 lit
564 5322 685 5390 suimus
707 5321 786 5403 quid
808 5322 895 5389 dieat
916 5325 1084 5406 seriptura,
1111 5343 1175 5390 non
1196 5326 1264 5391 lore
1286 5343 1347 5389 nos
1421 5323 1625 5409 orologium.)
