5038 6118
192 400 238 466 33
921 393 970 458 IN
992 392 1242 462 maumam.
1286 392 1383 462 cAP.
1405 393 1466 461 IX„
2151 406 2197 473 34

282 583 457 652 Conoludit
483 603 571 649 nuno
599 581 755 648 Ieremias
784 582 819 646 in
841 580 907 646 Dei
933 602 1083 664 persona,
1114 603 1169 648 ne-
1192 588 1197 616 ¹
1217 581 1322 662 fidum
1337 583 1450 666 pepedi
1471 583 1541 648 sui:
1562 583 1656 666 quasi
1677 581 1809 664 dioeret,
1832 585 1906 671 ligo
1930 606 1989 656 vos
2008 589 2094 676 elegi
2112 593 2193 660 mihi

190 672 368 739 oessariam
382 689 454 734 ease
469 667 724 752 omtigationom
740 666 780 732 de
795 687 860 749 qua
874 667 1031 750 loquutus
1046 668 1166 734 fuerat:
1219 669 1253 734 in
1283 677 1415 752 gentem
1445 669 1651 751 peonliarem,
1681 678 1714 736 et
1743 673 1873 756 suaoepi
1901 673 1937 740 in
1965 674 2063 742 fidem
2085 697 2193 746 meam

190 760 240 824 Et
261 777 303 822 ex
325 756 386 822 boo
407 775 507 820 versu
529 753 649 820 elarius
670 753 867 836 perspioitur
889 751 975 836 quod
993 763 1070 818 ante
1088 753 1169 834 dixi,
1218 759 1252 820 et
1274 752 1489 836 praesidium:
1519 775 1621 838 quum
1651 755 1723 822 sitis
1747 758 1981 838 intraotabiles,
2010 762 2089 845 quid
2111 764 2193 830 milri

191 863 312 926 nempe
339 842 413 906 ideo
441 841 588 926 proferre
613 840 648 904 in
675 839 781 904 luoem
811 859 924 904 eorum
954 839 1100 916 erimina,
1132 851 1168 904 ut
1218 848 1329 925 restat,
1356 840 1420 906 nisi
1442 848 1477 905 ut
1499 861 1558 908 vos
1580 841 1775 924 examinem,
1805 841 1934 926 quando
1957 851 2025 914 tam
2047 848 2192 932 improbe

190 932 299 996 selant
320 949 355 995 se
378 948 442 992 non
465 946 558 1008 posse
580 925 724 1007 effugere
741 944 875 990 manum
895 925 966 1002 Dei,
988 925 1044 1008 qui
1062 926 1168 990 iustus
1218 945 1344 994 meeum
1368 925 1486 1010 agitis?
1532 925 1699 1011 Sequitur,

190 1027 243 1081 eet
265 1013 386 1080 vindex
409 1013 586 1078 seelerum:
616 1009 770 1092 quoniam
793 1009 834 1074 ad
857 1018 1041 1076 extremum
1065 1030 1167 1092 usqua

189 1122 254 1166 sua
284 1100 465 1184 petulantia
498 1107 531 1162 et
559 1096 776 1196 obstinatique
804 1117 879 1160 eum
908 1097 1165 1177 provooaverint.
1429 1150 1435 1162 ,
1736 1149 1744 1164 ,
1984 1170 1992 1186 ⁶
2055 1153 2075 1168 ..
2166 1155 2173 1170 Ι

190 1185 392 1252 Eaumiaobo
420 1185 430 1248 i
457 1185 522 1248 'tur
550 1203 599 1249 eos
635 1203 671 1247 1n
695 1189 744 1246 mt
782 1180 834 1246 vel
864 1181 1011 1248 oonflabo
1049 1185 1078 1248 et
1136 1201 1166 1246 o·
1303 1147 1332 1214 8·
1356 1145 1479 1249 Qua
1499 1152 1597 1214 Μία
1618 1147 1669 1234 (Ut
1691 1148 1822 1250 ‘iffidssm
1842 1160 1992 1217 Wilffli·
2021 1153 2190 1233 ³11120001·

188 1272 268 1338 babo
301 1291 361 1338 eoa.
413 1205 575 1350 dioniam
601 1201 711 1333 'fallaqoi
743 1229 849 1334 dolore
877 1288 913 1332 sa
944 1203 1165 1346 venditabb'rrtt,
1218 1233 1311 1319 ⁶⁰⁰⁸)
1344 1234 1454 1318 hm
1486 1253 1606 1314 mma
1640 1235 1833 1302 mmmm
1866 1237 2021 1321 mitur?
2056 1259 2091 1306 0⁸
2123 1242 2192 1308 titt

188 1359 265 1424 ideo
297 1357 377 1424 dioit
408 1376 489 1438 opus
521 1375 592 1420 esse
624 1353 791 1418 examine:
832 1351 1106 1434 quemadmodum
1137 1355 1166 1418 si
1213 1337 1323 1402 mm
1351 1319 1394 1385 “d
1419 1321 1604 1402 mimum
1631 1319 1778 1404 bimur·
1809 1328 1836 1388 θ’
1862 1323 1897 1387 ‘⁸¹²
1918 1324 2018 1390 m⁶d⁵⁰
2038 1326 2091 1391 Μ
2116 1323 2192 1410 (ὴοῦ

188 1445 264 1528 quis
287 1442 506 1509 aurinhaloum
536 1439 588 1505 val
618 1437 786 1504 metallum
814 1437 902 1504 aliud
932 1449 1076 1506 ostentet
1104 1461 1164 1523 pro
1217 1413 1276 1504 ω’
1299 1405 1387 1470 imm
1408 1406 1533 1472 Vi⁸⁰⁰¹³
1554 1426 1623 1486 ⁸¹¹⁸·
1646 1406 1750 1492 ἱιιιιιε)
1771 1413 1861 1490 ΡΜ
1881 1409 2029 1475 insidia&

188 1550 283 1610 auro,
311 1528 461 1594 examine
490 1526 602 1591 habito
632 1523 835 1590 refutabitur.
886 1524 1014 1590 Poterit
1043 1523 1164 1608 alioqui

109 1623 111 1628 ’
186 1617 349 1699 impostor
380 1611 515 1696 quilibet
548 1611 687 1676 seoriam
720 1609 891 1676 venditare
922 1630 981 1692 pro
1011 1623 1164 1694 argento:
1301 1611 1426 1676 Iterum
1455 1610 1614 1693 propheta
1644 1611 1684 1676 de
1713 1611 1881 1679 fraudibus
1902 1613 2091 1700 linguarum
2111 1638 2189 1684 oon·

187 1703 346 1784 probetur
378 1698 545 1764 metallum
579 1694 662 1762 illud
695 1694 932 1774 adulterinum,
966 1696 1051 1779 quod
1084 1717 1163 1780 sup-
1215 1697 1372 1778 queritur.
1423 1693 1601 1778 Oompsrat
1629 1706 1738 1762 autem
1767 1718 1822 1764 aas
1852 1699 1982 1784 sagittis
2012 1702 2190 1770 mortiferis

186 1788 324 1869 ponitur
350 1787 384 1850 in
413 1784 521 1850 looum
543 1783 615 1848 auri
636 1792 669 1846 et
691 1781 828 1866 argenti,
856 1801 894 1848 ao
915 1781 1107 1848 ooniioiatur
1127 1785 1163 1848 in
1214 1781 1267 1848 vel
1289 1781 1471 1864 protraotis.
1511 1783 1641 1847 Aurum
1663 1779 1782 1848 dieitur
1804 1792 2016 1866 protraotum,
2038 1785 2116 1853 dum
2138 1797 2189 1856 est

186 1875 301 1956 ignem
323 1885 356 1935 et
377 1871 545 1936 oonlletur.
578 1867 745 1948 Quoniam
765 1887 843 1950 ergo
865 1868 1026 1950 putabant
1048 1868 1161 1934 Iudaei
1213 1870 1319 1952 magis
1340 1867 1458 1934 subtile
1479 1865 1653 1950 multiplioi
1674 1867 1886 1951 purgatione:
1917 1871 1966 1936 ita
1988 1872 2086 1938 etiam
2110 1873 2188 1939 dum

186 1979 225 2024 se
248 1959 367 2023 babere
397 1956 550 2021 honestos
571 1961 772 2037 praetextus,
800 1953 919 2036 quibua
941 1973 1033 2018 auam
1057 1955 1160 2036 turpi·
1213 1953 1253 2019 ad
1276 1961 1383 2019 ootem
1398 1963 1560 2019 aounntur
1576 1953 1724 2036 sagittae,
1747 1954 1852 2039 magis
1867 1967 1945 2022 sunt
1961 1955 2187 2040 penetrabiles.

186 2042 336 2108 tudinem
359 2043 556 2124 obtegerent,
587 2039 658 2104 ideo
684 2037 859 2122 respondet
881 2039 971 2104 Dans
993 2059 1028 2104 so
1051 2048 1160 2106 mmor:
1212 2040 1303 2123 Ergo
1342 2037 1420 2106 dioit
1459 2037 1619 2121 propheta
1650 2037 1780 2124 linguae
1813 2061 1927 2107 eorum
1961 2063 2031 2108 ease
2065 2043 2188 2112 similes

184 2128 309 2194 habere
338 2129 497 2193 rationem
527 2145 590 2208 qua
619 2125 763 2207 ipsorum
793 2122 964 2190 fraudibus
995 2137 1157 2191 ooourrat:
1211 2126 1340 2209 sagittis
1362 2125 1414 2190 vei
1435 2123 1622 2202 mortiferis,
1646 2125 1700 2190 vel
1722 2124 1836 2194 acutia.
1874 2126 2008 2207 Quare?
2032 2131 2188 2211 quoniam

182 2216 279 2298 qnasi
310 2213 445 2295 dioerst,
473 2212 626 2288 Aurifex,
658 2210 711 2275 vel
740 2208 918 2288 aurifaber,
947 2211 975 2276 si
1005 2211 1078 2293 quis
1100 2233 1158 2294 pro
1210 2211 1336 2278 soilioet
1357 2230 1485 2294 semper
1507 2211 1682 2292 loquantur
1704 2209 1830 2278 dolum:
1854 2211 1907 2278 vel
1931 2212 2017 2296 quod
2038 2213 2092 2282 alii
2110 2214 2187 2284 aliia

184 2310 324 2451 argento
343 2300 480 2365 seoriam
498 2296 665 2382 prodeest,
684 2295 737 2361 val
754 2295 975 2362 auriebaloum
994 2317 1053 2379 pro
1069 2317 1159 2380 auro,
1209 2297 1402 2373 obtreotent,
1431 2295 1483 2362 vel
1513 2294 1598 2379 quod
1624 2293 1680 2361 alii
1702 2296 1781 2362 alios
1804 2297 2073 2366 oiroumveniant.
2117 2299 2186 2368 Sed

183 2387 231 2451 ha
253 2395 286 2451 et
306 2387 482 2466 lernaeam,
506 2383 685 2448 examinat:
708 2401 760 2464 epo
781 2381 884 2464 igitur
904 2401 958 2446 eos
973 2381 1160 2464 proboboet
1209 2381 1372 2466 generalis
1394 2391 1444 2447 eat
1465 2381 1626 2465 loquutio:
1650 2389 1683 2446 et
1703 2401 1770 2446 non
1793 2382 1906 2450 dubito
1928 2385 2007 2467 quin
2025 2385 2185 2469 propheta
2280 2395 2284 2404 '

180 2471 335 2553 martiolo,
377 2470 531 2552 quoniam
573 2469 694 2550 putatia
734 2466 814 2532 mihi
853 2486 948 2549 posse
980 2469 1158 2552 perstringi
1209 2466 1484 2552 eomprehendam
1512 2466 1593 2534 velit
1620 2486 1732 2532 omnes
1761 2466 1895 2534 fallendi
1925 2470 2047 2536 modos.
2097 2471 2184 2539 Nam

182 2557 295 2624 oeulos
316 2556 406 2622 talaia
428 2554 602 2621 coloribus:
634 2554 703 2628 boo,
727 2552 842 2636 inquit,
865 2552 947 2618 nibil
971 2552 1061 2620 vobis
1083 2575 1157 2636 pro·
1210 2563 1322 2636 postea
1344 2553 1506 2636 sequitur:
1533 2552 1594 2620 Ore
1615 2553 1784 2634 loquuntur
1802 2575 1918 2636 putam,
1940 2554 2002 2622 hoo
2024 2567 2082 2637 est,
2104 2577 2185 2640 prae

181 2643 280 2708 derit.
314 2641 465 2723 Denique
488 2640 651 2724 signifieat
666 2638 759 2704 Deus
780 2636 840 2703 sibi
863 2639 896 2702 in
917 2649 1071 2722 promptu
1087 2660 1158 2706 esee
1209 2659 1246 2704 se
1275 2639 1339 2704 fert
1367 2638 1505 2722 quisque
1533 2658 1589 2704 ore
1616 2659 1676 2706 auo
1703 2639 1891 2720 amioitiam,
1920 2652 1953 2708 et
1982 2640 2091 2719 verba,
2107 2652 2183 2710 sunt

182 2729 336 2804 rationes,
359 2728 477 2810 quibus
501 2727 632 2810 detegat
653 2725 797 2807 ipsorum
816 2723 962 2790 fraudes:
987 2723 1035 2790 ita
1054 2724 1158 2809 hypo·
1210 2725 1348 2791 mellita:
1372 2725 1514 2801 interim,
1538 2724 1652 2807 inquit,
1673 2725 2183 2808 :aemulabamini

181 2814 286 2881 orisin
314 2812 397 2878 nihil
426 2811 490 2877 illis
519 2810 657 2894 profore,
686 2810 841 2893 quoniam
871 2809 989 2876 iudioia
1011 2831 1071 2877 sua
1091 2814 1158 2878 sint
1209 2811 1355 2878 insidiae.
1399 2810 1466 2877 Hie
1493 2809 1593 2876 etiam
1624 2810 1695 2876 aliis
1717 2811 1825 2878 verbis
1847 2811 1982 2878 denotat
2003 2813 2181 2896 perfidiam,

180 2900 289 2964 instar
322 2898 473 2964 fornaois.
523 2899 612 2982 Ergo
645 2894 917 2978 quemadmodum
951 2895 1073 2979 stipula
1105 2899 1156 2964 vel
1210 2898 1362 2979 quoniam
1381 2896 1503 2962 soilioet
1519 2895 1641 2978 duplioi
1655 2907 1749 2962 erant
1764 2896 1860 2963 eorde
1876 2903 1910 2961 et
1925 2897 2047 2982 lingua.
2080 2898 2183 2965 Aliud

181 2987 320 3070 lignum,
349 2985 378 3049 si
405 2983 574 3049 ooniioitur
595 2983 629 3047 in
653 2983 827 3060 fornaoem,
856 2982 966 3048 atatim
989 2982 1156 3048 exuritur:
1208 3003 1288 3067 ergo
1316 2982 1429 3066 lingua
1457 2982 1673 3058 ostentabant,
1701 3001 1799 3064 quam
1829 2983 1865 3048 in
1893 2982 1990 3048 eorde
2020 2992 2107 3050 esset
2132 3005 2181 3050 re-

180 3071 230 3135 ita
252 3071 350 3136 etiam
372 3069 564 3154 h'ypooritae
586 3089 651 3134 non
674 3069 779 3133 ferent
799 3066 956 3133 iuditium
978 3067 1051 3134 Dei.
1086 3069 1156 3134 Ha·
1208 3067 1385 3134 eonditum.
1434 3066 1514 3132 Ideo
1543 3066 1622 3133 dioit
1649 3087 1700 3134 eoo
1722 3087 1839 3148 portora
1865 3068 2005 3136 insidior
2026 3071 2062 3134 ia
2083 3070 2183 3136 madio

181 3156 306 3221 habunt
320 3155 451 3239 quidem
466 3155 560 3219 initio
575 3152 697 3236 aliquid
712 3152 906 3236 splendoris,
923 3174 1039 3236 nempe
1055 3153 1156 3220 donee
1189 3153 1269 3236 -aui,
1292 3153 1345 3220 vel
1365 3151 1398 3217 in
1423 3150 1574 3220 meditus
1596 3152 1673 3232 suis,
1695 3153 1771 3219 dum
1791 3153 1961 3236 bpuuatm
1975 3175 2097 3236 paoem,
2121 3155 2182 3224 hoo

179 3243 349 3307 examinet
370 3261 425 3305 eos
438 3241 541 3320 Deus,
562 3238 619 3306 sed
640 3236 773 3304 tandem
789 3259 920 3304 neeesse
935 3240 997 3306 erit
1011 3239 1156 3306 fallaoias
1208 3246 1267 3314 eat,
1290 3259 1369 3322 prae
1391 3259 1426 3304 aa
1447 3238 1556 3305 ferunt
1577 3237 1756 3304 fraternam
1780 3236 2049 3308 benevolentiam.
2093 3241 2182 3308 Tan·

180 3346 297 3392 eorum
330 3346 541 3401 evaneaoere,
582 3335 615 3390 et
644 3324 731 3406 ipsos
764 3324 863 3390 etiam
897 3326 1059 3408 consumi,
1099 3327 1155 3394 ubi
1207 3323 1281 3390 dem
1304 3326 1423 3392 iterum
1445 3324 1579 3408 repetit:

181 3420 321 3478 ventum
355 3411 454 3478 fuerit
482 3412 523 3477 ad
550 3410 669 3474 seriam
699 3409 932 3492 probationem.
983 3410 1077 3476 Haeo
1105 3419 1156 3477 est

180 3519 320 3563 summa.
372 3499 417 3562 Et
449 3498 533 3563 ratio
565 3497 663 3562 stiam
696 3495 837 3560 additur.
889 3495 973 3562 Nom
1006 3499 1156 3578 quornodo
1292 3547 1323 3612 9·
1346 3548 1401 3612 An
1422 3565 1518 3628 super
1539 3545 1594 3613 lm
1614 3543 2179 3628 mvgsqtagoeos,dpg1,g0,app

178 3586 316 3667 focarem
343 3603 412 3649 uam
438 3583 508 3664 filiu
530 3582 645 3665 populi
672 3581 758 3648 mei?
805 3581 921 3647 Posset
950 3581 1011 3648 boo
1039 3583 1155 3648 referri

181 3667 224 3734 ad
258 3688 428 3752 personam
459 3669 635 3747 ieremias,
668 3666 725 3733 sed
754 3676 841 3732 esset
869 3687 984 3734 sensus
1014 3679 1154 3735 ooaotus.

182 3755 258 3819 Non
281 3753 391 3820 dubito
414 3755 516 3838 igitur
537 3755 616 3836 quin
639 3772 823 3820 sermonem
842 3753 1011 3819 oontinuet
1028 3755 1062 3818 in
1080 3774 1154 3837 per-

182 3860 264 3905 sona
293 3839 365 3918 Dei,
400 3840 555 3921 Quomodo
582 3840 680 3922 igitur
706 3839 868 3921 swam?
898 3837 960 3902 hoo
988 3849 1047 3916 est,
1076 3860 1155 3922 quo·

183 3925 281 3990 modo
310 3946 441 4008 agerem
469 3943 538 3990 oum
564 3925 636 4006 filio
654 3924 764 4010 populi
785 3923 872 3989 mei?
916 3923 982 3989 Hie
1004 3923 1097 3990 Deus
1119 3926 1154 3989 in
1292 3923 1380 3990 Alibi
1413 3921 1554 3989 vidimus
1586 3922 1676 3988 huno
1708 3941 1858 3988 versum:
1899 3921 1971 3988 ideo
2003 3923 2083 3990 satia
2116 3925 2180 3992 erit

184 4011 291 4074 forma
318 4010 528 4076 deliberantis
558 4010 720 4092 loquitur:
754 4017 787 4074 et
811 4010 872 4074 boo
901 4007 995 4074 modo
1022 4011 1155 4092 gravius
1207 4009 1351 4073 breviter
1381 4009 1542 4093 attingere
1570 4028 1728 4075 summam
1759 4009 1876 4092 ipsam.
1922 4007 2076 4075 Ostendit
2102 4030 2180 4095 ergo

183 4095 348 4161 eonvinoit
380 4094 531 4170 Iudaeos,
573 4097 648 4178 quia
687 4097 784 4160 etiam
821 4095 848 4160 si
882 4093 1034 4159 admittat
1066 4095 1154 4178 ipsos
1207 4095 1297 4160 Deus
1320 4094 1382 4160 nisi
1404 4095 1572 4160 renuntiet
1586 4093 1658 4172 sibi,
1681 4115 1715 4159 se
1731 4092 1970 4176 quodammodo
1986 4097 2179 4164 neeessitate

183 4181 317 4264 iudioes,
347 4193 405 4245 aut
433 4181 643 4256 consiliarios,
672 4202 736 4246 non
763 4181 890 4264 possint
911 4179 999 4246 aliud
1021 4201 1154 4263 respon·
1206 4177 1355 4261 oompelli
1386 4178 1426 4244 ad
1454 4179 1630 4263 exigendas
1652 4200 1773 4262 poenas
1795 4179 1836 4244 da
1857 4180 1999 4246 Iudaeis.
2045 4180 2180 4262 Quare?

183 4267 270 4332 dere.
325 4266 415 4350 Ergo
455 4267 606 4333 videmus
644 4266 729 4332 hano
761 4267 1050 4349 interrogationem
1084 4288 1155 4334 esse
1207 4267 1308 4330 sumit
1335 4285 1394 4348 pro
1416 4268 1562 4332 eonfeseo
1583 4286 1619 4330 se
1640 4285 1711 4330 esse
1734 4265 1848 4332 mundi
1870 4267 2021 4334 iudioem.
2067 4266 2180 4348 Quum

182 4352 415 4434 emphatioam,
448 4352 525 4434 quia
550 4351 712 4436 signifieat
739 4352 912 4434 propbeta,
945 4353 1007 4416 nisi
1042 4362 1093 4418 ter
1121 4363 1155 4418 et
1206 4353 1254 4418 ita
1282 4352 1333 4429 sit,
1364 4350 1506 4417 seeundo
1535 4351 1604 4417 loeo
1631 4351 1716 4416 dixit
1737 4351 1877 4418 Iudaeos
1899 4372 1970 4419 esse
1992 4374 2061 4418 non
2083 4353 2180 4420 modo

183 4446 298 4520 quater
318 4437 385 4503 sint
407 4437 529 4522 stupidi
550 4437 672 4518 Iudaei,
696 4458 761 4502 non
784 4459 877 4521 posse
900 4437 1039 4520 amplius
1061 4437 1153 4503 blan·
1206 4439 1240 4502 in
1270 4457 1335 4502 uno
1362 4456 1482 4520 genere
1508 4437 1690 4514 soeleratoa,
1720 4436 1777 4504 aad
1800 4457 1839 4502 eo
1861 4458 1965 4520 usque
1986 4439 2180 4522 praeeipites

184 4525 246 4588 diri
274 4523 343 4589 suia
373 4522 565 4590 soeleribus:
596 4534 632 4587 ut
660 4523 823 4605 postulent
845 4544 881 4588 se
903 4523 998 4588 aliter
1020 4527 1153 4589 traotari
1205 4524 1246 4588 ad
1278 4543 1374 4587 omna
1407 4543 1510 4605 genus
1542 4521 1715 4602 saelorum,
1748 4530 1785 4588 ut
1816 4525 1853 4588 in
1881 4523 1961 4608 ipsis
1989 4524 2178 4609 fatigentur.

184 4631 204 4672 a
226 4608 306 4686 Deo,
336 4611 489 4692 quoniam
519 4609 623 4684 toties,
652 4611 718 4674 tam
749 4607 861 4674 multis
887 4606 1000 4684 modis,
1029 4615 1063 4674 et
1085 4617 1152 4674 tam
1205 4608 1293 4689 Quid
1328 4628 1406 4691 ergo
1444 4606 1566 4673 restat?
1620 4609 1713 4674 Deus
1746 4628 1813 4674 non
1846 4617 1932 4676 esset
1968 4609 2084 4675 similis
2117 4609 2178 4689 sui,

184 4695 395 4776 pertinaoiter
416 4695 487 4760 eius
508 4692 685 4759 vindictam
708 4693 947 4760 aeoersiverint.
986 4693 1053 4759 Sed
1076 4693 1153 4761 hino
1205 4713 1310 4776 nequa
1332 4701 1481 4759 servaret
1501 4695 1718 4759 constantiam
1742 4699 1880 4760 naturae
1902 4715 1992 4773 suae,
2014 4694 2079 4760 nisi
2101 4715 2179 4778 poe·
2259 4769 2260 4772 Ἴ

184 4778 367 4862 oolligimus
389 4799 529 4862 aequum
551 4799 621 4844 esse
644 4789 681 4842 ut
702 4779 856 4846 iuditium
874 4779 1010 4862 incipiat
1025 4801 1044 4845 a
1060 4779 1154 4845 domo
1205 4801 1281 4846 nam
1310 4780 1457 4863 exigeret
1485 4778 1524 4843 ds
1556 4780 1690 4845 talibus:
1721 4781 1798 4863 quia
1826 4787 1969 4846 mutaret
1997 4779 2179 4862 ingenium,

186 4865 261 4942 Dei,
301 4865 572 4949 quemadmodum
608 4865 685 4930 alibi
718 4862 845 4932 dieitur.
899 4864 991 4930 Deus
1024 4865 1153 4950 quidem
1205 4867 1269 4931 nisi
1296 4864 1369 4931 odio
1398 4864 1534 4930 haberet
1555 4874 1686 4948 gentem
1709 4873 1777 4930 tam
1799 4885 1997 4948 perversam.
2042 4862 2108 4931 Sed
2131 4865 2178 4931 lo·

185 4950 269 5014 nibil
302 4952 444 5016 inultum
477 4951 676 5033 praeteribit.
727 4950 817 5034 Ergo
849 4952 1005 5035 profanae
1039 4959 1154 5035 gentes
1205 4952 1316 5034 quitur
1336 4949 1482 5016 humano
1504 4970 1595 5016 more
1616 4969 1718 5033 quum
1740 4950 1905 5017 vindiotaa
1925 4949 2084 5028 meminit,
2114 4951 2178 5020 soi·

184 5034 225 5100 ad
253 5035 395 5100 tribunal
425 5037 493 5102 eius
523 5036 653 5101 tandem
684 5052 841 5120 tegentur
862 5058 897 5103 se
918 5037 1043 5102 sistere.
1088 5035 1153 5104 Sed
1204 5037 1391 5103 musenim
1423 5059 1487 5102 non
1509 5035 1625 5102 eadere
1647 5035 1730 5102 sullas
1751 5039 1917 5119 passiones
1938 5035 1972 5100 in
1994 5033 2113 5116 Deum,
2141 5048 2178 5102 ut

185 5123 262 5203 qnia
291 5119 443 5188 eoolesiae
468 5143 545 5187 suaa
568 5124 699 5206 propior
720 5130 778 5205 est,
809 5123 881 5189 ideo
903 5124 1014 5188 minus
1036 5121 1153 5188 tolera·
1205 5123 1280 5188 alibi
1311 5121 1431 5188 dietum
1462 5121 1541 5188 fuit:
1572 5120 1627 5187 sed
1655 5122 1811 5204 quoniam
1833 5129 2022 5188 exaeoratur
2044 5122 2177 5200 seelera,

185 5207 258 5272 bilis
285 5216 335 5274 est
356 5208 506 5290 impietas
528 5210 615 5273 inter
636 5229 700 5289 eos,
730 5210 784 5291 qui
808 5209 1002 5290 profitentur
1027 5229 1061 5273 se
1084 5229 1153 5274 ease
1204 5208 1277 5273 ideo
1292 5205 1411 5273 dioitur
1426 5229 1496 5276 sese
1511 5207 1632 5292 uleisoi,
1648 5211 1703 5274 ubi
1719 5205 1817 5272 iudex
1833 5215 1978 5290 apparet,
1994 5209 2179 5293 etoastigat

185 5295 254 5358 eiua
277 5293 477 5358 domestioos.
512 5294 604 5360 Haeo
625 5294 726 5377 igitur
749 5295 831 5360 ratio
849 5303 907 5372 est,
931 5312 988 5358 our
1008 5294 1154 5360 nominat
1205 5294 1353 5360 homines
1375 5294 1535 5379 aquibus
1557 5291 1599 5360 ad
1621 5295 1703 5360 iram
1727 5293 1790 5358 fnit
1810 5304 2015 5376 provocatus.

283 5394 394 5453 ouant
409 5410 503 5464 opera
534 5395 595 5451 vot.
610 5395 792 5452 muru.
1955 5395 1974 5450 e

1207 3633 1262 3698 Aa
1283 3633 1317 3698 in
1337 3637 1423 3717 panto
1444 3653 1524 3716 quoe
1543 3631 1619 3696 tolie
1640 3635 1684 3696 art
1705 3629 1802 3716 (quae
1826 3639 1875 3698 est
1897 3631 1982 3698 siout
2004 3633 2098 3719 haee)
2119 3654 2179 3702 noa

1206 3738 1240 3783 sa
1260 3719 1425 3785 ebrietatur
1447 3718 1556 3785 auimo
1578 3715 1672 3782 meo?
