5038 6118
347 358 385 421 ll
1150 351 1535 420 Paauuucmortus
2295 354 2337 417 12

344 557 492 610 resount:
534 543 610 628 quia
637 542 727 606 Deus
756 542 907 625 spoliabit
934 561 987 605 eos
1016 562 1076 605 sua
1106 542 1241 618 astutia,
1276 551 1309 606 et
1363 563 1434 606 rere
1455 543 1573 624 imetu,
1599 543 1663 606 iam
1685 541 1726 611 ad
1749 541 1899 608 ultimam
1921 541 2127 608 severitatem
2150 540 2335 606 deseendit:

345 642 469 696 terrore
490 628 626 707 deiioiet,
650 628 860 710 quantumvis
882 627 947 693 sint
962 647 1052 691 nune
1066 629 1172 693 seeuri
1188 639 1221 692 et
1236 648 1308 710 per-
1362 626 1468 706 Dabo,
1497 629 1620 710 inquit,
1649 647 1762 694 sueres
1790 647 1896 692 ιοιιιιιι
1923 628 2048 694 meae.
2092 627 2336 710 Periphrastiee

346 718 480 782 vioaoes.
514 715 624 779 Tertio
646 712 746 778 verbo
765 712 897 779 modum
912 713 1075 794 exprimit,
1097 715 1172 795 quia
1187 713 1311 780 seilieet
1363 713 1512 798 designat
1533 713 1650 788 clades,
1671 733 1754 795 quae
1775 713 1881 778 solent
1903 715 1937 777 in
1960 712 2052 778 bellis
2074 712 2228 780 aooidere.
2274 711 2336 776 Ni·

345 801 437 866 Deus
460 799 558 866 habet
578 818 655 865 euos
678 799 818 882 laqueos,
843 797 959 880 quibus
980 797 1053 862 illos
1074 800 1191 881 eapiat.
1223 798 1308 863 Nam
1363 799 1410 864 hil
1433 807 1543 864 autem
1565 799 1713 863 acerbius
1735 818 1832 881 quam
1855 799 1911 863 ubi
1940 818 2026 864 uxor
2051 799 2190 882 eripitur
2218 799 2349 874 esiuu¹

346 885 462 952 alludit
483 884 524 949 ad
546 885 665 968 effugia
686 884 803 966 quibus
824 882 995 950 eenfidnnt
1018 884 1225 967 hypocritae,
1255 885 1311 966 qui
1364 886 1483 950 mariti.
1530 884 1614 949 Nam
1632 886 1660 948 si
1683 883 1816 948 daretur
1838 885 1942 968 optio,
1975 885 2100 949 malent
2129 884 2192 950 viri
2221 885 2335 948 statim

347 973 392 1036 ita
421 972 560 1054 superbe
589 971 765 1054 insurgunt
793 979 907 1035 eontra
931 969 1056 1051 Deum,
1089 969 1166 1032 dum
1197 978 1312 1050 putant
1364 991 1399 1035 ee
1421 970 1544 1052 privari
1567 971 1636 1032 vita
1658 990 1754 1052 quam
1778 969 1920 1050 perferre
1942 970 2009 1035 tale
2027 970 2175 1035 dedeons.
2220 967 2335 1053 Signi·

347 1058 415 1123 suis
437 1058 561 1122 artibus
583 1078 617 1121 se
639 1076 731 1138 posse
753 1055 836 1121 elabi
858 1076 916 1136 per
938 1053 1023 1119 hano
1044 1054 1098 1119 vel
1125 1055 1214 1119 illam
1237 1075 1313 1136 par·
1364 1057 1441 1120 fieat
1461 1056 1565 1139 igitur
1593 1055 1750 1120 Ieremias
1777 1057 1900 1121 instare
1927 1053 2060 1121 Iudaeis
2088 1055 2173 1138 qnod
2200 1066 2250 1120 eet
2278 1055 2336 1118 de·

346 1157 423 1223 tem,
445 1153 479 1207 et
499 1141 636 1208 subinde
657 1140 823 1205 exsudant
845 1140 975 1221 aliquod
998 1161 1119 1204 novum
1141 1141 1313 1206 eonsilium
1366 1142 1464 1207 vietis
1485 1141 1638 1224 gentibus
1660 1141 1916 1218 atrocissimum,
1949 1161 2067 1222 nempe
2098 1151 2136 1205 ιιι
2165 1141 2230 1206 viri
2259 1159 2336 1221 spo·

347 1249 411 1311 quo
435 1228 560 1311 possint
581 1228 690 1291 Deum
712 1224 833 1292 lallere.
878 1226 966 1309 Ergo
989 1223 1148 1309 prophete
1176 1225 1217 1290 ad
1240 1246 1313 1306 per·
1367 1227 1488 1291 lieutnr
1510 1223 1675 1291 uxoribus.
1720 1226 1839 1290 Postea
1866 1226 1952 1291 idem
1981 1227 2131 1311 adiungit
2159 1226 2208 1292 de
2230 1228 2335 1310 agris:

348 1334 477 1380 versam
504 1333 616 1378 eorum
638 1312 801 1378 vafritiem
829 1310 978 1376 alludens
1009 1310 1087 1377 dieit
1107 1310 1215 1375 Deum
1245 1311 1315 1375 fore
1367 1333 1405 1378 ao
1427 1312 1618 1394 pronuntiat
1641 1312 1730 1377 Deus
1754 1332 1787 1376 se
1814 1312 1963 1378 emeram
1991 1331 2083 1395 apros
2110 1311 2237 1377 illorum
2259 1331 2335 1392 pos·

349 1419 523 1482 sumptam,
567 1400 620 1480 qui
660 1401 745 1480 ipsos
784 1398 936 1479 illaqueet
974 1406 1007 1460 et
1046 1407 1157 1461 teneat
1194 1411 1313 1478 ruptos.
1366 1397 1556 1464 sessoribus:
1589 1417 1653 1479 quo
1676 1418 1796 1481 genere
1818 1397 1970 1481 loquendi
1991 1399 2153 1481 signifieat
2174 1417 2240 1462 uon
2263 1411 2337 1460 tan·

348 1485 477 1560 Postea,
499 1495 537 1549 ut
559 1483 636 1560 dixi,
665 1484 825 1547 rationem
849 1482 1004 1565 assignat,
1032 1483 1113 1563 quod
1134 1483 1248 1547 scilieet
1268 1503 1314 1546 re·
1367 1493 1438 1547 tum
1461 1483 1502 1547 ad
1525 1483 1622 1547 breve
1643 1491 1773 1564 tempus
1795 1483 1882 1566 ipsos
1903 1485 2069 1564 privatum
2091 1485 2132 1547 iri
2151 1485 2238 1566 agris
2259 1483 2337 1559 suis,

346 1571 575 1653 mediaverint,
602 1569 655 1634 vel
678 1568 844 1650 aspernati
871 1569 953 1646 sint,
986 1567 1040 1631 vel
1070 1568 1315 1650 reprobaverint
1369 1567 1425 1634 sed
1449 1569 1710 1651 inperpetuum.
1753 1569 1876 1633 Subest
1903 1570 1990 1633 enim
2020 1571 2118 1634 taeita
2147 1567 2338 1633 antithesis:

349 1656 439 1806 pram
462 1656 542 1720 haee
563 1655 675 1720 omnia
696 1654 858 1737 signifieat
887 1653 947 1719 hoe
969 1651 1119 1738 verbum)
1146 1673 1316 1718 emmonem
1368 1654 1445 1736 quia
1472 1654 1544 1718 lieri
1574 1654 1740 1718 interdum
1766 1653 1850 1721 solet
1876 1665 1914 1726 ut
1942 1667 2133 1738 grassentur
2163 1655 2273 1720 hostes
2303 1669 2338 1716 et

370 1741 489 1807 mosea
533 1741 578 1805 Et
607 1740 711 1804 utitur
740 1735 982 1804 demonstrandi
1010 1739 1186 1818 partieula,
1220 1739 1316 1817 Elooa,
1369 1739 1480 1804 omnia
1502 1739 1674 1822 diripiant:
1698 1760 1803 1822 neque
1822 1748 1931 1804 tamen
1949 1738 2003 1805 diu
2024 1737 2209 1822 possideant
2226 1757 2337 1822 agros:

348 1827 465 1909 inquit,
489 1847 529 1892 ue
552 1826 691 1906 amplius
707 1825 973 1908 tergivereentur,
995 1833 1032 1887 ιιι
1051 1823 1214 1889 solebant:
1237 1825 1317 1903 Res,
1369 1825 1448 1908 quia
1471 1835 1585 1907 postea
1616 1824 1761 1891 sueeedit
1795 1827 1943 1891 mutatio.
1987 1825 2052 1892 Ubi
2084 1837 2193 1890 autem
2228 1825 2338 1888 hostes

349 1913 465 1994 inquit,
488 1912 568 1976 satie
590 1921 665 1975 nota
686 1921 745 1989 est,
768 1921 801 1975 et
823 1911 914 1990 pueri
936 1909 1000 1990 ipsi
1022 1919 1157 1992 possunt
1180 1930 1250 1974 esse
1265 1913 1316 1974 iu·
1371 1921 1465 1975 voest
1487 1929 1694 1992 possessores,
1723 1911 1876 1994 intelligit
1897 1911 1996 1976 talem
2018 1912 2087 1976 fore
2108 1909 2338 1984 summitatem,

352 1999 439 2062 diues
461 2005 589 2062 vestrae
610 1995 796 2077 impietatis,
818 1996 903 2076 quod
924 1994 1038 2060 scilieet
1054 1996 1236 2076 respueritis
1250 2015 1317 2060 eer-
1370 2006 1408 2060 ut
1430 1995 1501 2074 din,
1535 2005 1569 2060 et
1590 2016 1649 2077 per
1671 2005 1773 2060 totam
1795 1997 1897 2062 vitam
1920 1997 2071 2063 exsulent
2091 1995 2206 2061 Iudaei
2232 2017 2251 2059 a
2280 2015 2338 2077 pa-

349 2085 423 2148 bum
444 2080 584 2147 Iehovoe.
629 2081 717 2147 Hine
739 2081 880 2162 eolligit,
913 2080 994 2162 Quid
1016 2100 1086 2163 erqo
1101 2082 1230 2161 prodest
1243 2080 1316 2146 'illie
1371 2083 1450 2160 tria,
1478 2095 1511 2145 et
1532 2089 1664 2146 careant
1686 2083 1754 2146 suis
1775 2081 2041 2165 possessionibus.
2085 2082 2254 2147 Putabant
2276 2093 2340 2144 ter·

350 2167 533 2250 supressa?
556 2167 619 2244 vel,
641 2188 724 2249 qnae
745 2177 795 2232 est
815 2167 961 2246 ipsorum
976 2165 1157 2246 sapientiai
1180 2177 1317 2248 uterque
1371 2187 1442 2231 ram
1464 2167 1510 2231 ita
1531 2167 1593 2231 sibi
1615 2166 1723 2231 datam
1747 2187 1834 2244 esse,
1866 2177 1902 2232 ut
1929 2188 1995 2233 uon
2022 2178 2132 2251 posset
2154 2167 2220 2232 ullo
2242 2165 2339 2230 modo

352 2274 467 2321 seusus
489 2261 540 2318 ιιι
555 2251 741 2334 probabilis,
761 2251 847 2333 quod
863 2253 986 2316 soilioet
1001 2251 1160 2316 inutiliter
1177 2251 1317 2334 sapiant,
1370 2252 1466 2334 eripi:
1506 2263 1538 2316 et
1569 2263 1657 2317 oerte
1688 2252 1851 2318 Dominus
1889 2274 1942 2318 eos
1973 2273 2140 2336 nunquam
2174 2252 2249 2316 iude
2281 2273 2340 2316 ex·

353 2339 430 2403 dum
452 2339 500 2403 its
521 2347 700 2420 provocant
722 2338 805 2402 iram
823 2337 884 2402 Dei
898 2336 1000 2419 impio
1022 2344 1210 2418 oontemptu
1228 2337 1318 2402 verbi
1371 2338 1520 2418 pulisset,
1555 2338 1618 2402 nisi
1644 2339 1722 2420 quie
1750 2341 1856 2419 ipsam
1886 2338 2070 2419 polluerant
2091 2338 2160 2404 suis
2192 2339 2342 2420 inquina-

353 2425 437 2490 eius:
462 2422 527 2488 Odi
548 2426 727 2506 eapientem
750 2424 807 2504 qui
829 2423 890 2488 sibi
912 2423 981 2504 ipse
1005 2442 1069 2486 uon
1091 2423 1186 2504 sapit,
1212 2431 1249 2486 ut
1270 2421 1318 2486 di·
1373 2423 1501 2487 mentis.
1546 2421 1613 2488 Sed
1632 2426 1776 2506 oportuit
1797 2424 1874 2489 inde
1896 2425 2015 2507 expelli
2044 2437 2178 2506 propter
2209 2423 2341 2496 seelera,

353 2510 440 2574 eitnr
462 2510 564 2574 veteri
587 2511 767 2592 proverbio.
813 2509 924 2589 Quum
946 2528 1025 2590 ergo
1046 2508 1132 2573 male
1160 2507 1221 2572 sibi
1244 2529 1320 2572 eon·
1372 2508 1488 2591 quibus
1509 2529 1582 2573 eam
1604 2510 1865 2591 inquinaverant.
1909 2510 1960 2574 Ita
1984 2509 2158 2575 denuntiat
2183 2508 2343 2591 propheta

295 2607 299 2617 '
353 2594 499 2660 solerent
520 2593 633 2660 Iudaei
655 2594 855 2676 repudiando
878 2592 939 2658 Dei
966 2613 1165 2668 sermonem,
1199 2595 1234 2658 in
1257 2614 1320 2675 quo
1343 2589 1348 2656 l
1373 2595 1507 2660 stultam
1531 2614 1602 2659 esse
1624 2597 1768 2677 ipsorum
1790 2593 2036 2660 eoniidentiam:
2068 2595 2146 2662 dum
2168 2605 2286 2677 putant
2308 2615 2344 2658 se

354 2690 465 2745 tamen
487 2683 593 2762 posita
615 2690 685 2744 erat
706 2681 851 2762 ipsorum
873 2679 972 2757 salus,
994 2679 1111 2744 merito
1130 2679 1196 2745 illie
1211 2677 1321 2744 obiieit
1374 2685 1523 2744 ιιιιιιιοι
1556 2680 1624 2745 iore
1656 2689 1763 2745 terrae
1794 2682 1897 2762 ipsius
1932 2680 2098 2746 haeredes.
2150 2679 2344 2757 Sueoedent,

355 2766 521 2849 propheta,
544 2766 625 2832 nihil
648 2765 712 2830 illie
733 2765 885 2848 prodesse
910 2765 1113 2847 sapientiam.
1157 2765 1225 2830 Alii
1248 2785 1321 2829 ver·
1373 2764 1488 2848 iuquit,
1511 2764 1568 2829 alii
1592 2764 1693 2842 vobis,
1716 2766 1770 2848 qui
1787 2767 1892 2850 ipsam
1912 2767 2097 2848 possideant
2117 2766 2210 2850 quasi
2229 2765 2344 2830 haere·

355 2863 446 2934 tunt,
479 2851 649 2931 Quaenam
671 2858 722 2916 est
742 2851 890 2935 ipsorum
919 2851 1094 2934 sapientia,
1128 2850 1183 2915 ubi
1213 2851 1323 2915 nullus
1374 2849 1491 2914 diterio
1519 2849 1599 2915 iure.
1642 2850 1737 2916 Nune
1770 2864 1920 2917 tenemus
1951 2852 2128 2935 prophetae
2159 2850 2345 2918 eonsilium.

355 2949 404 3003 est
427 2937 524 3001 timor
546 2937 630 3001 Dei?
674 2939 719 3002 Et
741 2945 828 3002 uerte
849 2957 976 3020 semper
998 2934 1079 3001 illud
1105 2957 1222 3002 verum
1251 2956 1321 3000 ma·
1375 2935 1493 3001 Postea
1525 2955 1656 3001 eausam
1691 2935 1855 3022 adiungit,
1886 2959 1944 3003 our
1976 2939 2130 3002 statuerit
2152 2939 2243 3002 Deus
2276 2949 2345 3000 tam

356 3033 421 3101 net,
444 3023 593 3087 timorem
611 3023 673 3088 Dei
695 3044 767 3087 esse
787 3031 885 3104 eaput
906 3022 1085 3104 sapientiae
1100 3033 1134 3087 et
1148 3042 1321 3088 summam.
1376 3021 1521 3104 graviter
1543 3023 1579 3086 in
1600 3021 1689 3103 ipsos
1711 3021 1982 3096 animadvertere.
2006 3021 2124 3104 Nentpe
2145 3023 2222 3104 quio
2243 3043 2264 3087 o
2285 3021 2345 3085 mi-

356 3107 467 3190 Quum
490 3128 568 3192 ergo
589 3108 636 3172 ita
657 3108 798 3188 turpiter
826 3113 1070 3172 oontemnerent
1090 3107 1155 3172 Dei
1176 3107 1324 3186 verbnm,
1375 3107 1460 3171 ιιιιιιο
1480 3127 1578 3188 usque
1598 3107 1641 3172 od
1662 3108 1846 3190 ιιιιιιιιιιιιιι,
1869 3109 1983 3191 inquit,
2006 3109 2123 3174 addicti
2145 3113 2218 3174 saei
2238 3107 2347 3172 aeori-

356 3193 474 3258 merito
502 3195 682 3275 interroget
708 3193 882 3275 propheta,
917 3211 1077 3273 quaenam
1105 3194 1242 3258 istorum
1271 3214 1323 3256 sa·
1377 3193 1448 3256 liae.
1483 3190 1655 3275 Signifieat
1674 3194 1797 3258 nullam
1816 3196 1926 3278 vigere
1942 3195 2140 3277 aequitatem
2158 3195 2193 3259 in
2213 3192 2345 3276 populo:

356 3279 482 3362 pientia
520 3281 572 3344 sit.
634 3277 701 3345 Sed
739 3279 854 3343 tertius
893 3298 1009 3342 sensus
1047 3288 1123 3360 apte
1162 3282 1324 3356 eonvenit,
1378 3277 1455 3358 quia
1476 3278 1537 3342 sub
1560 3299 1626 3343 una
1648 3281 1754 3361 speeie
1776 3280 2003 3362 eompleotitur
2025 3301 2136 3346 omnes
2160 3279 2289 3344 haudes
2311 3291 2347 3341 et

357 3384 484 3446 nempe,
505 3364 549 3430 Et
569 3365 725 3445 sapientia
745 3365 821 3446 quid
842 3363 884 3428 od
901 3363 1014 3444 ipsos?
1037 3363 1082 3428 sie
1100 3364 1188 3428 enim
1206 3363 1326 3446 legitur
1379 3363 1525 3442 rapinas,
1559 3375 1592 3426 et
1623 3363 1779 3447 quidquid
1811 3377 1860 3432 est
1892 3366 2078 3431 iniustitiae.
2124 3366 2214 3430 Dieit
2245 3366 2348 3448 igitur

357 3451 399 3514 ad
421 3450 566 3529 verbum,
589 3450 677 3531 Quid
698 3471 775 3534 ergo
793 3449 833 3514 ad
851 3448 940 3531 ipsos
957 3449 1130 3532 sapientie:
1154 3456 1188 3514 et
1205 3450 1326 3513 ironiee
1354 3453 1355 3456 ’
1379 3467 1642 3529 unumquemque
1663 3451 1826 3515 addietum
1848 3471 1919 3516 esse
1943 3453 2074 3533 proprio
2103 3450 2207 3530 luero,
2240 3450 2348 3513 itaut

359 3535 466 3634 adhue
493 3536 581 3618 ipsos
610 3537 744 3636 pungit:
786 3535 880 3634 qussi
908 3533 1046 3614 diderat,
1077 3533 1166 3600 Sunt
1194 3533 1325 3616 quidem
1379 3533 1469 3632 inter
1487 3554 1522 3598 se
1544 3536 1832 3602 mutuasininrias
1854 3550 2027 3602 exeroeant
2055 3536 2177 3619 absque
2205 3537 2284 3602 iusti
2312 3549 2348 3598 et

357 3621 709 3790 attitulatis
730 3621 880 3787 lldllh
899 3620 1176 3789 ltlttltt
1198 3618 1327 3782 {llll
1378 3631 2193 3789 ”qltttlttt...1t...1.............‚
2218 3707 2350 3788 aa..

359 3800 494 3874 turgent
515 3814 573 3857 suo
593 3794 695 3872 fastu,
729 3801 765 3856 ut
787 3791 911 3856 nullam
934 3792 1109 3856 admittant
1135 3791 1325 3856 doctrinam.
1374 3789 1648 3873 prophetaeque
1670 3794 1712 3858 od
1733 3793 1919 3858 emessam
1943 3813 2047 3860 onmes
2066 3794 2222 3874 fallaciter
2244 3798 2348 3876 wael.

359 3875 493 3957 Quare?
515 3898 591 3943 nam
614 3879 793 3945 exeludunt
815 3878 1006 3958 sapientiam
1024 3877 1128 3959 ipsam
1145 3876 1252 3941 fellaei
1271 3877 1328 3941 illa
1381 3875 1442 3938 Est
1473 3877 1571 3940 etiam
1605 3877 1659 3941 hio
1688 3877 1790 3942 altera
1817 3879 2029 3962 ayueedoehe.
2074 3879 2140 3944 Sed
2169 3879 2270 3944 variis
2301 3878 2349 3944 le·

360 3962 568 4045 persuasione
600 3985 666 4045 qua
697 3973 776 4030 sunt
807 3962 923 4027 inflati.
976 3962 1043 4027 Sed
1083 3974 1192 4028 tamen
1225 3961 1328 4027 libera
1380 3961 1498 4042 quendi
1520 3962 1633 4026 formis
1653 3963 1805 4045 exprimit
1826 3963 1982 4030 Ieremias
2010 3965 2204 4030 iniustitiam
2219 3971 2291 4047 'qus
2314 3987 2351 4029 se

360 4050 403 4114 sit
424 4045 552 4114 eleotio:
585 4050 675 4114 volui
706 4049 877 4114 ostendere
907 4047 985 4132 quid
1011 4049 1094 4112 mihi
1122 4048 1228 4132 magis
1256 4047 1328 4130 ple·
1381 4044 1466 4110 ultro
1496 4047 1640 4129 eitroque
1670 4050 1815 4115 homines
1844 4051 1989 4132 fatigant.
2034 4051 2146 4132 Neque
2175 4052 2261 4114 enim
2292 4072 2350 4114 ex-

359 4141 456 4198 oeret.
512 4135 594 4201 Ores
626 4155 692 4200 non
724 4135 852 4200 vaeabit
884 4134 1009 4218 legere,
1049 4134 1124 4216 quia
1157 4135 1329 4199 habebitur
1379 4130 1483 4194 eludit
1515 4133 1705 4198 violentiam
1737 4155 1838 4216 quum
1871 4136 2015 4218 loquitur
2047 4135 2087 4200 de
2121 4134 2251 4200 fraude:
2292 4135 2350 4200 sed

361 4218 609 4285 Oonsistorium.
736 4273 737 4276 ι
1381 4216 1515 4298 perinde
1536 4227 1587 4282 est
1610 4239 1647 4284 ae
1669 4220 1696 4284 si
1725 4219 1854 4299 dieeret,
1883 4222 1970 4303 ipsos
2001 4221 2206 4286 reatitudinis
2232 4221 2349 4286 oblitos

1380 4303 1523 4384 grassari
1544 4323 1718 4386 peremne
1740 4325 1846 4388 genua
1865 4306 1998 4371 fraudis.
2042 4307 2123 4371 Puit
2152 4317 2261 4371 autam
2289 4307 2350 4372 hoe

449 4444 497 4508 10.
517 4441 783 4523 Proptereodobo
801 4463 914 4508 uxores
930 4461 1035 4508 mrum
1052 4442 1174 4522 odietis,
1191 4445 1218 4506 el
1238 4462 1330 4524 apros
1382 4387 1546 4486 iwibib’
1578 4388 1659 4453 ”ihil
1692 4391 1863 4472 muium
1892 4402 1948 4458 ⁸¹¹⁸
1978 4391 2120 4456 imm
2150 4413 2283 4457 ¹¹¹⁸¹¹⁰f⁰
2314 4392 2349 4456 in

488 4525 491 4532 ,
651 4530 656 4541 ,
803 4528 809 4542 ,
1381 4474 1461 4556 ιριιι
1479 4475 1646 4557 prophetis
1667 4485 1700 4538 ιι
1717 4475 1949 4558 saoerdotibns,
1970 4479 2025 4560 qui
2045 4477 2224 4543 debuerant
2246 4479 2349 4544 leuem

361 4548 467 4596 mm
483 4527 732 4612 P⁰³⁸⁰⁸3⁰r²⁶¹ss³
754 4549 830 4611 ima
851 4548 991 4609 “Pam
1007 4549 1105 4610 “W
1123 4527 1166 4592 “d
1182 4547 1329 4610 mamm
1380 4559 1452 4624 aliis
1475 4561 1637 4640 praeferre
1659 4574 1693 4625 et
1714 4562 1801 4626 viam
1824 4575 2015 4638 monstrare.
2046 4565 2140 4629 sieuti
2162 4564 2255 4629 Deus
2276 4585 2349 4630 eon·

363 4635 467 4716 mles
487 4614 688 4698 Wfflimem
708 4614 943 4698 mmm*
971 4612 1036 4698 (ml
1059 4611 1236 4696 ⁰⁰9idit²t⁰
1257 4634 1330 4678 ⁰⁰⁰¹
1381 4644 1533 4709 stituerat
1554 4645 1642 4726 ipsos
1664 4645 1771 4712 duoes.
1805 4648 1916 4729 Quum
1938 4669 2015 4730 ergo
2038 4649 2099 4730 ipsi
2113 4669 2242 4731 quoque
2265 4649 2350 4716 irau-

364 4705 584 4783 euprverunt),
613 4720 635 4799 u
658 4698 811 4790 prophete
840 4719 937 4782 aeque
958 4701 1001 4766 ed
1022 4699 1206 4766 sacerdotes
1228 4717 1331 4764 omnes
1382 4729 1533 4795 duleum,
1555 4739 1689 4814 ,gerent

363 4791 488 4870 ewam
508 4783 673 4866 sappam
1691 4781 1699 4812 ,
1726 4736 1867 4814 oportuit
1895 4735 1929 4798 in
1958 4733 2051 4817 plebe
2078 4736 2157 4816 ipsa,
2187 4753 2271 4814 quae
2300 4747 2350 4798 est

1382 4815 1487 4880 instar
1500 4817 1608 4892 laeuis,
1631 4819 1772 4899 grassari
1786 4818 2006 4884 foedissimam
2021 4820 2226 4886 iniustitiam.
2259 4821 2349 4902 Ergo

874 4955 877 4962 .
1382 4899 1434 4964 his
1457 4902 1566 4967 verbis
1587 4902 1730 4967 ostendit
1756 4903 1914 4987 propheta
1943 4925 2008 4970 non
2038 4925 2131 4987 posse
2159 4905 2254 4971 obilei
2277 4905 2348 4970 Deo

449 4991 515 5056 Hie
543 4991 684 5055 minatur
712 4990 801 5054 Dens
831 5007 987 5071 poenam,
1020 4988 1150 5070 quaudo
1177 4987 1267 5053 videt
1295 5009 1330 5053 ιι
1382 4986 1519 5050 nimium
1542 4987 1692 5071 rigorem,
1721 4991 1815 5071 quasi
1841 4990 1876 5053 in
1906 4990 2061 5072 populum
2092 5012 2186 5056 suum
2215 4992 2348 5067 saeviat,

365 5075 448 5141 nihil
470 5079 641 5159 prolioere,
672 5084 706 5140 et
728 5074 788 5139 sibi
815 5074 983 5158 negotium
1011 5094 1080 5138 esse
1109 5095 1181 5140 eum
1209 5075 1329 5157 populo
1381 5073 1531 5154 qnoniam
1555 5093 1592 5136 eo
1614 5087 1807 5155 pervenerat
1827 5076 1988 5142 seelerum
2016 5077 2194 5160 oongeries,
2217 5089 2350 5142 utnon

366 5162 538 5228 obstinato.
583 5161 667 5226 Nam
689 5171 874 5226 tentaverat
902 5160 993 5242 prius
1022 5179 1065 5223 an
1094 5159 1194 5242 aliqui
1219 5167 1329 5225 essent
1380 5168 1514 5237 possent
1535 5159 1673 5241 amplius
1694 5161 1782 5226 ferri.
1826 5159 1991 5244 Sequitur,

365 5247 534 5314 sanabiles.
578 5247 642 5312 Ubi
665 5255 774 5312 autem
795 5243 886 5310 videt
907 5265 983 5310 suas
1004 5245 1246 5311 exhortationes
1274 5265 1327 5310 oa·
