5118 6136
384 439 448 505 659
743 499 749 516 ,
1193 430 1581 502 PRAELEO'PIONES
2322 432 2386 497 660

385 627 559 692 ooulirmat
587 624 672 710 quod
699 645 805 708 nuper
827 623 970 707 dixerat,
1001 624 1110 689 Deum
1137 622 1262 690 soilioet
1289 622 1359 688 fore
1411 621 1491 686 Ideo
1514 621 1635 686 dioitar
1656 621 1690 688 iu
1713 621 1845 688 Psalmo
1869 621 1954 708 (137,
1977 621 2021 706 4),
2044 620 2217 702 Quomodo
2238 624 2383 690 orambi-

385 711 600 793 poteutiorem
631 709 807 777 Chaldaeis
839 720 872 776 et
903 708 1053 775 omuibus
1086 709 1158 775 aliis
1192 709 1359 774 hostibus:
1410 727 1483 771 mus
1504 707 1667 772 aantioum
1686 706 1757 771 Deo
1774 709 1808 772 in
1827 714 1915 772 terra
1936 705 2065 773 alieno?
2088 718 2121 772 et
2143 718 2296 791 poteraut
2312 729 2383 776 ema

385 817 424 862 aa
441 797 470 863 si
487 795 619 874 diaeret,
642 795 803 877 Quamvis
824 795 950 860 robusti
972 795 1039 861 sint
1060 795 1171 860 hostes
1194 793 1305 876 vestri,
1327 801 1361 858 at
1411 791 1518 858 adhue
1544 792 1653 857 timidi
1682 802 1758 875 past
1788 791 1930 858 reditum
1964 794 2028 858 nisi
2060 793 2136 859 data
2168 794 2286 860 fuisset
2316 795 2383 860 illis

386 881 460 947 sitis
482 902 560 948 ovas
581 883 616 946 iu
639 881 788 947 faumbas
810 880 973 963 luporum,
1002 891 1112 946 tamen
1142 879 1227 944 nihil
1251 878 1359 944 Deam
1410 877 1538 960 plenior
1567 875 1710 943 libertas.
1760 879 1834 944 Hae
1863 879 1965 962 igitur
1993 879 2183 946 benefitium
2215 899 2302 945 nune
2329 880 2384 945 de-

386 966 553 1048 impedist,
575 967 750 1050 quominus
773 985 830 1032 ros
851 966 998 1031 redimat.
1033 966 1078 1030 lat
1100 967 1133 1029 in
1152 966 1240 1031 huno
1261 965 1359 1030 finem
1411 963 1523 1047 signat
1543 962 1702 1045 propbeta
1722 985 1824 1047 quum
1840 963 1918 1028 dioit
1932 964 2152 1032 aelebraturos
2169 964 2234 1030 Dei
2244 967 2384 1050 mutiam

387 1071 485 1134 saepe
507 1051 599 1118 Deus
627 1051 713 1136 apud
742 1053 917 1136 propbetas
945 1071 1022 1117 suos
1045 1050 1137 1128 dioit,
1168 1050 1283 1116 Gratis
1305 1070 1361 1114 aa·
1411 1049 1448 1114 ia
1468 1050 1586 1115 eaeelso
1609 1047 1696 1126 Stoa,
1725 1050 1853 1138 nonin
1880 1048 2016 1116 obseura
2038 1051 2146 1134 aliquo
2167 1053 2297 1134 angulo,
2325 1052 2383 1117 sad

388 1137 538 1203 numduti
559 1139 647 1216 estis,
678 1147 711 1202 et
732 1137 855 1221 absque
879 1137 985 1221 pretio
1013 1135 1236 1202 redimemini:
1259 1136 1360 1224 quasi
1411 1134 1460 1199 ita
1489 1144 1527 1198 ut
1555 1153 1620 1198 vox
1649 1155 1762 1200 eorum
1796 1136 1900 1218 possit
1932 1134 2028 1219 louge
2060 1146 2094 1202 ot
2124 1137 2190 1202 late
2223 1135 2382 1202 exaudiri.

387 1222 518 1301 ditaret,
553 1224 626 1308 llgo
647 1241 714 1287 nan
737 1243 809 1289 sum
832 1223 1007 1288 obstrietus
1028 1221 1220 1288 Chaldaeis:
1254 1242 1360 1303 neque
1412 1217 1590 1304 Adiungit,
1619 1218 1665 1284 Et
1689 1221 1838 1299 conflumt
1858 1221 1901 1286 ad
1929 1220 2151 1303 mittendam
2181 1223 2313 1289 Ieboeae
2341 1225 2384 1289 ad

387 1309 475 1373 enim
499 1329 557 1374 vos
585 1307 719 1374 vendidi
753 1310 844 1391 quasi
876 1306 959 1373 mibi
991 1319 1081 1374 osrta
1113 1309 1157 1372 sit
1188 1326 1262 1372 oum
1295 1306 1360 1371 illis
1412 1305 1565 1384 atim,
1602 1306 1712 1370 vinam
1740 1311 1768 1370 et
1799 1306 1908 1371 oleam.
1965 1306 2117 1372 Notanda
2147 1318 2199 1374 est
2231 1309 2383 1393 loquendi

388 1395 512 1476 paotio:
553 1392 608 1460 sed
642 1393 777 1460 vendidi
810 1414 869 1458 vos
906 1404 1039 1476 propter
1071 1401 1202 1476 paoaata
1233 1405 1359 1458 vestra:
1412 1392 1518 1456 forma
1539 1411 1623 1473 quae
1648 1391 1770 1473 passim
1799 1393 1939 1458 ooourrit
1967 1391 2055 1474 apud
2084 1394 2271 1476 propbetas.
2315 1396 2384 1462 De·

388 1491 548 1562 quantum
571 1478 612 1542 ad
629 1477 729 1562 ipsos,
751 1478 842 1544 nullo
865 1478 969 1561 pretio
991 1499 1044 1543 me
1064 1477 1264 1562 obligarunt:
1287 1476 1360 1542 ideo
1412 1476 1562 1544 soribuut
1594 1477 1681 1541 euim
1713 1497 1852 1560 ragnum
1886 1476 2013 1543 Obristi
2046 1499 2105 1560 pro
2138 1479 2231 1544 rudis
2273 1483 2383 1564 populi

388 1585 430 1630 ne
448 1564 524 1648 quid
543 1585 602 1630 vos
618 1574 751 1643 terreat,
774 1563 865 1648 quasi
886 1585 940 1630 me
956 1564 1064 1629 invito
1085 1565 1212 1647 possint
1231 1564 1361 1630 obstare
1412 1570 1519 1645 oaptu,
1542 1573 1575 1626 st
1596 1561 1668 1631 idea
1690 1567 1878 1645 proponunt
1898 1572 2052 1630 externas
2073 1565 2247 1650 imagines:
2270 1587 2383 1648 quem·

389 1658 518 1716 vestrae
548 1647 740 1716 liberationi.
785 1649 918 1731 Quare?
952 1648 1039 1714 nihil
1063 1650 1151 1714 enim
1182 1653 1232 1714 est
1261 1669 1361 1733 penes
1413 1645 1588 1712 admodum
1611 1647 1666 1712 ubi
1696 1647 1806 1731 agitur
1835 1647 1875 1712 de
1903 1669 2006 1733 regno
2029 1649 2167 1726 Christi,
2194 1653 2234 1716 fit
2261 1655 2383 1718 mentio

390 1734 478 1818 ipsos
500 1735 598 1802 iuris:
622 1737 730 1818 itaque
751 1735 847 1801 modo
869 1744 996 1800 tantum
1019 1734 1102 1800 detis
1124 1735 1248 1817 gratiae
1269 1755 1362 1800 meae
1413 1734 1494 1813 auri,
1515 1733 1656 1816 argenti,
1677 1753 1773 1797 omne
1794 1753 1898 1816 genus
1920 1734 2113 1817 opulentiae,
2142 1740 2251 1820 magui
2274 1739 2384 1821 splen·

389 1818 507 1900 loaum,
529 1821 591 1887 boo
606 1822 716 1902 robur,
733 1820 817 1904 quod
835 1830 886 1886 est
900 1829 967 1886 tam
983 1819 1196 1894 formidabile,
1219 1819 1361 1886 hostiam
1413 1818 1501 1884 doris
1523 1829 1556 1884 et
1577 1838 1717 1902 magnae
1739 1818 1914 1900 potentiae.
1945 1819 2076 1886 Soimus
2097 1824 2184 1887 euim
2207 1843 2272 1888 non
2290 1843 2384 1906 posse

391 1915 573 1972 vestrorum
604 1907 688 1972 nibil
714 1906 895 1972 morabitur
922 1915 1065 1972 vestram
1095 1904 1362 1988 redemptionem.
1414 1905 1559 1970 humano
1581 1923 1680 1969 sensu
1701 1905 1812 1970 rtatim
1834 1905 2068 1987 eomprebeudi
2097 1907 2182 1989 quod
2210 1914 2260 1973 est
2290 1921 2384 1974 extra

390 1989 482 2057 Haeo
511 1992 596 2058 ratio
618 2004 669 2058 est
689 2013 749 2060 ear
769 1993 932 2074 exprimat
953 1990 1137 2057 Obaldaeos
1166 1993 1363 2073 potentiores
1414 2001 1448 2055 et
1468 2010 1569 2073 supra
1590 1988 1759 2054 mnndum.
1803 1989 1885 2054 Nam
1908 2011 2021 2058 sumus
2043 1991 2097 2058 bio
2118 1994 2211 2075 quasi
2232 1992 2268 2056 in
2290 2014 2384 2078 argu·

390 2097 427 2142 ao
455 2078 607 2144 robustos
640 2099 712 2144 esse
744 2097 821 2161 prae
850 2075 1020 2142 Israelitis.
1074 2077 1119 2141 a:
1152 2075 1232 2142 base
1263 2078 1362 2142 etiam
1414 2076 1509 2142 stalis
1530 2074 1663 2141 inalusi:
1687 2096 1753 2140 non
1776 2074 1889 2157 loquor
1911 2076 1952 2141 de
1968 2076 2158 2160 oorporibas
2177 2079 2306 2156 uostris,
2330 2079 2386 2145 sed

391 2161 540 2229 doetrina
562 2183 626 2229 uon
649 2182 766 2247 parum
793 2162 883 2228 utilis
907 2163 1003 2228 bodie
1024 2163 1118 2228 nobis
1139 2169 1207 2228 est:
1237 2163 1313 2245 quia
1335 2161 1363 2227 si
1415 2161 1492 2226 dum
1515 2161 1763 2244 peregrinamur
1785 2163 1820 2225 in
1847 2169 1936 2226 terra
1965 2183 2029 2227 nou
2057 2181 2231 2245 possumus
2257 2170 2386 2230 urentes

390 2248 583 2331 roepieimus
613 2259 755 2332 quantae
782 2248 850 2314 sint
874 2247 963 2315 viros
991 2247 1135 2314 hostium
1165 2256 1361 2322 nostrorum,
1414 2257 1541 2312 nostras
1563 2267 1693 2313 sursum
1724 2245 1888 2325 attollere,
1918 2255 1955 2312 ut
1981 2258 2191 2329 penetremus
2219 2251 2385 2334 usquead

391 2333 503 2399 statim
532 2333 649 2400 obruet
677 2335 803 2400 animos
829 2338 960 2400 nostroe
982 2331 1181 2416 desperatio:
1211 2333 1268 2398 sed
1290 2353 1361 2400 suo·
1414 2333 1586 2399 eoelestem
1609 2331 1674 2396 Dei
1697 2330 1843 2416 gloriam.
1879 2332 1990 2412 Quam
2009 2353 2087 2417 ergo
2104 2355 2244 2418 regnum
2258 2335 2385 2400 Ohristi

390 2427 502 2486 ourrat
530 2419 624 2487 nobis
653 2419 734 2486 haee
762 2419 945 2502 promissio,
975 2419 1029 2484 ubi
1053 2426 1192 2484 testatur
1213 2417 1307 2484 Deus
1328 2439 1363 2484 ee
1415 2417 1584 2501 spirituale
1613 2418 1657 2482 sit
1685 2437 1724 2482 eo
1752 2417 1891 2482 eoeleste
1920 2437 1984 2482 nou
2019 2427 2125 2501 potest
2153 2420 2386 2502 eomprehendi

390 2503 437 2568 ita
452 2505 521 2570 lore
538 2504 745 2570 liberatorem
764 2504 877 2589 populi
894 2504 954 2580 sui,
977 2513 1015 2568 ut
1029 2506 1174 2586 potentia
1191 2504 1363 2569 bominum
1415 2503 1568 2568 humanis
1590 2501 1755 2568 mentibus
1777 2503 1839 2567 nisi
1862 2503 2021 2586 paulatim
2040 2503 2169 2570 attollat
2181 2526 2268 2584 suos,
2291 2507 2387 2572 sieuti

391 2587 476 2653 nibil
498 2589 612 2668 obstet,
635 2610 739 2673 neque
761 2598 906 2654 moretur
929 2608 1011 2672 opus
1032 2589 1111 2654 eius.
1155 2588 1320 2672 Sequitur,
1415 2589 1502 2654 faoit.
1536 2588 1629 2653 Haeo
1651 2587 1754 2671 igitur
1775 2587 1859 2653 ratio
1880 2595 1930 2654 eet
1951 2609 2011 2654 aur
2033 2589 2212 2672 prophetae
2233 2591 2387 2672 depinxe-

1416 2674 1484 2739 rint
1506 2693 1645 2757 regnnm
1669 2672 1794 2738 Obristi
1823 2675 1870 2739 ita
1896 2684 1934 2739 ut
1963 2675 2134 2740 oonlerant
2160 2677 2301 2742 terrenis
2329 2679 2386 2742 im·

479 2759 530 2824 12.
555 2758 600 2824 Et
618 2759 750 2837 aarum,
781 2756 1198 2825 eosdemnumeros
1220 2756 1307 2840 Sion,
1338 2765 1366 2824 et
1418 2759 1526 2843 perlis.
1570 2757 1700 2823 Deinde
1722 2758 1843 2824 seimus
1874 2758 1935 2825 hoo
1963 2759 2064 2826 luisse
2089 2760 2254 2842 peouliare
2283 2764 2386 2827 vetari

392 2845 542 2924 omrflaent
562 2845 606 2910 ad
627 2842 855 2924 benefioerdt'am
876 2843 1019 2925 Ieltovoe,
1041 2845 1085 2910 od
1105 2843 1252 2928 tritioam,
1274 2849 1304 2909 et
1323 2846 1366 2911 ad
1417 2845 1636 2926 assumento,
1660 2849 1697 2908 ut
1714 2842 1807 2908 Deus
1829 2843 1999 2928 obtegeret
2020 2844 2142 2911 umbris
2165 2845 2252 2928 quod
2275 2856 2388 2930 postea

392 2930 512 3007 oiaam,
534 2934 563 2994 et
584 2930 627 2995 od
650 2929 761 3011 oleam,
783 2933 811 2995 et
833 2929 875 2996 ad
892 2949 1015 3014 gregem
1030 2930 1198 3014 predam,
1221 2927 1274 3014 (ad
1291 2951 1364 2996 ver·
1416 2931 1452 2994 in
1475 2928 1647 3012 evangelio
1670 2929 1756 2994 olere
1778 2930 1975 3012 patefaetum
1995 2940 2062 2996 est:
2083 2931 2117 2996 iu
2133 2931 2267 2997 Christo
2282 2934 2387 3015 aperti

392 3014 482 3093 bum,
505 3015 590 3082 filios
610 3013 745 3100 ovium),
772 3019 801 3080 st
823 3016 958 3082 armenti
986 3014 1052 3100 (vel
1076 3016 1217 3098 peeoris:
1246 3015 1365 3083 distin·
1417 3023 1495 3080 saut
1517 3013 1610 3079 nobis
1631 3014 1725 3080 ooeli.
1769 3014 1859 3098 Ergo
1880 3035 1970 3082 nano
1992 3015 2073 3082 haee
2095 3016 2262 3083 doetrinae
2284 3017 2387 3083 forma

392 3101 465 3184 guit
498 3120 576 3166 ovas
609 3109 642 3166 et
674 3100 792 3165 arietes
824 3121 845 3164 a
877 3099 979 3166 bobus
1012 3111 1047 3165 et
1075 3099 1211 3184 sabaia),
1247 3105 1276 3166 et
1307 3101 1366 3166 erit
1416 3121 1483 3166 non
1506 3105 1634 3165 tantum
1656 3119 1862 3182 sapervaoua
1882 3100 1976 3166 uobis
2005 3109 2105 3182 esset,
2135 3123 2250 3169 verum
2272 3103 2386 3169 noxia:

392 3185 502 3250 anim
522 3205 628 3251 eoram
649 3186 743 3267 quasi
762 3183 871 3251 Mnus
891 3186 1052 3270 irriguam
1082 3190 1110 3250 et
1138 3205 1199 3252 aon
1219 3187 1366 3252 adiieieat
1416 3186 1494 3270 quia
1514 3206 1574 3250 uos
1600 3185 1773 3251 aooelesti
1802 3185 1956 3250 ialioitate
1984 3186 2176 3253 retraheret
2222 3188 2387 3254 Debemus

393 3270 437 3335 od
456 3269 621 3336 dolendam
642 3269 709 3354 (vel
731 3269 924 3356 lugendum)
945 3270 1093 3354 amplias.
1416 3271 1505 3336 enim
1528 3269 1730 3354 distinguere
1756 3271 1844 3334 inter
1876 3280 2026 3337 nostrum
2060 3281 2093 3335 et
2122 3274 2245 3339 veteris
2278 3274 2387 3357 populi

1417 3364 1548 3423 etatum.
1580 3355 1703 3421 Paulus
1726 3353 1815 3440 (Gal.
1833 3355 1863 3436 3,
1881 3356 1923 3422 23
1941 3355 2002 3442 sq.)
2024 3357 2178 3424 admonet
2198 3359 2272 3424 illos
2291 3361 2388 3426 luisse

479 3439 571 3507 Dioit
591 3445 760 3521 venturos,
782 3446 817 3506 at
837 3444 950 3508 taaaat
972 3440 1082 3507 laudea
1098 3441 1134 3506 ia
1148 3441 1262 3508 melea
1278 3439 1365 3525 Stoa,
1416 3452 1573 3524 tanquam
1595 3461 1714 3524 pueros
1735 3441 1796 3507 aab
1818 3442 2015 3526 paedagogo,
2039 3449 2072 3507 et
2092 3444 2154 3509 sub
2175 3444 2258 3528 legis
2279 3455 2387 3511 ousta·

393 3526 511 3610 quibus
533 3526 643 3594 verbis
672 3527 836 3610 promittit
857 3525 1014 3592 Ieremias
1042 3526 1155 3610 templi
1185 3527 1365 3593 restitutio·
1417 3526 1486 3592 dia:
1510 3547 1570 3594 nos
1592 3538 1702 3593 autem
1725 3546 1812 3593 essse
1833 3527 1898 3593 iam
1921 3528 2039 3594 aetatis
2061 3528 2203 3609 adultae,
2225 3530 2299 3595 ideo
2320 3550 2388 3596 eer-

394 3634 484 3679 nem:
508 3619 542 3680 at
563 3612 684 3696 alioqui
706 3612 834 3678 reditus
856 3614 890 3676 in
904 3613 1043 3695 patriam
1063 3611 1193 3678 Iudaeis
1208 3632 1275 3677 non
1294 3621 1366 3678 erat
1416 3613 1557 3678 vitutem
1586 3612 1677 3677 illam
1710 3633 1854 3679 oessasse
1887 3613 2031 3678 adventu
2054 3613 2198 3695 Obristi,
2230 3615 2293 3682 sub
2326 3635 2389 3699 qua

394 3699 505 3782 magni
529 3699 698 3778 momenti,
728 3698 794 3762 imo
817 3695 931 3764 utilius
952 3697 1019 3764 illis
1040 3697 1153 3763 luisset
1175 3718 1309 3764 manere
1330 3699 1365 3762 in
1418 3698 1565 3780 oportuit
1585 3705 1695 3779 patres
1717 3696 1845 3781 degere.
1890 3697 2054 3778 Quamvis
2083 3699 2192 3766 David
2221 3701 2388 3783 praeditus

394 3781 571 3863 Ohaldaoa,
594 3786 622 3850 si
645 3787 773 3850 tantum
798 3782 914 3847 attenti
937 3783 1077 3848 luissent
1092 3783 1132 3848 ad
1149 3784 1301 3866 quietem,
1324 3783 1366 3848 ad
1416 3789 1503 3849 esset
1524 3782 1682 3867 singulari
1711 3783 1846 3867 spiritus
1877 3785 1999 3868 gratia,
2031 3793 2140 3850 temen
2169 3787 2333 3852 oontiuoit
2355 3807 2389 3852 se

393 3889 487 3952 opes,
521 3867 562 3933 ad
594 3867 730 3935 delitias.
779 3866 911 3935 Soimus
938 3870 1025 3933 enim
1055 3881 1177 3952 quauta
1206 3869 1304 3935 luerit
1332 3880 1366 3933 et
1416 3869 1504 3933 intra
1536 3887 1612 3933 suas
1644 3875 1766 3934 metas:
1800 3871 1878 3951 quia
1911 3869 2034 3936 solebat
2061 3868 2169 3935 Deum
2197 3871 2285 3938 velle
2312 3882 2390 3938 tuno

393 3952 597 4022 foeouudites
619 3964 652 4019 st
673 3955 855 4021 amoenitas
873 3952 1066 4021 chaldaeae.
1100 3953 1190 4037 llrgo
1205 3962 1364 4037 quantum
1417 3953 1600 4039 gubernare
1633 3954 1801 4020 eoelesiam
1835 3971 1948 4038 suam,
1988 3955 2034 4019 ita
2065 3964 2105 4019 at
2138 3955 2272 4039 puerilis
2304 3965 2390 4023 esset

389 4041 508 4106 attinet
530 4039 571 4105 ad
595 4060 690 4104 usum
714 4040 879 4106 terrestris
902 4046 936 4104 et
950 4038 1090 4105 oaduoaa
1107 4039 1201 4117 vitae,
1224 4060 1365 4106 eommo-
1417 4039 1583 4106 doetrinae
1600 4039 1725 4106 modus.
1757 4039 1855 4106 Nune
1870 4050 1979 4105 autem
1994 4051 2168 4125 postquam
2186 4041 2390 4108 adolevimus

391 4125 463 4191 dior
500 4133 571 4190 erat
604 4123 735 4191 Iudaeis
768 4124 824 4189 illa
862 4122 1041 4189 habitatio:
1082 4123 1138 4189 sed
1172 4124 1297 4190 reditus
1329 4125 1364 4190 in
1415 4126 1451 4189 in
1484 4124 1633 4202 Christo,
1667 4133 1838 4190 cessarunt
1870 4126 1995 4209 figurae
2027 4126 2126 4210 istae,
2168 4133 2202 4192 et
2233 4134 2390 4193 externae

391 4211 532 4294 patriam
555 4209 699 4276 maxime
720 4208 926 4293 expetendus
947 4209 1019 4289 luit,
1042 4212 1081 4273 ut
1098 4211 1239 4293 separati
1254 4219 1366 4276 esseut
1417 4211 1586 4294 imagines.
1619 4210 1692 4275 Etsi
1714 4210 1801 4275 enim
1824 4210 1929 4293 plotas
1953 4211 2052 4277 habet
2073 4213 2307 4293 promissiones
2323 4225 2389 4278 tam

391 4316 410 4360 a
433 4296 579 4379 profanis
601 4295 767 4380 gentibus,
791 4303 825 4361 ot
844 4315 927 4378 pure
949 4295 1058 4360 Deum
1081 4292 1232 4374 tolerent,
1263 4303 1298 4359 et
1319 4295 1365 4361 sio
1417 4296 1599 4378 praesentis
1620 4315 1715 4376 quam
1739 4297 1849 4360 future
1871 4297 1974 4374 vitae,
2005 4305 2089 4362 teste
2110 4297 2215 4363 Paulo
2238 4298 2282 4383 (1.
2306 4299 2389 4362 Tim.

391 4381 579 4446 habitarent
601 4382 635 4445 in
658 4379 860 4446 haereditate
877 4379 1043 4463 promissa,
1066 4385 1103 4443 ut
1118 4380 1242 4445 interea
1257 4388 1365 4445 esseut
1417 4380 1447 4459 4,
1471 4378 1521 4466 8),
1551 4401 1610 4446 uos
1632 4391 1741 4446 tamen
1764 4401 1864 4464 supra
1891 4381 2124 4447 elementarem
2151 4382 2242 4447 illum
2271 4382 2389 4449 doetri-

391 4469 427 4533 in
459 4465 581 4531 mundo
610 4467 789 4551 peregrini,
822 4473 856 4530 ot
889 4466 1088 4548 raspioereut
1120 4463 1161 4530 ad
1193 4465 1365 4532 aoelestsm
1416 4484 1494 4529 nam
1516 4485 1687 4549 assurgere
1709 4470 1846 4549 oportet.
1892 4467 1981 4550 Ergo
2004 4487 2106 4550 quum
2134 4467 2313 4550 propbetas
2343 4470 2389 4536 vi·

393 4552 545 4636 quietem.
590 4551 680 4636 Ergo
703 4550 860 4634 quidquid
889 4552 1046 4617 haetenus
1078 4549 1202 4617 dietum
1232 4550 1296 4615 fuit
1326 4549 1366 4616 de
1418 4570 1515 4629 num,
1548 4559 1581 4616 et
1612 4551 1735 4630 oleum,
1769 4559 1802 4616 et
1830 4551 1976 4617 tritioum
2009 4552 2160 4619 fidelibus
2182 4555 2389 4636 promittant,

392 4636 506 4723 populi
525 4635 649 4714 reditu,
684 4637 797 4703 fuisset
820 4636 991 4720 frigidum,
1020 4635 1085 4702 nisi
1112 4634 1222 4702 additu
1249 4635 1367 4701 fuisset
1419 4635 1536 4701 volunt
1567 4636 1742 4720 paulatim,
1778 4647 1811 4702 et
1844 4658 1902 4720 per
1939 4635 2061 4721 gradus
2094 4638 2244 4704 attollere
2279 4660 2390 4706 eorum

392 4723 566 4807 promissio
600 4721 640 4786 de
668 4721 870 4788 restituendo
892 4723 955 4787 Dei
983 4721 1081 4788 oultu.
1126 4722 1172 4786 Et
1199 4721 1295 4787 simul
1324 4720 1365 4785 ad
1418 4725 1544 4787 mentes
1568 4743 1627 4806 pro
1649 4723 1776 4787 ratione
1802 4722 1854 4788 vel
1884 4743 1943 4805 pro
1972 4733 2069 4805 oaptu
2096 4723 2232 4806 puerilis
2263 4725 2389 4790 aetatis.

395 4808 629 4894 gratitudinem
659 4807 826 4873 Israelitas
860 4806 1013 4872 bortatur
1045 4827 1146 4890 quum
1178 4807 1275 4872 linem
1311 4805 1365 4871 de·
1418 4807 1463 4872 Et
1486 4806 1546 4872 boa
1567 4806 1742 4889 diligenter
1763 4807 1946 4872 notandum
1969 4819 2028 4886 ost,
2052 4809 2128 4891 quia
2147 4809 2244 4874 multi
2263 4811 2389 4892 profani

393 4901 558 4960 monstrat
578 4891 797 4970 liberationis,
831 4913 949 4974 nempe
982 4897 1018 4956 at
1048 4898 1163 4957 canant
1194 4891 1304 4957 laudm
1332 4892 1367 4956 io
1418 4889 1581 4971 hominos,
1603 4893 1689 4958 dum
1718 4892 1832 4977 legunt
1861 4893 1942 4959 tales
1972 4894 2168 4974 sententias,
2198 4896 2389 4960 existimant

394 4979 510 5046 excelso
534 4977 620 5044 Sion.
665 4976 796 5044 Soimus
818 4977 949 5061 quidem
972 4978 1130 5060 templum
1160 4977 1259 5042 tuisse
1288 4996 1366 5042 eon·
1419 4978 1574 5060 populum
1598 4976 1692 5042 illum
1716 4978 1881 5045 addietum
1904 4978 2004 5044 luisse
2029 4977 2190 5046 duntaxat
2215 4981 2390 5062 praeseuti-

397 5065 499 5130 ditum
522 5064 556 5128 in
579 5065 767 5129 summitate
788 5061 877 5128 illius
899 5061 1007 5128 oollis:
1041 5061 1097 5128 sed
1127 5062 1287 5146 propheta
1309 5082 1366 5126 ax·
1418 5063 1478 5128 bus
1502 5063 1631 5140 delitiis,
1663 5072 1695 5128 st
1717 5062 1855 5130 Iudaeos
1877 5084 1990 5129 omnes
2012 5064 2112 5131 luisse
2134 5075 2289 5148 tauquam
2313 5087 2390 5131 veu-

396 5148 518 5215 ealsum
542 5149 699 5228 nominat,
723 5149 875 5232 quoniam
896 5148 1074 5214 liberafuit
1090 5148 1267 5231 gratiarnm
1283 5147 1366 5213 aetio
1418 5148 1477 5213 tris
1510 5149 1560 5214 sui
1592 5149 1769 5232 manoipia,
1810 5157 1844 5215 et
1874 5171 1894 5214 a
1926 5148 1998 5212 Deo
2036 5152 2202 5234 saginatos
2235 5157 2390 5234 tanquam

397 5243 570 5319 postquam
600 5235 724 5301 reversi
752 5246 830 5301 sunt
851 5233 965 5298 Iudaei
995 5234 1029 5298 iu
1059 5234 1209 5316 patriam.
1255 5231 1364 5313 Quum
1418 5253 1531 5316 poroos
1561 5234 1614 5300 vel
1643 5234 1752 5302 bovae.
1803 5235 1868 5300 Ill-a
1896 5243 2006 5299 autem
2036 5236 2146 5319 opinio
2172 5257 2306 5319 prorsus
2337 5236 2389 5301 do·

397 5320 484 5387 enim
518 5329 656 5403 agerent
687 5321 722 5385 in
756 5319 870 5386 exsilio
904 5319 1039 5384 luerunt
1077 5331 1230 5400 tanquam
1272 5318 1364 5382 mati.
1419 5319 1657 5399 testabilieest,
1681 5322 1844 5403 quianon
1868 5319 2388 5406 modofaaitgraveminiariam
