5158 6124
362 417 424 484 507
1171 405 1555 475 Pusunuoulouus
2295 411 2359 476 508

362 604 467 672 voluit
481 599 632 668 homines
646 599 754 684 potius
770 597 909 681 sepeliri,
932 616 1028 680 quam
1050 595 1148 661 bruta
1169 594 1333 671 animalia,
1386 594 1495 661 silium
1526 596 1711 679 prophetae.
1758 597 1962 664 Vaticinatus
1992 607 2043 662 cst
2064 597 2105 663 de
2133 597 2262 664 iudiciis
2284 597 2359 678 Dei,

362 689 428 756 nisi
449 685 537 773 quod
558 685 662 751 voluit
683 692 813 750 exstare
832 682 993 766 specimen
1013 679 1206 745 immortalis
1224 676 1333 744 vitae?
1386 691 1422 744 ut
1443 678 1558 746 Iudaei
1581 690 1814 766 cognoscerent
1843 705 1878 748 se
1908 684 2029 748 frustra
2055 703 2188 764 sperare
2215 683 2359 767 impuni-

362 777 452 859 Ergo
474 792 576 857 quum
598 769 772 854 sepultura
795 767 861 834 tale
889 766 933 832 sit
963 765 1086 831 favoris
1107 764 1171 829 Dei
1193 765 1333 848 signum,
1386 774 1498 847 tatem,
1521 767 1675 850 quoniam
1698 767 1863 832 Dominus
1885 770 2014 835 veniam
2037 788 2105 832 non
2128 777 2199 834 erat
2220 766 2360 834 daturus

362 882 429 926 non
452 860 571 924 mirum
593 863 644 922 est
660 855 687 920 si
707 853 878 920 denuntiet
895 871 991 934 saepe
1010 849 1156 934 reprobis
1174 852 1335 915 cadavera
1385 849 1498 929 meeis,
1528 859 1561 916 et
1588 853 1696 916 omnis
1718 851 1882 918 doctrinae
1903 853 2103 935 expertibus,
2132 852 2186 936 qui
2230 861 2360 918 oterant

362 947 507 1029 ipsorum
531 941 709 1025 proiectum
732 938 783 1022 iri,
814 949 851 1002 ut
872 945 1005 1003 careant
1032 934 1173 1018 sepulcri
1200 934 1333 999 honore.
1385 934 1607 1020 ignorantiam
1628 937 1822 1002 obtendere:
1846 937 1962 1003 deinde
1984 946 2022 1002 ut
2038 937 2192 1004 solatium
2208 875 2280 1003 boo
2297 937 2360 1003 lul·

363 1029 431 1097 Sed
453 1026 631 1094 tenendum
654 1035 705 1091 cst
725 1022 807 1089 illud
829 1023 1032 1105 principium,
1061 1041 1181 1104 poenas
1209 1032 1333 1103 tempo·
1385 1021 1467 1086 ciret
1490 1022 1560 1105 pios
1582 1022 1718 1100 animos,
1748 1043 1848 1105 quum
1876 1022 2027 1088 viderent
2054 1024 2206 1106 profanas
2235 1033 2359 1107 gentes,

362 1114 447 1181 rales
470 1131 659 1179 communes
682 1128 751 1175 esse
774 1119 841 1173 tam
859 1107 935 1173 filiis
949 1106 1015 1171 Dei
1036 1126 1133 1188 quom
1153 1105 1333 1171 extraneis:
1386 1126 1469 1254 2⁰³⁰
1488 1115 1585 1172 erant
1606 1108 1640 1172 iu
1663 1107 1776 1172 eadem
1799 1128 1893 1181 noxa.
1922 1107 2037 1175 subiici
2058 1109 2158 1173 etiam
2188 1107 2287 1173 simili
2309 1109 2360 1174 iu·

361 1199 546 1285 promiscue
561 1197 653 1261 Dens
671 1193 819 1260 extendit
840 1214 963 1277 poenas
985 1190 1183 1274 temporales
1204 1200 1269 1255 tom
1292 1190 1333 1254 ad
1409 1191 1485 1255 icio:
1511 1191 1642 1257 tandem
1666 1198 1702 1256 ut
1724 1194 1854 1277 cognito
1876 1193 2062 1259 discrimine
2084 1195 2299 1277 confugerent
2317 1193 2359 1258 ad

363 1285 448 1353 filios
471 1304 555 1364 suos,
583 1302 681 1365 quam
704 1279 744 1345 ad
765 1277 961 1355 incredulos,
990 1286 1026 1341 ut
1055 1296 1073 1339 a
1097 1285 1210 1359 pareat
1242 1296 1333 1359 spem
1389 1277 1451 1341 Dei
1467 1277 1732 1353 misericordiam,
1751 1288 1783 1343 et
1799 1277 1839 1342 ad
1856 1279 2109 1362 resipiscentiam
2127 1281 2360 1355 animarentur,

365 1381 509 1437 nostram
544 1388 610 1433 non
638 1365 756 1431 debere
789 1386 860 1431 esse
888 1365 925 1428 in
953 1372 1040 1428 terra
1070 1298 1221 1428 ‹lefixam
1267 1359 1333 1426 Sed
1387 1379 1490 1444 quum
1520 1383 1611 1446 spem
1647 1367 1760 1428 veniae
1793 1365 2011 1446 conciperent.
2065 1365 2247 1447 Postquam
2282 1385 2361 1448 ergo

364 1452 523 1540 quidquid
545 1455 598 1531 sit,
621 1471 722 1534 quum
747 1449 839 1515 Deus
863 1449 923 1514 hoc
946 1469 1064 1531 genere
1087 1467 1209 1528 poenae
1231 1447 1334 1511 utitur
1387 1448 1573 1530 generalem
1594 1447 1687 1514 illam
1708 1447 1890 1514 doctrinam
1923 1451 2086 1528 tractavit,
2116 1470 2205 1514 nuno
2224 1469 2295 1515 sese
2317 1449 2360 1514 ad

365 1542 522 1608 adversus
544 1535 738 1614 incredulos,
762 1535 860 1600 simul
878 1531 968 1599 addit
986 1533 1128 1614 aliquam
1150 1541 1270 1614 notam,
1293 1552 1335 1595 ex
1388 1532 1544 1616 populum
1567 1533 1704 1610 reducit,
1726 1533 1778 1599 cui
1801 1533 1983 1601 destinatus
2000 1547 2071 1600 erat
2094 1533 2213 1600 doctor.
2248 1535 2361 1599 Potuit

365 1647 428 1711 qua
451 1623 553 1708 possit
574 1621 712 1705 intelligi
736 1641 799 1684 non
822 1620 946 1684 frustra
971 1639 1031 1682 nec
1053 1627 1176 1682 temere
1197 1617 1259 1682 hoc
1282 1637 1334 1684 ac·
1387 1616 1515 1700 quidem
1543 1619 1634 1701 quasi
1656 1641 1674 1684 e
1696 1618 1827 1684 sublimi
1856 1621 2071 1702 pronuntiare
2092 1619 2250 1703 quidquid
2272 1622 2360 1685 futu·

365 1712 483 1788 cidere,
506 1707 592 1793 quod
615 1707 789 1790 priventur
810 1705 958 1789 sepulcro
977 1707 1030 1786 qui
1047 1702 1137 1786 digni
1153 1712 1233 1768 sunt
1255 1723 1335 1785 quos
1389 1724 1462 1767 rum
1485 1714 1555 1767 erat
1575 1704 1610 1769 in
1633 1712 1700 1770 tota
1723 1713 1819 1770 terra.
1853 1706 1938 1770 Nam
1953 1727 1991 1771 eo
2006 1726 2107 1789 usque
2123 1705 2361 1771 extendebatur

364 1795 458 1862 Deus
491 1792 691 1859 exterminet
719 1811 736 1856 e
767 1797 869 1867 terra,
900 1798 933 1855 et
962 1809 1100 1872 quorum
1130 1787 1238 1853 deleat
1266 1807 1334 1852 me·
1387 1789 1471 1872 quod
1490 1790 1579 1855 Deus
1600 1791 1799 1872 imposuerat
1820 1791 1989 1874 praeconis
2005 1812 2136 1856 munus.
2174 1791 2219 1855 ut
2240 1792 2361 1856 scimus

364 1881 511 1962 moriam,
534 1879 581 1943 ita
603 1891 639 1942 ut
662 1898 728 1941 non
751 1882 944 1958 reputentur
966 1875 1052 1938 inter
1071 1874 1229 1938 homines.
1267 1871 1334 1939 Sed
1387 1873 1466 1955 quid
1488 1874 1610 1941 dictum
1632 1875 1681 1938 illi
1703 1874 1810 1954 fuerit,
1834 1877 1919 1942 Ecce
1940 1897 2001 1959 ego
2023 1878 2186 1942 constituo
2209 1887 2240 1940 te
2263 1897 2362 1960 super

363 1965 507 2031 diximus
529 1963 627 2029 etiam
650 1960 727 2027 alibi
745 1961 806 2026 bos
823 1959 1028 2042 loquutionee
1046 1957 1217 2024 admittere
1234 1958 1335 2024 alium
1388 1964 1503 2042 gentes
1525 1971 1558 2024 et
1581 1978 1696 2042 regna:
1726 1981 1803 2044 ergo
1826 1982 1884 2042 pro
1906 1963 2031 2026 ratione
2054 1962 2153 2026 oflicii
2173 1962 2224 2028 sni
2253 1963 2361 2042 potuit

363 2071 508 2126 sensum,
533 2047 587 2130 qni
610 2056 720 2112 tamen
736 2067 802 2111 non
817 2054 867 2110 est
882 2043 1039 2122 diversus,
1060 2041 1117 2109 sed
1132 2043 1333 2125 coniunctus,
1388 2045 1583 2110 denuntiare
1605 2044 1731 2110 cladem
1749 2047 1900 2112 omnibus
1922 2045 2059 2128 populis,
2083 2051 2139 2112 sed
2164 2067 2226 2111 non
2250 2046 2363 2111 debuit

363 2156 482 2217 nempe
516 2132 602 2217 quod
637 2142 728 2197 tanta
760 2132 871 2197 lutura
903 2132 946 2194 sit
978 2139 1121 2213 strages,
1164 2140 1199 2194 ut
1239 2149 1334 2194 nemo
1387 2131 1537 2194 omittere
1575 2131 1747 2211 specialem
1785 2151 1896 2196 curam
1930 2132 2024 2198 electi
2059 2132 2179 2214 populi.
2234 2132 2279 2195 ut
2313 2133 2362 2196 ita

364 2221 505 2305 supersit
532 2218 589 2301 qui
618 2217 772 2283 exhibeat
801 2217 942 2281 officium
972 2216 1034 2279 hoc
1062 2215 1148 2279 socio
1178 2235 1248 2290 suo,
1278 2221 1335 2279 aut
1387 2215 1586 2298 interpretor
1609 2214 1695 2281 huno
1718 2216 1835 2292 locum,
1859 2217 1946 2299 quod
1969 2236 2056 2281 nunc
2086 2218 2206 2281 iterum
2236 2237 2361 2280 sermo-

365 2307 481 2380 vicino,
510 2313 567 2368 eut
588 2302 691 2368 fratri.
736 2301 821 2366 Nam
850 2302 878 2366 si
907 2301 1089 2366 moriantur
1118 2307 1257 2382 quatuor
1283 2299 1348 2363 vcl'
1388 2320 1463 2364 nem
1485 2299 1526 2364 ad
1548 2300 1686 2366 Iudaeos
1709 2300 1839 2384 dirigat.
1884 2301 1975 2366 Dicit
1997 2303 2106 2385 igitur,
2137 2301 2198 2367 Vos
2214 2306 2362 2383 pastores

365 2391 485 2467 decem,
505 2387 557 2452 vel
572 2395 716 2470 centum,
735 2395 892 2469 poterunt
907 2385 1055 2467 sepeliris
1076 2385 1104 2450 si
1119 2393 1229 2448 autem
1246 2385 1335 2451 Deus
1387 2385 1520 2465 usuc,
1553 2391 1580 2449 et
1611 2385 1752 2451 clamate.
1803 2387 1868 2450 Per
1899 2395 2060 2467 pastores,
2090 2408 2197 2470 regem
2226 2391 2260 2451 et
2288 2389 2361 2451 eius

365 2497 432 2541 uno
462 2475 514 2538 die
544 2474 713 2556 ingentem
743 2469 991 2537 multitudinem
1022 2468 1129 2553 gladio
1160 2469 1335 2548 interimat,
1388 2470 1594 2547 consiliarios,
1617 2470 1800 2537 sacerdotes
1823 2481 1854 2536 et
1878 2472 1957 2536 alios
1979 2473 2212 2554 gubernatores
2234 2472 2360 2535 intelli·

365 2580 462 2626 nemo
495 2558 634 2624 sufficiet
666 2555 708 2620 ad
745 2576 858 2623 curam
892 2555 1092 2637 sepulturae,
1133 2555 1210 2636 quia
1242 2555 1336 2636 pauci
1389 2555 1452 2640 git:
1481 2576 1542 2636 per
1563 2556 1694 2622 ecimus
1719 2557 1824 2640 prcpis
1855 2557 1985 2620 videtur
2014 2557 2198 2640 intelligere
2226 2557 2358 2632 divites,

366 2654 465 2710 crunt
486 2643 687 2725 superstites,
717 2641 894 2724 qui'etiam
916 2647 1065 2705 metuent
1086 2638 1148 2704 sibi
1171 2638 1212 2704 ab
1235 2639 1335 2704 hosti·
1388 2661 1521 2722 quorum
1557 2640 1670 2706 melior
1703 2647 1774 2705 erat
1807 2662 1904 2724 quam
1937 2642 2025 2725 vulgi
2057 2643 2207 2708 conditio.
2259 2641 2360 2722 Quod

366 2730 437 2796 bus.
480 2730 570 2812 Ergo
599 2727 780 2811 prophetae
802 2746 902 2808 quum
926 2725 1037 2791 dieunt
1057 2724 1216 2791 carituros
1237 2724 1336 2804 luctu,
1388 2724 1550 2790 subtiliter
1583 2725 1714 2807 quidam
1747 2734 1915 2808 exponunt
1946 2728 2056 2792 vocari
2090 2728 2223 2793 samios
2253 2748 2294 2809 pr
2337 2728 2344 2740 '

365 2824 398 2881 ct
419 2815 566 2897 sepulcro
589 2832 670 2895 quos
692 2812 785 2877 Deus
806 2811 1016 2887 interfecerit,
1047 2809 1235 2893 intelligunt
1263 2818 1335 2874 tan·
1388 2811 1443 2894 qui
1466 2810 1620 2876 carebant
1646 2810 1872 2893 intelligentia,
1903 2831 1962 2876 neo
1983 2819 2078 2877 erant
2099 2811 2221 2878 similes
2243 2815 2305 2878 scri
2331 2814 2361 2877 is

366 2909 435 2964 tam
456 2901 525 2964 lore
547 2898 686 2974 turbam,
716 2907 754 2962 ut
781 2898 909 2962 iaceant
937 2915 1050 2960 omncs
1078 2916 1176 2978 super
1205 2903 1335 2972 terram,
1388 2910 1421 2961 et
1442 2893 1673 2974 sacerdotibus,
1700 2905 1734 2960 ct
1755 2898 1842 2978 regis
1863 2897 2013 2962 consilio:
2044 2896 2172 2961 videtur
2201 2898 2262 2962 hoc
2293 2919 2360 2962 non

366 2985 442 3068 quia
458 3004 552 3049 nemo
566 2982 699 3048 audebit
714 2981 928 3047 humanitatis
940 2980 1084 3047 officium
1099 3001 1178 3064 erga
1194 2990 1336 3046 mortuos
1388 2981 1468 3046 satis
1490 3000 1560 3046 esse
1582 2982 1723 3046 firmum.
1768 2982 1906 3047 Retineo
1928 2983 2028 3067 igitur
2050 2983 2133 3066 quod
2157 2984 2277 3048 certius
2299 2997 2362 3062 est,

367 3079 544 3152 praestare,
575 3074 607 3132 ct
629 3067 657 3133 si
679 3087 793 3132 omnes
821 3068 1006 3132 conlerrent
1035 3085 1096 3131 sua
1123 3063 1240 3143 studia,
1270 3085 1335 3130 non
1388 3086 1506 3150 nempe
1528 3068 1637 3131 vocari
1665 3066 1796 3132 eximios
1817 3067 1852 3132 in
1870 3087 1967 3151 prepe,
1996 3068 2051 3150 qui
2079 3066 2246 3151 pollebant
2273 3067 2360 3132 divi·

367 3163 501 3237 possent
522 3162 633 3216 tamen
656 3151 815 3230 sulficere,
846 3159 936 3215 tanta
964 3152 1026 3216 erit
1055 3149 1239 3215 multitudo.
1284 3149 1336 3215 Ita
1389 3153 1443 3218 tiis
1465 3161 1497 3215 et
1519 3151 1626 3234 aliqua
1648 3152 1905 3217 existimatione:
1936 3173 2040 3236 neque
2063 3163 2173 3218 tamen
2201 3153 2362 3219 tenebant

367 3238 540 3304 confirmat
561 3235 717 3300 Ieremias
735 3234 821 3317 quod
841 3235 992 3313 diximus,
1016 3234 1191 3301 vindictam
1214 3234 1337 3301 scilicet
1389 3236 1441 3302 vel
1474 3236 1671 3320 reipublicae
1703 3236 1941 3320 gubernacula,
1976 3238 2027 3304 vel
2060 3238 2162 3320 ipsius
2195 3238 2361 3304 ecclesiae.

367 3323 430 3388 Dei
453 3319 761 3404 comprehensurum
785 3340 855 3385 esse
875 3341 989 3386 omncs
1012 3327 1115 3385 terras
1138 3331 1172 3385 et
1193 3321 1337 3404 populos,
1389 3321 1554 3404 Quidquid
1584 3321 1637 3404 sit,
1664 3320 1808 3386 ostendit
1836 3322 1995 3405 propbeta
2023 3322 2121 3388 simul
2152 3343 2190 3390 ac
2218 3325 2364 3405 coeperit

368 3417 406 3472 ut
437 3407 588 3473 involvat
621 3405 745 3471 nobiles
773 3424 846 3471 oum
879 3405 993 3490 vulgo,
1023 3415 1056 3471 ct
1088 3406 1142 3470 vix
1176 3405 1338 3489 relinquat
1388 3407 1480 3472 Deus
1503 3426 1655 3473 exserere
1678 3427 1811 3472 manum
1834 3427 1927 3472 suam
1946 3406 1986 3472 ad
2008 3408 2190 3491 puniendos
2208 3406 2361 3491 Iudaeos,

368 3494 524 3578 exiguum
556 3511 738 3556 numerum.
790 3491 914 3556 Eodem
949 3491 1093 3574 pertinet
1121 3489 1207 3574 quod
1237 3489 1338 3569 addit,
1389 3492 1515 3557 nullum
1542 3493 1690 3557 ordinem
1718 3492 1787 3557 fore
1814 3493 1995 3558 immunem
2018 3514 2038 3557 a
2065 3491 2173 3569 luctu,
2203 3495 2281 3574 quia
2309 3495 2362 3558 in-

365 3578 491 3660 futuros
512 3581 664 3659 tunquam
684 3581 799 3642 muts
821 3577 856 3641 in
876 3581 968 3642 terra.
1005 3575 1229 3660 Ignomiuiose
1251 3575 1337 3640 enim
1389 3576 1486 3661 cipiet
1508 3575 1548 3641 ab
1570 3577 1648 3658 ipsis
1671 3575 1856 3659 pastoribus
1878 3587 1911 3641 et
1936 3578 2065 3643 eximiis
2091 3577 2211 3662 gregis.
2256 3577 2364 3644 Addit

368 3663 429 3727 hoc
451 3660 598 3727 additum
621 3669 679 3741 est,
701 3662 854 3744 quoniam
872 3662 928 3726 vix
950 3660 1102 3727 credibile
1125 3672 1203 3727 tunc
1224 3661 1339 3726 luisset
1389 3663 1529 3743 impletos
1561 3682 1626 3728 esse
1657 3662 1725 3727 dies
1756 3663 1906 3744 ipsorum,
1940 3684 2004 3744 qua
2036 3663 2196 3745 particula
2227 3663 2363 3746 oblique

368 3767 464 3830 posse
486 3754 534 3812 tot
556 3744 745 3830 splendidas
763 3752 796 3811 et
811 3745 981 3829 opulentas
996 3756 1119 3829 gentes,
1142 3757 1173 3811 et
1191 3746 1339 3812 robustas
1390 3747 1560 3831 praevenit
1590 3747 1721 3830 impiam
1751 3747 1969 3824 securitatem,
2001 3767 2086 3830 quae
2116 3749 2202 3832 ipsos
2231 3749 2362 3830 pridem

369 3833 478 3914 etiam,
501 3831 619 3915 exiguo
641 3841 787 3914 tempore
809 3832 854 3895 ita
876 3831 1030 3896 consumi.
1077 3830 1143 3898 Sed
1169 3831 1338 3914 propbeta,
1389 3832 1623 3908 obduraverat,
1658 3839 1694 3896 nt
1726 3845 1918 3914 spernerent
1950 3853 2064 3898 omnes
2095 3835 2212 3898 minas.
2268 3833 2363 3898 Deus

368 3928 405 3982 nt
427 3916 572 3981 excutiat
593 3916 685 3981 illam
704 3916 817 3981 falsam
836 3916 1030 3997 opinionem,
1053 3915 1130 3981 dicit
1148 3917 1215 3981 lore
1233 3919 1339 3980 instar
1389 3920 1476 3983 enim
1510 3919 1574 3982 iam
1605 3937 1662 4000 per
1694 3938 1796 3982 annos
1833 3918 2017 3999 complures
2049 3917 2293 3994 clamitaverat,
2328 3932 2364 3983 et

368 4001 530 4080 stercoris,
560 4001 691 4066 tametsi
714 4021 801 4067 nunc
823 4020 943 4083 magna
972 4000 1015 4065 sit
1041 4022 1152 4066 eorum
1183 4001 1337 4085 dignitas,
1390 4003 1584 4069 submiserat
1622 4004 1796 4087 prophetae
1829 4002 1910 4068 alios
1942 4003 2033 4067 aliis:
2073 4023 2173 4086 quum
2207 4004 2363 4069 viderent

368 4097 402 4152 et
420 4085 573 4170 potentia,
596 4095 629 4150 ct
649 4105 787 4169 magnae
805 4106 892 4168 opes,
912 4103 1069 4166 magnum
1092 4086 1203 4151 robur:
1228 4098 1337 4151 umen
1390 4087 1543 4171 suspendi
1566 4089 1836 4169 exsequutionem
1858 4108 2046 4170 poenarum,
2078 4088 2237 4172 putabant
2260 4089 2364 4154 luisse

369 4192 435 4237 non
469 4191 563 4256 posse
592 4171 736 4235 affuere
766 4190 902 4236 manum
934 4167 1012 4233 Dei:
1046 4172 1197 4253 quoniam
1231 4175 1338 4254 potest
1392 4195 1477 4238 vena
1504 4172 1777 4238 terriculamenta.
1821 4171 1903 4256 Age,
1933 4194 1975 4238 ne
2004 4171 2155 4238 desinant
2184 4173 2364 4257 prophetae

370 4259 472 4321 totius
501 4254 616 4320 mundi
642 4192 780 4339 gloriam
809 4256 844 4320 iu
873 4254 1013 4319 nihilum
1042 4255 1198 4339 redigere.
1244 4255 1338 4320 Nunc
1392 4269 1532 4322 terrores
1554 4279 1629 4322 suos
1654 4258 1811 4339 proiicere
1838 4257 1866 4322 si
1895 4257 2043 4323 libuerit:
2074 4258 2130 4323 sed
2160 4259 2271 4324 nullus
2301 4259 2365 4324 erit

370 4360 447 4424 ergo
481 4349 630 4405 tenemus
664 4339 843 4423 genuinum
874 4338 1052 4423 prophetae
1080 4359 1221 4405 sensum.
1267 4341 1338 4405 Iam
1392 4342 1536 4406 effeetus.
1581 4343 1632 4406 Ita
1653 4343 1746 4424 impii
1769 4341 1834 4406 Dei
1864 4341 2070 4408 tolerantiam
2099 4353 2300 4408 convertunt
2321 4344 2365 4409 ad

370 4424 526 4508 sequitur,
1392 4426 1561 4491 materiam
1584 4447 1665 4492 suae
1686 4427 1922 4493 obstinationis.
1957 4428 2119 4508 Quoniam
2142 4449 2221 4512 ergo
2246 4429 2364 4494 vitium

1391 4511 1522 4576 Iudaeis
1537 4531 1709 4578 commune
1727 4516 1806 4590 erat,
1824 4531 1912 4577 nuno
1930 4512 2008 4579 dicit
2025 4513 2186 4596 propbeta
2204 4534 2262 4595 per
2281 4516 2364 4579 snti-

454 4595 506 4658 34.
541 4591 665 4660 Ulctcte
700 4599 859 4676 pastores,
898 4597 926 4658 et
958 4593 1105 4674 clamate,
1146 4599 1174 4658 ct
1211 4593 1341 4658 volutotc
1392 4595 1564 4679 cipaticnis
1586 4597 1731 4675 modum,
1752 4595 1893 4678 impletos
1914 4617 1979 4662 esse
2000 4599 2144 4681 ipsorum
2164 4598 2241 4664 dies
2276 4600 2365 4664 Sub·

370 4700 425 4745 eos
446 4680 557 4745 emenii
576 4680 695 4762 prepis:
723 4680 800 4762 quia
830 4679 948 4760 impleti
976 4682 1050 4743 sunt
1080 4679 1147 4744 dies
1176 4679 1270 4744 vestri
1298 4680 1341 4744 ad
1392 4681 1554 4747 audienda
1571 4692 1622 4748 est
1639 4683 1726 4746 enim
1744 4681 1925 4761 antithesis,
1945 4684 2030 4764 quod
2049 4683 2141 4748 Deus
2161 4683 2226 4750 illis
2249 4705 2365 4768 poper-

369 4766 585 4832 moetartdum:
613 4771 642 4830 οι
670 4763 877 4844 dispersiones
907 4768 1025 4829 vestroe
1052 4762 1118 4848 (vel
1140 4764 1340 4842 afflictiones,
1392 4769 1488 4846 ecrit,
1517 4787 1584 4831 non
1606 4765 1694 4849 quod
1724 4767 1850 4832 clausos
1878 4766 2030 4833 habuerit
2059 4768 2184 4846 oculos,
2214 4769 2268 4834 vel
2298 4789 2365 4835 non

370 4849 630 4935 confractiones),
658 4853 687 4914 et
715 4849 830 4915 caucis
858 4853 1006 4930 tauquam
1033 4869 1090 4914 uos
1118 4849 1267 4914 desiderii
1294 4848 1339 4934 (id
1393 4850 1659 4917 animadverterit
1680 4851 1824 4933 ipsorum
1847 4852 1984 4919 scelera:
2007 4853 2064 4918 sed
2082 4855 2238 4938 quoniam
2254 4855 2365 4922 volos-

370 4943 430 5015 est,
454 4934 654 5022 pretiosum).
1393 4937 1436 5000 rit
1458 4937 1536 5001 dare
1558 4937 1699 5019 spatium
1721 4938 1947 5019 resipiscendi:
1978 4960 2080 5021 quum
2104 4949 2214 5004 autem
2237 4941 2367 5006 videret

1394 5019 1552 5085 malitiam
1586 5041 1698 5085 eorum
1731 5042 1803 5086 esse
1835 5021 2058 5100 insanabilem,
2095 5025 2160 5087 iam
2190 5024 2269 5090 dicit
2298 5025 2367 5090 dies

458 5104 530 5172 Non
564 5103 676 5171 dubito
709 5102 789 5186 quin
823 5102 980 5186 propbeta
1014 5123 1100 5169 nunc
1134 5103 1341 5187 peculiariter
1394 5107 1536 5186 ipsorum
1565 5125 1630 5171 esse
1657 5108 1828 5188 completos.
1880 5108 1924 5171 Et
1956 5106 2055 5185 addit,
2087 5109 2131 5173 od
2155 5110 2365 5176 meandum.

372 5209 554 5255 sermonem
577 5196 749 5256 convertat
770 5187 811 5253 ad
839 5195 970 5273 gentem
993 5206 1101 5252 suam:
1132 5188 1217 5272 quod
1239 5187 1342 5254 inter·
1395 5191 1498 5255 Miror
1529 5209 1587 5256 cur
1619 5190 1705 5257 docti
1738 5193 1933 5274 interpretes
1966 5191 2177 5276 subaudiant,
2211 5215 2276 5276 quo
2308 5195 2367 5258 elii

373 5282 479 5357 pretes
502 5294 567 5340 non
589 5275 773 5353 observant,
801 5275 847 5339 ita
869 5293 933 5338 non
956 5278 1092 5355 possunt
1115 5273 1243 5358 assequi
1265 5293 1341 5338 con·
1395 5274 1475 5340 alios
1497 5275 1704 5342 interficiant.
1750 5277 1863 5359 Neque
1885 5277 1972 5342 anim
2000 5297 2082 5360 opus
2104 5278 2165 5342 luit
2186 5279 2366 5361 quidquam
