5118 6136
201 461 265 528 see
878 457 928 523 ιιι
951 456 1201 524 rnasnrsn.
1236 457 1335 525 aar.
1355 455 1523 526 xxvru.
2037 433 2042 443 “
2135 465 2200 531 ero

202 649 265 716 Dei
287 670 388 733 quum
411 649 473 716 hoo
497 648 633 714 dioeret:
663 654 792 713 tantum
814 647 961 730 eonoepit
984 652 1113 726 votum,
1142 652 1176 710 et
1228 647 1362 712 eenflari
1385 645 1514 730 aliquod
1536 647 1649 712 edium
1670 647 1846 730 Ieremias,
1876 651 1939 717 nisi
1962 671 1997 716 se
2020 663 2199 736 purgasset.

201 734 334 818 reliquit
366 735 503 800 alteram
535 755 648 800 euram
680 734 769 812 Deo,
807 751 923 816 nempe
960 743 997 796 ιιι
1028 741 1176 798 maneret
1227 732 1407 816 Postquam
1429 739 1536 798 summ
1561 741 1698 800 testatus
1719 746 1769 800 est
1790 756 1825 802 se
1841 736 1941 819 probe
1963 747 1997 802 et
2013 737 2201 805 humaniter

201 821 293 888 salva
322 830 356 886 et
384 822 513 904 integra
545 818 626 884 fides
656 831 688 884 et
719 820 877 884 autoritas
904 818 1060 884 vatioinii.
1103 817 1176 882 Hoo
1228 840 1299 885 esse
1331 819 1483 884 affeetum
1516 838 1595 902 erga
1623 828 1756 903 gentem
1790 841 1900 899 suam,
1939 844 2026 889 nuno
2058 825 2200 910 insurgit

202 927 280 992 ergo
312 926 378 973 nen
407 905 548 990 sumpsit
569 905 660 988 quasi
683 902 817 970 deberet
841 915 1008 988 praestare
1029 903 1057 970 si
1079 923 1175 968 even·
1228 913 1342 972 eontra
1363 904 1572 987 impostorem
1592 904 1698 971 illum:
1720 927 1781 972 nee
1800 905 1926 973 dubitat
1950 909 2034 993 quod
2054 910 2200 994 asperius

202 1003 255 1060 tus
279 992 363 1058 forte
392 1013 457 1058 non
491 990 703 1075 responderet
730 991 800 1056 eius
831 989 1001 1058 vatieinie:
1037 988 1094 1054 sed
1123 988 1177 1053 de·
1228 992 1335 1056 visum
1358 988 1473 1055 inisset
1495 989 1650 1073 prolerre,
1681 1013 1798 1077 nempe
1819 993 1977 1077 populum
2007 995 2074 1060 fore
2096 996 2197 1080 eapti·

201 1079 311 1162 posuit
329 1078 413 1144 hane
428 1097 542 1144 euram
563 1076 650 1158 apud
663 1077 782 1154 Deum,
805 1077 897 1142 etita
918 1077 989 1141 sine
1011 1074 1176 1140 obstseule
1228 1097 1317 1140 vum.
1372 1076 1496 1140 Tamen
1529 1075 1661 1141 videtur
1692 1077 1746 1143 hie
1778 1077 1935 1146 Ieremias
1969 1091 2058 1146 meta
2091 1080 2200 1165 aliquo

201 1171 353 1248 praeatus
375 1173 426 1230 est
446 1184 505 1249 pro
527 1162 718 1228 liberatione
740 1173 773 1228 et
788 1161 896 1228 reditu
920 1160 1038 1244 pepuli.
1080 1159 1176 1227 Nune
1228 1163 1328 1228 fuisse
1350 1160 1535 1247 perculsus,
1566 1162 1641 1244 qnia
1672 1184 1735 1227 uon
1765 1165 1936 1230 confirmat
1965 1187 2060 1232 suum
2084 1169 2199 1234 vatiei·

201 1261 312 1316 antem
334 1250 490 1333 sequitur,
1228 1248 1331 1327 nium,
1352 1247 1409 1313 sed
1431 1266 1561 1312 eausam
1584 1247 1740 1331 relinquit
1762 1252 1854 1333 quasi
1884 1251 1918 1315 in
1942 1271 2108 1334 suspenso.
2153 1258 2200 1319 At

1228 1355 1306 1399 vero
1328 1333 1464 1400 minime
1490 1331 1625 1398 dubium
1653 1345 1704 1400 est
1734 1336 1813 1417 quin
1843 1336 2036 1403 refutaverit
2064 1339 2199 1404 menda·

288 1421 317 1485 7.
348 1420 478 1505 Veram,
508 1421 587 1487 ordi
614 1439 696 1486 arrae
723 1417 790 1505 (vel
813 1418 969 1503 agedum,
999 1417 1176 1504 hortantis)
1227 1421 1277 1486 oia
1300 1418 1500 1487 Obananiae.
1546 1416 1613 1485 Sed
1634 1421 1757 1486 seimus
1787 1443 1853 1486 nen
1881 1422 2010 1488 reaitari
2038 1442 2199 1508 quaeeun-

200 1526 370 1574 eermortem
404 1506 518 1587 buna,
540 1525 631 1590 quera
662 1525 714 1589 epo
741 1504 915 1588 proaemio
947 1502 1175 1588 (pronuntians
1226 1527 1289 1590 que
1323 1505 1409 1573 diota
1442 1513 1522 1570 sunt
1553 1525 1572 1568 a
1605 1506 1787 1589 prophetis,
1825 1506 1880 1573 sed
1913 1509 2057 1574 breviter
2091 1511 2199 1576 notari

201 1593 290 1679 snm)
312 1594 347 1659 ιἰι
367 1592 500 1658 atrebas
521 1593 596 1676 tais,
617 1597 645 1658 et
665 1593 701 1658 ιιι
722 1591 855 1657 aeribus
874 1590 971 1654 totius
985 1588 1116 1670 papati:
1227 1593 1387 1658 duntaxat
1419 1611 1528 1655 rerum
1556 1612 1700 1657 summas
1730 1602 1764 1657 et
1796 1595 1920 1677 eapite:
1952 1603 2128 1673 ettamen,
2163 1608 2199 1662 ut

288 1679 318 1746 8.
343 1677 516 1760 Prophetae
536 1679 592 1760 qai
611 1678 739 1761 fueruat
769 1682 840 1743 ante
862 1695 925 1758 me,
956 1680 984 1740 et
1013 1679 1085 1740 uate
1105 1680 1133 1740 te
1154 1695 1176 1740 a
1227 1676 1418 1760 paulopost
1444 1676 1598 1760 dieamus,
1621 1677 1779 1744 Ieremias
1801 1679 1835 1743 in
1862 1700 1982 1765 magno
2008 1682 2118 1765 populi
2147 1691 2198 1748 tu-

200 1765 338 1842 saeorrlo,
380 1770 408 1830 et
433 1764 662 1848 propbetamat
700 1783 796 1845 saper
826 1767 929 1827 erras
960 1759 1077 1827 mattae
1109 1760 1174 1846 (rel
1225 1761 1332 1828 multu
1354 1783 1420 1827 non
1443 1765 1549 1844 potuit
1571 1783 1667 1846 agere
1690 1776 1726 1829 ut
1748 1773 1910 1846 optasset:
1935 1765 2087 1849 loquutus
2110 1768 2198 1834 enim

200 1849 352 1937 magnas)
379 1856 407 1916 et
444 1871 542 1934 repra
580 1869 696 1934 magau
728 1850 767 1914 de
792 1847 931 1932 proelio,
963 1848 1000 1913 de
1034 1847 1116 1912 mulo
1148 1852 1175 1912 et
1225 1849 1341 1915 luisset
1361 1847 1477 1914 surdis.
1523 1847 1650 1913 Deinde
1672 1851 1825 1933 quoniam
1848 1850 2038 1918 Chananias
2060 1873 2198 1939 oeeupa-

200 1937 238 2003 de
253 1941 358 2019 peste:
1225 1943 1320 2000 rerst
1340 1935 1486 1999 omnium
1509 1935 1575 2000 lere
1590 1936 1725 2014 animos,
1749 1937 1784 2000 in
1799 1936 1855 2002 illa
1871 1938 2114 2020 perturbatione
2132 1961 2198 2005 nen

286 2023 317 2088 9.
340 2021 497 2104 Propheta
518 2023 574 2103 qai
590 2019 823 2105 prophetaverit
851 2020 890 2084 de
911 2038 992 2100 paee
1019 2015 1094 2101 (hoe
1115 2028 1173 2101 est,
1225 2022 1340 2086 luisset
1367 2019 1496 2086 auditus
1525 2028 1659 2086 sanetus
1688 2021 1855 2106 propheta.
1907 2024 1997 2108 Ergo
2026 2032 2198 2091 eontentus

201 2109 241 2173 de
273 2107 371 2174 rebus
405 2108 595 2194 prosperis),
628 2127 725 2189 qaum
756 2107 872 2170 verterit
903 2124 1003 2172 serrw
1036 2103 1081 2190 (id
1114 2113 1172 2181 est,
1225 2105 1288 2172 fuir
1309 2106 1371 2173 hae
1392 2106 1570 2182 brevitate,
1601 2106 1688 2190 quod
1711 2107 1833 2174 scilieet
1854 2108 1946 2174 Deus
1969 2110 2059 2176 brevi
2090 2119 2198 2176 osten·

201 2214 302 2277 quum
325 2204 447 2258 eventu
469 2191 698 2275 eomprobatus
724 2190 823 2257 luerit
845 2212 952 2257 sermo
974 2189 1174 2274 prophetae),
1224 2213 1321 2258 surus
1359 2201 1443 2258 esset
1482 2193 1655 2258 mentitum
1692 2193 1796 2259 fuisse
1831 2193 2053 2274 Chananiam,
2097 2217 2198 2279 quum

199 2285 392 2364 wpaosaetm
419 2279 573 2364 propbeta
604 2281 686 2362 qaod
717 2277 839 2346 miserit
869 2298 939 2344 eam
968 2275 1108 2342 [morab
1138 2279 1173 2341 r'rr
1225 2277 1306 2343 falso
1327 2285 1393 2342 tam
1416 2276 1553 2344 eelerem
1577 2277 1718 2343 reditum
1747 2279 1885 2361 eaptiris
1914 2289 2010 2363 atque
2032 2282 2199 2348 exsulibus

200 2366 334 2432 veritate,
1225 2364 1437 2448 promitteret.
1472 2361 1538 2428 Sed
1560 2361 1614 2427 hie
1636 2374 1763 2429 tantum
1786 2367 1917 2447 ponitur
1939 2369 2102 2451 generalis
2124 2389 2197 2433 seu·

1225 2450 1338 2529 tentia,
1363 2447 1535 2530 Prophetae
1556 2451 1611 2531 qai
1630 2449 1759 2531 fueraut
1780 2456 1850 2517 aab
1866 2471 1923 2533 me,
1946 2458 1973 2516 et
1993 2457 2065 2518 arrte
2086 2458 2124 2537 te,
2147 2455 2197 2518 in-

287 2537 464 2620 Postquam
487 2545 625 2602 testatus
647 2542 696 2600 est
710 2534 867 2599 Ieremias
884 2552 920 2598 se
935 2552 999 2596 nou
1020 2543 1172 2617 appetere
1225 2537 1304 2618 quit,
1326 2540 1354 2600 et
1363 2534 1594 2616 prophetarant
1607 2541 1712 2600 ceretro
1726 2542 1827 2603 terras
1841 2538 1964 2621 multas,
1986 2539 2035 2604 vel
2051 2559 2197 2623 magnas,

202 2623 380 2707 quidquam
402 2623 546 2704 adversi,
575 2620 631 2688 sed
662 2641 703 2686 ex
730 2621 839 2685 animo
866 2617 984 2702 populo
1010 2639 1069 2684 sno
1093 2620 1172 2685 bene
1224 2627 1329 2688 tantm
1350 2641 1447 2704 repra
1468 2640 1593 2704 magau,
1616 2622 1779 2688 autiaaatr'
1795 2628 1870 2689 aaut
1883 2625 1920 2690 de
1941 2624 2024 2702 bello,
2047 2626 2085 2691 de
2105 2626 2197 2690 retas

202 2730 338 2792 supere,
370 2710 434 2774 iam
468 2707 619 2791 adiungit
647 2727 718 2772 esse
751 2715 859 2770 tamen
891 2703 977 2786 quod
1010 2704 1172 2786 praedixit
1224 2708 1375 2790 adverae
1405 2707 1442 2772 de
1457 2712 1557 2790 peste.
1600 2719 1666 2784 ,ιιι
1698 2710 1790 2791 ponit
1817 2710 1854 2772 in
1882 2710 2000 2787 medio,
2032 2719 2196 2775 ettamen

202 2796 420 2861 verissimum.
464 2794 529 2858 Hie
559 2793 676 2858 melius
705 2791 898 2876 perspiritur
924 2789 1008 2871 qaod
1038 2791 1106 2855 dixi
1133 2790 1172 2858 de
1224 2805 1274 2860 est
1295 2814 1398 2876 genus
1419 2794 1560 2876 positum
1584 2793 1669 2858 inter
1698 2793 1780 2859 duas
1806 2797 1939 2877 speeies.
1985 2795 2051 2862 Sed
2079 2797 2196 2878 aoeipi·

202 2880 323 2964 duplici
346 2881 472 2945 affeetu.
518 2877 679 2961 Quamvis
701 2878 787 2942 enim
811 2876 969 2960 propheta
990 2877 1171 2942 eonsultum
1225 2888 1278 2944 tur
1300 2879 1386 2944 haud
1410 2878 1507 2943 dubie
1529 2878 1591 2942 hoe
1612 2878 1681 2944 loeo
1703 2899 1762 2961 pro
1790 2880 1893 2956 fame,
1924 2882 2197 2962 quemadmodum

203 2977 292 3050 optet
314 2965 412 3032 saluti
432 2965 554 3049 populi,
584 2972 783 3030 nontamen
806 2961 1172 3028 ideodesinitstrenue
1224 2987 1264 3030 ex
1295 2964 1367 3030 eliis
1394 2965 1492 3028 etiam
1519 2963 1597 3029 loeis
1625 2963 1705 3030 satis
1737 2975 1834 3046 patet.
1880 2965 2009 3031 Deinde
2038 2965 2196 3051 adiungit,

200 3071 316 3136 parere
337 3052 419 3128 Deo,
441 3060 474 3117 et
494 3052 637 3135 perferre
658 3048 812 3114 mandata
833 3048 904 3125 illa,
939 3069 1020 3130 quae
1045 3050 1172 3116 tametsi
1224 3058 1349 3116 mutato
1379 3059 1487 3115 tamen
1517 3070 1667 3128 numere,
1699 3049 1737 3114 Si
1764 3052 1836 3133 qais
1865 3053 1957 3117 ettam
1980 3052 2131 3135 propbeta
2160 3054 2197 3119 de

202 3137 309 3204 tristia
330 3146 441 3216 erant,
472 3158 538 3201 nen
567 3144 677 3201 tamen
698 3135 856 3200 Ieremias
886 3134 959 3200 ideo
988 3145 1095 3202 taeere
1117 3135 1170 3200 de·
1218 3157 1298 3219 paee
1319 3139 1464 3220 laqueatas
1485 3141 1543 3216 est,
1572 3146 1605 3200 et
1633 3147 1770 3203 eventus
1793 3137 1923 3203 tandem
1946 3137 2088 3203 ostendit
2109 3140 2198 3222 quis-

201 3224 287 3302 buit,
310 3225 389 3306 quin
410 3243 527 3306 praeeo
558 3233 642 3288 esset
663 3224 767 3287 iustae
788 3220 853 3286 Dei
875 3220 1035 3288 vindietae
1059 3222 1172 3287 adver·
1225 3243 1302 3289 nam
1324 3224 1439 3288 luisset
1462 3243 1558 3288 verus
1577 3220 1751 3306 propheta:
1776 3223 1846 3307 ipsa
1867 3235 1976 3290 autem
1996 3225 2198 3306 experientia

201 3330 258 3376 sas
289 3309 454 3393 populum.
506 3307 558 3373 Ab
591 3330 657 3374 uua
689 3309 790 3393 igitur
822 3314 913 3389 parte
942 3307 1083 3372 ostendit
1110 3309 1172 3374 sibi
1225 3310 1317 3376 brevi
1349 3321 1381 3375 te
1414 3319 1569 3393 eoarguet
1601 3308 1777 3375 meudaoii:
1819 3311 1894 3392 quia
1930 3311 2023 3376 finite
2056 3310 2195 3388 biennio,

201 3394 284 3460 nihil
306 3397 411 3479 magis
433 3416 504 3460 esse
525 3395 559 3458 in
581 3396 665 3461 votis
694 3413 792 3476 quam
815 3401 850 3458 ιιι
872 3392 1013 3476 populus
1042 3404 1173 3459 maneat
1223 3395 1362 3480 populus
1384 3404 1504 3475 tamen,
1528 3394 1584 3478 qui
1599 3415 1685 3462 nuno
1707 3406 1756 3461 est
1778 3396 1863 3478 apud
1880 3396 2090 3481 Babylonios,
2111 3397 2195 3463 iaes-

200 3481 373 3548 inoelumis
395 3489 428 3547 et
449 3482 589 3564 integer:
622 3481 745 3544 interea
767 3495 835 3541 non
857 3498 928 3543 esse
950 3479 986 3542 in
1008 3499 1066 3544 sue
1088 3478 1172 3544 arbi·
1224 3481 1272 3546 bit
1293 3481 1360 3548 illia
1382 3483 1442 3548 sub
1466 3479 1649 3566 tyrannide,
1673 3491 1706 3546 et
1728 3481 1831 3546 nihilo
1854 3483 1917 3546 erit
1938 3483 2054 3548 melier
2075 3483 2194 3548 residui

201 3569 278 3647 trio,
309 3567 360 3633 vel
389 3567 583 3648 euiusquam
606 3564 745 3630 hominis
773 3563 936 3641 mortalis,
966 3575 1094 3629 mutare
1117 3565 1171 3630 de·
1222 3567 1332 3650 populi
1355 3566 1505 3633 eonditio.
1550 3567 1636 3632 Nam
1663 3569 1719 3648 qui
1748 3567 1854 3634 adhue
1884 3569 1918 3632 in
1948 3568 2028 3634 urbe
2055 3577 2197 3649 manent,

201 3663 325 3718 oretum
347 3651 430 3717 illud
445 3654 591 3729 eoeleste,
606 3650 692 3734 quod
709 3651 988 3734 pronuntiaverat.
1011 3651 1172 3716 Videmus
1222 3662 1256 3718 et
1277 3654 1310 3718 in
1333 3662 1402 3718 tota
1424 3653 1560 3732 Iudaea,
1589 3652 1637 3717 illi
1660 3673 1735 3718 eum
1756 3652 1912 3719 fratribus
1934 3655 2001 3720 suis
2024 3655 2197 3719 trahentur

201 3759 279 3823 ergo
310 3746 346 3804 ut
367 3737 459 3804 Deus
487 3739 534 3805 sia
562 3737 746 3803 moderatus
775 3737 818 3802 sit
846 3746 970 3800 mentes
992 3743 1025 3802 et
1046 3737 1171 3802 animos
1222 3739 1257 3803 in
1281 3739 1444 3804 exsilium.
1491 3738 1629 3803 Videtur
1652 3749 1760 3803 autem
1783 3739 1940 3805 Ieremias
1968 3738 2120 3824 colligere
2142 3761 2197 3805 eos

200 3845 370 3891 serrorum
393 3845 537 3904 suorum,
560 3836 597 3888 ut
620 3845 684 3889 uon
703 3824 827 3888 luerint
841 3822 996 3901 erudsles,
1018 3831 1076 3886 ant
1097 3822 1170 3887 bar·
1222 3822 1306 3889 solos
1328 3823 1493 3892 habendos
1515 3844 1586 3888 esse
1608 3844 1667 3906 pro
1689 3826 1778 3890 veris
1807 3825 1974 3908 prophetis
1996 3827 2051 3908 qui
2075 3834 2195 3892 eventu

200 3912 288 3977 bari:
324 3911 449 3976 interea
481 3919 653 3993 praetextu
687 3909 901 3975 humanitatis
942 3929 1007 3972 non
1046 3907 1171 3973 luerint
1223 3908 1445 3975 demonstrant
1463 3930 1498 3975 se
1514 3910 1629 3976 missos
1645 3909 1746 3976 luisse
1762 3911 1935 3977 divinitus:
1960 3921 1992 3975 et
2007 3933 2071 3976 non
2090 3910 2195 3976 solnm

199 3996 323 4076 molles,
346 3996 399 4062 vel
420 3994 594 4073 flexibiles,
617 3996 673 4061 sed
697 3995 841 4060 animose
864 3992 1059 4074 pertulerint
1079 3993 1172 4076 quid·
1223 3994 1352 4061 videtur
1373 3996 1435 4060 heo
1457 4016 1551 4078 posse
1572 3994 1685 4080 oolligi
1706 4018 1746 4060 ex
1769 3997 1888 4073 verbis,
1918 3996 1975 4062 sed
1999 4017 2093 4080 posse
2116 4017 2196 4079 que·

199 4082 282 4166 quid¹
301 4083 390 4147 Deus
412 4083 562 4148 iusserat.
599 4082 671 4147 Hae
693 4082 819 4146 ratione
841 4079 926 4158 dioit,
953 4077 1172 4145 Verumtamen
1223 4103 1284 4164 qne
1307 4081 1377 4147 eliei
1401 4081 1545 4146 definitio
1566 4081 1638 4147 veri
1660 4081 1846 4164 prophetae,
1877 4104 1994 4166 nempe
2018 4082 2071 4148 ubi
2094 4103 2194 4147 ereu-

199 4168 279 4234 aadi
300 4187 472 4234 samonem
494 4167 575 4233 baua
598 4189 687 4249 qaam
716 4187 769 4251 epo
791 4164 960 4247 potamio
981 4166 1016 4231 r'rr
1038 4165 1172 4230 auritus
1223 4173 1277 4231 tus
1299 4167 1451 4233 vatiainio
1472 4167 1662 4249 respondet,
1692 4187 1757 4231 nou
1787 4179 1857 4233 esse
1881 4167 2094 4234 dubitandum
2115 4170 2193 4249 quin

198 4256 272 4336 trie,
294 4260 322 4320 et
341 4255 377 4319 irr
399 4253 532 4319 auribus
553 4255 647 4320 totius
663 4252 785 4335 papati.
825 4250 889 4315 His
911 4249 1019 4316 verbis
1042 4251 1171 4334 oblique
1223 4254 1341 4319 missus
1375 4275 1394 4318 a
1427 4254 1497 4319 Deo
1529 4254 1627 4318 fuerit
1660 4253 1715 4335 qui
1747 4253 1911 4336 praedixit
1943 4253 2027 4336 quod
2060 4250 2193 4319 tandem

199 4340 357 4406 Ieremias
380 4341 571 4423 perstringit
589 4340 766 4404 vanitatem
785 4337 985 4416 Chananiae,
1006 4337 1062 4418 qui
1085 4338 1171 4402 vole·
1223 4337 1347 4404 aeoidit.
1393 4337 1460 4404 Sed
1481 4338 1658 4403 tenendum
1682 4346 1732 4403 est
1753 4341 1910 4404 memoria
1937 4341 2023 4422 quod
2053 4339 2194 4404 habetur

198 4427 254 4492 bat
275 4424 394 4510 populo
416 4425 573 4502 blandiri,
604 4434 637 4491 et
658 4445 716 4507 per
737 4445 812 4489 suas
834 4421 1037 4488 adulationes
1059 4425 1171 4490 venari
1221 4424 1470 4490 Deuteronomii
1493 4424 1543 4489 13.
1566 4425 1673 4508 eapite
1694 4421 1737 4508 (r.
1763 4426 1779 4488 1
1804 4425 1875 4508 sq),
1899 4424 1952 4489 ubi
1976 4426 2067 4490 Deus
2089 4446 2193 4509 popu·

199 4513 340 4596 gratiam
374 4517 407 4578 et
439 4511 601 4591 favorem,
638 4521 675 4576 ut
713 4510 818 4576 solent
850 4508 933 4574 tales
966 4508 1169 4591 impostores.
1222 4509 1291 4576 lum
1314 4510 1476 4591 admonet,
1498 4511 1596 4576 etiam
1618 4512 1646 4574 si
1663 4520 1800 4576 eventus
1819 4511 2011 4593 respondeat
2029 4511 2193 4588 vatieinio,

199 4598 289 4664 Dieit
311 4598 414 4682 igitur
434 4618 509 4663 eum
532 4596 616 4662 nihil
633 4597 797 4680 prolicere,
820 4615 921 4677 quum
939 4595 1058 4677 populo
1079 4617 1170 4678 spem
1222 4617 1287 4662 nen
1321 4605 1430 4662 tamen
1461 4607 1582 4661 temere
1610 4596 1664 4661 vel
1699 4597 1883 4679 promissus
1910 4597 2094 4663 habendam
2123 4617 2194 4661 esse

200 4684 344 4767 aliquam
365 4683 653 4767 faeitpropinqnae
672 4681 886 4748 liberationis:
911 4681 1065 4763 quoniam
1077 4681 1169 4747 Deus
1221 4683 1319 4747 fidem
1340 4682 1515 4765 prophetis,
1537 4683 1592 4764 qui
1609 4702 1687 4747 vera
1705 4682 1942 4765 praedixerint:
1967 4684 2086 4748 Tentat
2105 4683 2193 4745 euim

200 4769 371 4836 eonsilium
394 4791 487 4835 sunm
511 4789 577 4834 non
597 4774 795 4833 mutaverat:
820 4777 852 4832 et
874 4767 940 4831 iam
963 4766 1116 4832 audaster
1137 4778 1171 4833 et
1223 4781 1254 4834 te
1272 4767 1365 4833 Deus
1387 4779 1474 4844 tuns,
1492 4767 1610 4850 iuquit,
1633 4767 1694 4833 hoa
1711 4777 1771 4846 est,
1793 4771 1959 4834 examinat
1976 4767 2075 4832 fidem
2094 4775 2193 4846 tuam,

199 4857 340 4939 ingenue
370 4875 440 4921 sese
472 4855 605 4938 opponit
634 4853 798 4930 Ieremias,
831 4853 907 4936 quia
939 4853 1019 4918 satis
1051 4853 1171 4934 repulit
1223 4876 1263 4919 an
1293 4853 1388 4920 faoile
1416 4854 1553 4938 rapiaris
1585 4851 1626 4918 ad
1658 4852 1835 4935 quamlibet
1868 4874 1981 4919 auram
2015 4853 2192 4917 doetrinae.

199 4940 376 5018 invidiam,
409 4962 473 5022 qua
505 4949 633 5023 peterat
664 4940 774 5020 inique
806 4939 946 5024 gravari:
981 4939 1077 5004 sirati
1110 4939 1170 5002 im·
1222 4938 1290 5006 Sed
1318 4940 1416 5005 etiam
1446 4938 1532 5023 apud
1555 4940 1670 5005 Mosen
1705 4949 1784 5005 snut
1817 4939 1878 5006 dno
1902 4940 1979 5015 loei,
2012 4939 2067 5021 qui
2089 4941 2194 5021 primo

200 5039 346 5111 pastores
365 5046 494 5110 semper
508 5028 675 5110 reperiunt
690 5025 880 5102 calumnias,
903 5022 1018 5106 quibus
1033 5035 1171 5091 onerent
1222 5026 1344 5091 intuitu
1366 5023 1470 5091 videri
1491 5035 1625 5109 possent
1646 5027 1731 5092 inter
1749 5046 1783 5092 ae
1806 5045 1970 5111 pugnare:
1992 5025 2056 5090 iam
2079 5026 2194 5090 reoita·

200 5113 313 5178 fideles
342 5113 405 5177 Dei
435 5132 556 5177 servos.
601 5113 701 5177 Initio
729 5119 856 5195 poterat
881 5109 976 5177 obiiti
1001 5110 1170 5188 Ieremiae,
1223 5112 1330 5178 vimus
1352 5111 1493 5196 priorem
1516 5135 1558 5178 ex
1581 5111 1631 5176 13.
1647 5113 1767 5196 eapite:
1790 5112 1872 5176 alter
1889 5111 2028 5177 habetur
2051 5110 2101 5175 18.
2114 5109 2194 5174 Pro·

200 5199 252 5265 Tu
273 5199 399 5265 alienus
418 5217 454 5263 ea
472 5218 492 5262 a
512 5207 686 5281 geutetna,
709 5219 774 5262 non
794 5197 936 5280 tangeris
954 5199 1004 5260 tot
1021 5197 1169 5275 miseriis,
1223 5198 1319 5281 pheta
1341 5198 1395 5280 qui
1419 5219 1533 5264 verum
1556 5198 1771 5282 praedixerit,
1799 5218 1859 5283 ego
1889 5198 1982 5262 illum
2011 5198 2098 5262 misi:
2126 5195 2194 5260 illie

201 5285 317 5368 quibus
340 5283 444 5349 attriti
463 5284 602 5351 antehae
623 5287 757 5364 luimus,
780 5303 886 5365 neque
901 5282 999 5346 etiam
1019 5302 1113 5347 ouras
1135 5285 1168 5348 in
1222 5285 1317 5348 etiam
1338 5283 1470 5350 videtur
1491 5283 1583 5350 Deus
1611 5305 1787 5370 agnesoere
1824 5305 1882 5367 pro
1909 5282 2060 5350 fidelibus
2089 5283 2194 5349 servis

200 5371 351 5438 futurum
374 5377 503 5454 tempus
524 5370 602 5452 quid
625 5371 665 5436 de
687 5371 778 5437 nobis
803 5371 868 5435 fiet.
914 5367 1049 5432 Poterat
1069 5367 1170 5452 igitur
1222 5370 1407 5453 quiouuque
1436 5391 1550 5438 verum
1579 5369 1700 5454 aliquid
1729 5371 1928 5455 pmedieunt.
1974 5371 2076 5455 Atqui
2097 5367 2194 5454 paulo
