5134 6124
197 437 261 502 205
917 437 966 502 IN
988 436 1239 503 latratuum.
1286 436 1384 502 est).
1408 437 1486 502 XV.
2067 501 2071 510 ,
2140 447 2204 513 206

198 636 271 702 net,
302 627 455 710 quoniam
478 647 607 693 summa
636 631 687 692 est
713 648 812 710 penes
835 637 867 693 te
889 648 992 692 unum
1016 635 1174 709 potestas:
1228 625 1304 691 dum
1328 645 1517 710 precamur,
1548 627 1703 694 debemus
1725 630 1952 712 proceritatis
1982 633 2095 718 regula
2117 654 2203 702 oom-

199 721 397 780 ooncurrant
428 733 542 779 omnes
575 713 619 778 dii
652 715 819 798 gentium,
856 715 953 778 etiam
985 713 1173 794 conspirent
1227 711 1324 794 plecti
1346 733 1474 789 omnes,
1505 715 1659 796 quoniam
1684 714 1827 780 nondum
1855 736 2031 799 possumus
2060 731 2203 787 statuere

110 799 114 806 ’
199 799 309 865 omnia
341 799 513 880 elementa,
545 807 579 864 et
611 818 724 865 omnes
756 808 928 866 creaturae
959 799 992 861 iu
1027 809 1174 862 nostram
1227 819 1307 881 quos
1323 799 1414 863 Deus
1437 799 1573 883 elegerit
1595 800 1646 865 vel
1664 800 1903 884 reprobaverit:
1927 816 2024 887 atque
2039 806 2085 870 ita
2100 827 2202 890 quan·

199 885 356 952 salntem:
390 887 467 968 quid
497 898 606 952 tamen
635 883 814 969 proderunt
843 884 936 950 nobis
963 904 1174 967 quaecunque
1226 893 1298 950 tum
1321 885 1354 949 in
1376 885 1471 951 nobis
1493 895 1552 963 est,
1575 885 1730 952 debemus
1753 907 1865 952 curare
1881 890 2029 956 omnIum
2045 893 2201 960 salutem:

200 970 363 1038 efferent?
400 973 490 1056 Ergo
513 972 669 1055 quoniam
693 980 729 1038 tu
751 971 856 1038 fecisti
879 970 959 1037 baec
989 973 1107 1044 omnia,
1140 969 1175 1034 id
1226 971 1352 1036 interea
1374 971 1505 1051 ammas,
1534 971 1592 1037 aed
1615 974 1756 1051 confuse,
1788 975 1907 1040 multos
1936 997 2007 1042 esse
2037 977 2201 1062 reprobos,

199 1068 258 1136 est,
292 1059 447 1140 quoniam
480 1058 562 1124 haee
590 1058 724 1123 fortuito
756 1059 851 1125 nobis
881 1077 947 1122 non
976 1057 1173 1134 aeciderunt,
1226 1055 1343 1139 quibus
1363 1058 1517 1140 prodesse
1539 1069 1705 1141 nequeunt
1728 1068 1803 1125 vota
1826 1066 1957 1126 nostra:
1986 1063 2108 1129 scimus
2130 1065 2201 1145 hoo,

198 1142 255 1210 aed
277 1144 366 1210 iusta
388 1153 445 1209 tua
467 1144 630 1210 vindicta:
662 1163 750 1208 nunc
779 1144 932 1227 quoniam
960 1141 1060 1208 index
1085 1141 1174 1206 fuisti
1226 1142 1283 1208 sed
1319 1163 1383 1208 non
1418 1163 1590 1226 possumus
1629 1153 1745 1209 notare
1783 1165 2049 1231 unumquemque
2089 1151 2200 1234 digito.

198 1230 231 1295 in
263 1231 378 1313 poenis
410 1229 612 1315 infligendis,
645 1230 709 1294 iem
739 1231 785 1295 sis
817 1230 963 1295 medicus
997 1238 1031 1292 et
1062 1239 1173 1312 pater:
1227 1227 1283 1295 Sic
1304 1229 1406 1312 igitur
1428 1231 1568 1312 precatio
1595 1228 1753 1296 Ieremias
1783 1252 1849 1295 non
1879 1233 1941 1296 fuit
1969 1234 2110 1300 inutilis:
2144 1239 2201 1302 sed

199 1316 352 1399 quoniam
372 1336 432 1382 noa
450 1317 597 1400 graviter
615 1317 761 1381 afflixisti
778 1335 881 1381 mann
900 1319 966 1392 tua,
989 1315 1054 1380 iam
1073 1315 1173 1380 etiam
1226 1317 1261 1379 in
1283 1315 1355 1398 ipsa
1376 1317 1497 1394 forma,
1531 1325 1570 1380 ut
1592 1316 1786 1397 loquuntur,
1820 1339 1885 1382 non
1915 1319 1976 1384 fuit
2005 1321 2198 1388 exauditus:

198 1401 354 1469 adhibeas
375 1403 539 1480 solatium,
562 1408 596 1467 et
613 1423 708 1468 cures
731 1401 818 1467 mela
840 1410 963 1481 nostra,
986 1421 1068 1483 quae
1090 1401 1173 1464 iuste
1225 1401 1357 1468 volebat
1379 1402 1482 1478 esim,
1517 1402 1546 1467 si
1569 1403 1641 1467 fieri
1663 1411 1786 1484 posset,
1821 1412 1925 1468 totum
1949 1407 2106 1488 populum
2130 1429 2200 1474 esse

198 1489 409 1572 perpetimur,
438 1487 626 1570 etquidem
650 1488 854 1554 tuoiudioio.
899 1487 997 1552 Nunc
1026 1498 1173 1552 tenemus
1224 1486 1363 1552 salvum.
1407 1487 1473 1554 Sed
1498 1489 1653 1571 quoniam
1676 1486 1768 1553 Deus
1790 1499 1950 1555 statueret
1972 1492 2109 1574 perdere
2126 1494 2200 1560 illos

197 1575 376 1660 genuinum
399 1574 579 1658 prophetae
600 1595 741 1640 sensum.
776 1576 822 1640 Et
844 1575 920 1640 hine
942 1573 1042 1639 etiam
1065 1571 1172 1656 colligi
1224 1574 1352 1656 impios,
1375 1574 1487 1656 etqui
1509 1594 1643 1657 prorsus
1658 1575 1758 1639 'erant
1781 1574 1942 1657 desperati
1963 1586 2096 1662 propter
2110 1579 2202 1645 indo·

197 1668 305 1742 potest
329 1659 420 1726 utilia
450 1659 607 1738 doctrina,
638 1681 702 1725 non
726 1681 797 1726 esse
819 1681 877 1727 our
898 1680 959 1726 nos
981 1659 1173 1724 exanimant
1225 1661 1340 1724 mitam
1362 1660 1612 1738 contumaciam,
1635 1669 1760 1726 tentum
1784 1682 1825 1725 ex
1847 1675 1939 1743 parte
1953 1665 2096 1729 obtinuit
2111 1665 2200 1731 Iere-

197 1766 331 1830 poenas,
362 1764 445 1828 quae
474 1748 569 1830 signa
598 1757 676 1812 sunt
697 1747 765 1812 irae
786 1745 861 1824 Dei,
890 1747 937 1811 ita
960 1755 996 1811 ut
1024 1767 1089 1810 non
1113 1765 1170 1810 au·
1224 1746 1309 1811 mias
1330 1746 1416 1829 quod
1440 1747 1585 1824 volebat,
1616 1766 1732 1828 nempe
1756 1756 1792 1810 ut
1815 1747 1904 1812 Deus
1932 1761 2078 1814 servaret
2100 1752 2199 1817 eccle-

198 1832 333 1898 deamus
367 1832 407 1897 ab
439 1833 509 1915 ipso
541 1838 653 1916 petere
687 1833 833 1898 veniam:
867 1832 945 1914 quin
978 1832 1087 1914 potins
1117 1832 1171 1896 hio
1224 1833 1305 1896 siem
1330 1852 1433 1908 suam,
1458 1853 1540 1915 quae
1562 1842 1641 1898 tuno
1664 1839 1734 1896 erat
1750 1833 1987 1914 quodammodo
2002 1836 2199 1903 abscondita.

198 1917 373 2001 praescribi
397 1919 489 1984 nobis
512 1916 667 2002 precandi
688 1918 834 1992 formam,
861 1919 987 2001 quiesi
1010 1918 1171 1982 sentimus
1223 1918 1355 1984 Dicitur
1376 1929 1495 1996 autem,
1520 1917 1557 1984 st
1571 1919 1710 1984 steterant
1720 1938 1823 1983 eoram
1837 1939 1885 1984 cae
1900 1919 2006 1987 Moses
2020 1929 2047 1986 et
2062 1922 2199 2006 Samuel,

196 2025 256 2069 nos
278 2005 455 2088 castigatos
476 2005 575 2070 fuisse
592 2003 654 2068 Dei
677 2025 786 2080 manu,
810 2005 871 2068 boo
892 2002 986 2069 modo
1008 2003 1171 2068 stimulari
1224 2025 1286 2070 aec
1309 2010 1353 2070 est
1372 2005 1482 2070 cetmc
1503 2025 1573 2071 osec
1594 2005 1636 2070 ad
1659 2003 1814 2085 mulum
1845 2004 1935 2073 banc.
1981 2005 2119 2074 Summa
2142 2023 2200 2087 est,

198 2109 257 2154 nos
280 2089 320 2155 ad
344 2091 541 2173 sperandam
564 2089 720 2156 salutem:
755 2092 908 2175 quoniam
939 2091 1009 2155 eius
1038 2092 1081 2154 sit
1103 2111 1170 2154 me·
1225 2091 1324 2156 etiam
1348 2091 1375 2156 si
1399 2089 1557 2173 prodeant
1578 2092 1613 2154 in
1636 2091 1780 2155 medium
1803 2112 1916 2157 omnes
1939 2095 2084 2178 patroni,
2117 2094 2200 2160 nihil

198 2175 276 2256 deri,
298 2177 390 2242 ouius
412 2185 463 2242 ast
485 2175 672 2242 vulnerare:
707 2177 776 2242 sius
805 2178 848 2242 sit
870 2177 1041 2242 restituere
1064 2177 1097 2240 in
1121 2177 1169 2241 vi·
1225 2186 1336 2242 tamen
1369 2176 1585 2260 profecturos:
1615 2177 1768 2258 quoniam
1790 2176 1883 2242 Deus
1916 2180 2070 2261 populum
2104 2181 2198 2246 illum

197 2269 273 2342 tem,
297 2263 391 2329 ouius
413 2272 462 2329 est
484 2261 641 2328 occidere.
686 2263 782 2328 Nunc
804 2263 960 2346 ssantur,
1225 2264 1381 2329 reiecerit.
1427 2263 1530 2328 Mesia
1557 2274 1591 2328 st
1609 2261 1777 2328 Samuelis
1804 2263 1857 2330 bio
1885 2265 1923 2329 fit
1952 2268 2092 2350 mentio,
2122 2267 2199 2332 alibi

1225 2349 1310 2432 apud
1334 2349 1539 2414 Ezechielem
1562 2349 1627 2434 (14,
1652 2348 1715 2434 14),
1745 2348 1804 2414 Iob
1827 2358 1861 2414 et
1882 2350 2005 2416 Daniel
2027 2353 2200 2418 nominan-

1224 2445 1296 2500 tur:
1320 2435 1376 2499 sed
1400 2435 1512 2500 eadem
1536 2455 1671 2518 prorsus
1693 2445 1744 2501 est
1765 2435 1858 2501 ratio.
1902 2436 1968 2504 Hic
1990 2439 2077 2503 enim
2093 2438 2199 2505 Mesia

1225 2521 1263 2601 iit
1285 2523 1422 2598 mentio,
1452 2523 1607 2604 quoniam
1640 2520 1789 2586 videmus
1819 2529 1856 2587 ut
1877 2542 1913 2588 se
1935 2527 2136 2606 opposuerit,
2165 2533 2200 2591 ot

394 2611 533 2681 CAPUT
560 2609 976 2694 DECIMUMQUINTUM,
1224 2608 1387 2690 optaverit
1420 2607 1518 2673 etiam
1551 2609 1624 2674 fieri
1657 2606 1834 2672 anathema
1865 2630 1924 2691 pro
1963 2611 2085 2693 populo
2122 2631 2199 2677 suo:

1224 2692 1308 2758 Dele
1341 2714 1393 2757 me
1424 2714 1442 2759 e
1472 2694 1555 2760 libro
1588 2695 1693 2772 vitae,
1732 2693 1786 2758 rel
1819 2715 1932 2776 pereas
1965 2696 2085 2778 populo
2118 2697 2196 2763 huic

281 2797 310 2859 1.
341 2793 386 2860 Et
406 2797 491 2861 dixit
512 2794 652 2861 Iadocclt
674 2795 717 2862 cd
745 2816 807 2876 me,
842 2795 881 2860 Si
908 2798 1045 2862 steterint
1067 2795 1172 2866 Moses
1224 2777 1418 2881 (ursata,
1438 2779 1505 2881 32)·
1557 2780 1668 2861 Quum
1697 2799 1775 2862 ⁰18⁰
1806 2781 1901 2844 t⁰fi0⁸
1931 2781 2041 2847 M⁰⁸⁰⁸
2071 2782 2198 2864 placata

195 2886 221 2946 eq
246 2881 375 2946 samuel
396 2901 503 2947 coram
522 2883 605 2964 facte
625 2903 707 2963 mea,
737 2903 796 2948 m„
818 2887 863 2948 esp
889 2884 997 2949 anima
1027 2904 1095 2950 mea
1124 2882 1171 2968 (qd
1223 2887 1273 2930 rra
1295 2866 1368 2947 Der,
1392 2865 1447 2930 ubr
1469 2887 1532 2930 ram
1557 2866 1624 2931 fere
1646 2875 1754 2930 aetum
1779 2875 1849 2929 erat
1872 2865 1911 2930 de
1935 2867 2064 2950 populo,
2089 2879 2198 2933 tamen

195 2975 260 3050 est,
289 2989 345 3034 cor
366 2967 490 3052 meum)
523 2969 566 3034 ad
592 2968 745 3054 populum
778 2968 876 3034 pm:
907 2971 1008 3035 mitte
1038 2991 1060 3034 a
1090 2970 1172 3051 sacae
1224 2953 1396 3034 eripuisset
1417 2951 1510 3018 illum
1534 2953 1627 3034 quasi
1649 2972 1671 3016 e
1690 2957 1795 3016 morte
1818 2961 1967 3016 aeterna:
1996 2951 2094 3035 idque
2117 2954 2198 3019 satis

194 3073 270 3134 mea,
292 3059 321 3119 pq
342 3058 460 3119 exeam,
676 3073 680 3080 ·
1224 3049 1352 3116 notum,
1386 3047 1419 3103 et
1451 3039 1572 3121 passim
1607 3037 1778 3120 vulgatum
1811 3047 1896 3102 esset
1928 3037 2015 3121 apud
2047 3036 2197 3117 Iudaeos,

279 3141 309 3204 2,
332 3139 377 3205 Ep
398 3141 464 3224 erit,
492 3139 682 3205 sedixerat
702 3141 766 3220 gibi,
800 3141 866 3222 Quo
894 3141 1076 3207 exibimus?
1104 3140 1169 3228 (vel
1222 3125 1295 3190 ideo
1318 3124 1371 3190 bic
1393 3125 1527 3208 ponitur
1548 3123 1619 3188 eius
1641 3143 1769 3187 nomen.
1815 3120 1912 3203 Quod
1942 3124 1982 3188 ad
2012 3122 2198 3191 Samuelem

193 3225 412 3312 egrediemur)
434 3233 507 3292 qm
528 3226 611 3292 dices
632 3225 716 3306 mis,
752 3225 805 3292 sic
825 3227 900 3292 decit
922 3225 1073 3302 lemae,
1109 3227 1171 3309 Qui
1223 3216 1357 3294 spectat,
1380 3210 1502 3276 scimus
1525 3217 1724 3292 quantopere
1747 3207 1956 3274 excelluerit:
1980 3208 2099 3274 deinde
2121 3231 2199 3294 qno-

194 3314 236 3379 cd
257 3317 398 3391 mortem,
429 3313 472 3378 cd
492 3317 631 3392 morters,
663 3313 767 3394 etqui
788 3313 1009 3397 adplausae,
1040 3315 1083 3380 ad
1101 3315 1170 3398 910.
1223 3298 1284 3362 ties
1306 3297 1405 3362 etiam
1429 3295 1521 3360 Dens
1544 3296 1584 3361 ab
1607 3295 1677 3378 ipso
1698 3293 1844 3378 placatus
1867 3295 1965 3360 fuerit
1994 3297 2027 3359 in
2058 3296 2197 3362 salutem

194 3399 291 3477 dium,
322 3405 351 3464 et
371 3400 428 3482 qm·
449 3400 492 3464 ad
512 3399 639 3481 famem,
662 3399 706 3464 ad
725 3399 851 3482 samem,
881 3401 985 3482 etqui
1008 3401 1051 3466 ad
1073 3403 1171 3483 capg.
1223 3385 1323 3449 totius
1356 3382 1477 3483 populi:
1534 3381 1824 3481 'Iendem’quum'
1849 3393 1964 3479 oraret·
1996 3403 2054 3464 pro
2087 3382 2197 3480 Saule,

193 3486 326 3569 matam,
349 3487 391 3552 ad
413 3486 631 3567 captivitates,
1221 3469 1314 3535 Dens
1347 3468 1494 3536 oobrbart
1527 3468 1658 3552 quidem
1692 3466 1902 3533 lmmodtoum
1937 3489 2005 3532 erus
2043 3467 2197 3548 studram,

1221 3557 1272 3624 Ne
1305 3577 1377 3620 ores
1410 3553 1570 3636 amplius,
1610 3561 1643 3618 et
1680 3562 1789 3617 tamen
1830 3573 1897 3618 non
1938 3553 2063 3619 destitit
2103 3574 2197 3618 orare

279 3639 404 3705 Iterum
429 3641 549 3723 repetit
570 3638 662 3705 Deua
684 3640 771 3724 quod
785 3649 861 3705 ente
877 3641 1030 3720 vidimus,
1052 3660 1170 3725 nempe
1220 3641 1264 3728 (1.
1288 3638 1377 3707 Sam.
1403 3641 1452 3717 16,
1477 3640 1519 3727 1).
1564 3639 1675 3719 Quum
1697 3659 1776 3722 ergo
1799 3648 1911 3703 tantus
1940 3639 2040 3703 fuerit
2069 3639 2103 3702 in
2134 3638 2196 3704 Sa·

193 3727 346 3809 quoniam
369 3726 410 3792 ad
432 3747 597 3793 summum
620 3746 724 3808 usque
752 3728 921 3792 cumulum
951 3737 1169 3810 pervenerant
1221 3728 1329 3792 muele
1353 3728 1462 3792 fervor
1489 3735 1527 3790 ut
1557 3723 1794 3807 quodammodo
1823 3725 1968 3790 laetatus
1995 3724 2093 3788 fuerit
2122 3745 2197 3790 eum

193 3813 377 3897 impietates
400 3822 433 3877 et
453 3813 575 3879 seelera
594 3812 714 3895 populi,
737 3833 804 3877 non
819 3834 889 3879 esse
906 3813 1046 3894 amplius
1061 3813 1167 3878 locum
1222 3815 1291 3878 Deo
1313 3814 1395 3897 ipso,
1419 3813 1500 3877 baeo
1522 3813 1605 3876 ratio
1627 3819 1678 3876 est
1698 3830 1758 3876 our
1780 3809 1833 3874 bie
1848 3830 1922 3874 eum
1939 3809 2025 3875 Mosi
2041 3810 2199 3894 adiungat

193 3899 320 3982 veniae,
343 3919 403 3964 nee
424 3898 684 3964 misericordiae:
708 3900 769 3963 etsi
792 3907 900 3964 autem
925 3898 1055 3963 videtur
1077 3901 1168 3980 peni·
1221 3898 1323 3964 Deus.
1368 3897 1504 3980 Ergosi
1532 3898 1669 3963 steterint
1697 3896 1748 3961 illi
1774 3896 1836 3960 dae
1861 3915 1967 3962 coram
1995 3915 2057 3976 me,
2088 3898 2197 3962 aalma

194 3993 245 4050 tus
278 3984 451 4068 repudiare
473 3983 565 4051 Deus
598 3985 687 4049 servi
718 3986 769 4048 aui
803 4005 930 4067 preces,
965 4006 1030 4048 non
1058 3992 1168 4048 tamen
1220 4005 1298 4063 mec,
1321 3985 1373 4050 vel
1396 4005 1451 4049 eor
1473 4003 1582 4049 meum
1604 3983 1742 4048 etita-am
1764 3985 1808 4045 est
1830 3981 2068 4065 apopuloism,
2090 4002 2196 4065 neque

193 4071 340 4137 dicemus
361 4071 505 4136 caruisse
526 4071 615 4136 omni
638 4071 802 4153 profectu:
837 4071 988 4152 quoniam
1011 4070 1169 4136 Ieremias
1221 4090 1362 4152 unquam
1397 4090 1453 4133 ero
1489 4068 1666 4151 placabilis.
1723 4067 1885 4148 Loquitur
1923 4074 2033 4133 autem
2068 4067 2108 4132 de
2141 4069 2197 4132 illa

192 4157 318 4240 optavit
339 4156 471 4239 quidem
494 4159 619 4240 eripere
643 4165 743 4221 totum
767 4157 922 4240 populum
947 4157 987 4221 ab
1013 4156 1168 4220 interitu:
1220 4175 1375 4239 perversa
1397 4155 1624 4232 multitudine,
1659 4174 1742 4237 quae
1775 4152 1928 4217 ultimum
1962 4153 2025 4220 sibi
2058 4154 2196 4220 exitium

193 4243 248 4308 sed
273 4264 338 4308 non
361 4242 408 4306 ita
436 4242 675 4308 inconsiderate
709 4251 741 4306 et
770 4242 907 4307 futiliter
935 4243 1055 4321 oravit,
1089 4243 1168 4325 quin
1220 4243 1316 4308 toties
1340 4242 1432 4325 quasi
1455 4242 1531 4307 data
1552 4260 1650 4324 opera
1672 4240 1903 4305 accersiverat:
1937 4259 2013 4304 nam
2044 4239 2121 4304 alibi
2147 4241 2196 4304 vi·

193 4328 394 4394 discerneret
416 4328 504 4393 inter
526 4327 691 4394 titularem
716 4329 894 4407 ecelesiam,
917 4339 955 4392 nt
977 4327 1167 4412 lequuntur,
1221 4349 1292 4393 sum
1317 4329 1394 4406 fuit,
1428 4348 1596 4410 nunqnam
1620 4327 1776 4391 reiectum
1800 4325 1902 4391 fuisse
1931 4325 2104 4408 populum:
2139 4325 2196 4392 sed

192 4423 225 4480 et
246 4415 333 4480 inter
355 4436 467 4480 semen
490 4414 637 4480 electum.
682 4414 816 4480 Sciebat
837 4417 923 4480 enim
953 4415 1073 4480 multos
1096 4436 1168 4480 esse
1221 4414 1424 4498 distinguere
1447 4422 1576 4497 oportet
1596 4413 1686 4477 inter
1707 4411 1834 4494 paleam
1858 4419 1890 4475 et
1914 4411 2069 4477 triticum.
2114 4413 2197 4477 Erat

193 4500 372 4586 degeneres
392 4499 547 4567 Abrahae
570 4500 665 4580 filios,
688 4521 793 4584 neque
816 4502 921 4583 ipsum
944 4501 1066 4566 latebat
1082 4499 1167 4583 quod
1221 4510 1300 4566 tune
1322 4501 1446 4565 Iudaea
1468 4500 1560 4584 quasi
1582 4518 1659 4562 area
1681 4497 1753 4576 Dei,
1776 4497 1832 4562 ubi
1848 4498 2002 4580 quoniam
2019 4497 2196 4563 multitado

193 4586 312 4652 dicitnr
345 4587 380 4651 in
413 4586 546 4652 Psalmo
580 4583 645 4671 (15,
669 4585 770 4672 La),
810 4586 895 4668 Quis
935 4586 1099 4652 habitabit
1132 4587 1166 4650 in
1219 4588 1382 4669 apietate
1406 4586 1600 4668 desciverat,
1627 4583 1779 4667 apparuit
1801 4603 1921 4667 magna
1944 4583 2056 4665 paleae
2078 4603 2197 4666 conge-

192 4673 402 4738 tabernaculo
424 4683 491 4749 tuo,
523 4673 649 4754 etquis
672 4672 827 4738 stabitis
851 4682 959 4738 monte
984 4673 1167 4738 sanctitatis
1220 4673 1300 4737 ries:
1324 4680 1418 4737 erant
1439 4679 1547 4738 autem
1570 4691 1673 4753 pausa
1696 4689 1799 4753 grana
1821 4689 1904 4751 quae
1927 4668 2081 4735 latebant.
2121 4669 2196 4733 Non

192 4757 292 4824 tuae?
315 4759 472 4824 innocens
494 4759 653 4833 manibus,
677 4765 711 4822 et
733 4778 814 4841 puro
837 4758 943 4824 corde.
983 4759 1069 4823 Nam
1091 4778 1167 4842 pro·
1219 4759 1282 4823 fuit
1304 4759 1407 4843 igitur
1427 4777 1478 4824 cer
1499 4756 1808 4840 Deiodpopalum,
1834 4753 1951 4836 idest,
1981 4756 2022 4819 ad
2042 4753 2118 4818 illos
2140 4752 2196 4817 de-

191 4845 294 4928 phste
316 4843 382 4910 illie
404 4867 445 4910 ex
467 4845 612 4930 professo
635 4843 777 4910 ostendit
799 4845 921 4910 frustra
943 4845 1075 4929 gloriari
1105 4845 1168 4929 hy·
1219 4865 1356 4928 generes
1379 4842 1533 4909 Abrahae
1555 4843 1649 4919 filios,
1674 4843 1728 4924 qui
1751 4841 1820 4906 acio
1844 4840 1939 4905 titulo
1955 4838 2195 4922 superbiebant,

191 4931 348 5015 pocritae,
382 4932 466 5013 quod
497 4931 665 5014 ingressus
695 4929 762 4995 illis
795 4936 905 5012 pateat
933 4932 967 4996 in
998 4930 1167 5014 templum,
1219 4951 1319 5014 quum
1344 4941 1453 4995 tamen
1477 4939 1587 4994 essent
1608 4928 1794 5012 foedifragi,
1824 4947 1926 5008 quum
1958 4925 2084 5009 pridem
2108 4924 2197 4990 dele·

192 5017 277 5100 qnod
300 5017 484 5084 sacrificent
506 5035 571 5082 une
593 5039 666 5083 eum
690 5014 857 5080 fidelibus:
880 5017 1001 5098 requiri
1025 5017 1112 5082 enim
1136 5027 1168 5080 et
1219 5017 1343 5084 sissent
1364 5038 1384 5081 a
1405 5035 1485 5082 vero
1508 5025 1540 5078 et
1561 5016 1689 5082 sincero
1711 5013 1776 5078 Dei
1798 5014 1898 5092 cultu,
1920 5021 1953 5076 et
1975 5011 2065 5076 omni
2088 5011 2195 5094 probi·

192 5123 248 5169 eor
269 5103 427 5168 mundum
449 5115 483 5170 et
512 5123 629 5169 manus
657 5121 773 5185 puras:
807 5101 964 5168 Ieremias
991 5113 1078 5169 certe
1109 5103 1168 5167 hoo
1220 5107 1296 5168 tate.
1341 5102 1416 5167 Non
1440 5101 1502 5166 fuit
1523 5101 1626 5185 igitur
1647 5119 1704 5167 cor
1727 5100 1789 5166 Dei
1813 5099 1853 5164 ad
1878 5099 1969 5164 illos:
2004 5097 2061 5163 sed
2085 5106 2195 5163 tamen

192 5187 272 5255 satis
294 5190 433 5255 tenebat.
479 5189 568 5273 Ergo
591 5189 741 5270 quemvis
763 5188 947 5253 extenderit
970 5210 1063 5253 suam
1083 5188 1168 5253 solli·
1219 5187 1412 5254 mirabiliter
1447 5190 1594 5255 servavit
1626 5186 1795 5271 reliquias,
1836 5195 1870 5249 et
1903 5185 2035 5267 quidem
2068 5182 2196 5251 occulto

192 5273 369 5339 citudinem
392 5274 432 5338 ad
456 5283 562 5340 totum
585 5275 697 5357 populi
720 5293 846 5358 corpus,
878 5281 989 5343 tamen
1012 5274 1169 5358 cognorit
1219 5274 1326 5340 modo.
1371 5273 1436 5339 Hie
1464 5281 1573 5339 autem
1603 5273 1693 5339 loeus
1723 5271 1816 5337 docet
1845 5272 1929 5354 quod
1958 5272 2055 5336 etiam
2085 5270 2197 5338 scribit

193 5380 265 5426 esse
288 5358 416 5443 aliquod
440 5360 578 5425 electum
601 5379 732 5427 semen:
767 5361 1041 5444 quemadmodum
1073 5358 1168 5425 bodie
1219 5360 1357 5425 Iacobus
1390 5356 1433 5444 (b,
1465 5357 1534 5444 16),
1569 5358 1710 5425 multum
1746 5357 1856 5423 valera
1888 5378 2001 5441 preces
2035 5358 2193 5424 iustorum
