5118 6136
379 445 443 510 663
1184 439 1570 508 PRAELEOTIONES
2313 443 2378 508 664

379 631 759 801 tt'ttttttttlh
781 637 1001 782 tituil
1024 629 1349 798 {tltdttttltt
1401 628 2378 800 tlt...tttttttlltlti.ttitltltttlttt

379 812 414 872 et
435 804 476 870 ad
499 825 612 870 omnes
635 812 769 869 aetates.
815 803 865 868 De
886 802 986 869 ehoro
1008 801 1084 865 alibi
1108 800 1260 884 diximus,
1283 821 1350 866 non
1403 799 1559 884 quidquid
1579 802 1745 885 appetitur
1760 822 1780 864 a
1795 801 1940 884 profanis
1958 800 2153 880 hominibus,
2176 803 2240 867 nisi
2254 803 2377 887 primas

378 890 523 973 permitti
546 890 669 956 soilioet
691 889 840 954 lascivias
861 888 894 952 in
918 886 1034 969 quibus
1053 885 1115 952 sibi
1132 886 1276 952 mundus
1297 885 1349 951 in·
1402 894 1513 969 partes
1542 896 1652 952 teneat
1680 887 1790 953 nultus
1813 885 1885 951 Dei.
1930 886 2015 952 Nam
2045 885 2126 953 haee
2155 887 2256 953 etiam
2282 909 2376 972 prae·

380 976 492 1060 dulget
515 997 613 1058 quum
637 994 707 1041 aere
729 973 902 1040 exhilarat.
946 971 1047 1037 Nulla
1069 971 1159 1036 enim
1187 979 1237 1037 est
1266 981 1349 1037 tem·
1402 972 1498 1055 oipua
1527 993 1605 1056 para
1634 983 1684 1037 est
1712 983 1841 1039 nostrae
1871 971 2044 1038 ielioitatis.
2095 971 2261 1054 Quorsum
2289 977 2375 1040 enim

379 1062 528 1146 perantia
556 1060 668 1146 gaudii
697 1061 731 1126 in
763 1058 905 1143 profanis
935 1055 1134 1124 hominibus.
1178 1055 1246 1124 Sed
1274 1077 1350 1142 pro·
1404 1057 1547 1122 vivimus
1577 1058 1640 1121 nisi
1670 1066 1717 1137 ut,
1746 1057 1822 1123 dum
1851 1058 2048 1141 pereipimns
2078 1063 2128 1122 tot
2156 1057 2314 1126 benefitia
2336 1081 2377 1126 ex

378 1146 497 1230 phetae
520 1153 655 1212 sumunt
676 1143 830 1228 loquendi
853 1143 973 1208 formas
989 1164 1030 1207 ex
1045 1143 1213 1210 communi
1231 1163 1301 1218 usu.
1318 1152 1351 1206 et
1403 1141 1468 1208 Dei
1502 1163 1614 1218 manu.
1650 1142 1813 1210 diseamus
1844 1143 1938 1208 illum
1968 1142 2060 1209 nobis
2089 1163 2160 1210 osae
2189 1155 2315 1227 patrem
2344 1155 2378 1210 et

378 1231 543 1298 habebant
564 1232 663 1297 etiam
686 1231 855 1297 Israelitae
873 1248 948 1294 suos
966 1228 1090 1304 oteres,
1113 1228 1172 1295 ubi
1189 1230 1350 1294 oanebant
1403 1227 1473 1293 eiua
1496 1227 1694 1295 liberalitate
1710 1250 1769 1295 noa
1788 1227 1994 1295 exstimulari
2009 1228 2051 1295 ad
2068 1230 2175 1311 ipsum
2194 1230 2377 1315 nolendum,

377 1316 444 1382 Dei
465 1316 595 1383 laudea:
629 1326 662 1382 et
683 1315 763 1382 haeo
785 1325 854 1381 erat
876 1322 967 1382 easta
988 1312 1130 1390 laetitia,
1162 1314 1228 1379 imo
1251 1315 1350 1378 etiam
1404 1322 1437 1378 et
1465 1313 1567 1379 simus
1596 1334 1731 1396 prorsus
1757 1315 1877 1380 addioti
1907 1315 2006 1381 verbo
2036 1314 2128 1380 eins?
2173 1314 2271 1382 Nuno
2300 1337 2378 1401 ergo

378 1421 488 1470 satra:
529 1403 605 1485 quia
637 1411 706 1468 erat
739 1400 862 1484 speeies
896 1399 1003 1464 eirltus
1037 1398 1111 1464 Dei.
1163 1399 1350 1478 Caeterum,
1404 1407 1551 1465 tenemus
1584 1399 1755 1466 eonsilium
1790 1400 1968 1483 prophetae
2001 1400 2057 1467 ubi
2090 1398 2170 1466 dioit
2207 1403 2379 1468 saoerdulea

379 1488 561 1574 vulgariter
590 1487 732 1570 loquitur
764 1484 924 1570 propheta
955 1485 1016 1550 hoo
1049 1483 1135 1562 loeo,
1169 1494 1205 1549 nt
1237 1485 1349 1550 multis
1401 1483 1470 1566 sore
1501 1489 1626 1551 suimus
1651 1486 1853 1568 pinguedine.
1906 1483 2012 1552 Siouti
2040 1493 2150 1551 autem
2181 1506 2239 1569 per
2266 1509 2377 1553 voeem

379 1574 460 1650 aliis,
480 1573 564 1658 qnod
578 1580 644 1640 lam
657 1572 784 1657 puellae
802 1591 901 1656 qnam
920 1569 1141 1636 adolescentes
1159 1568 1351 1654 gaudebunt
1402 1581 1475 1668 titt,
1504 1571 1566 1636 hoo
1587 1577 1647 1648 est,
1679 1571 1886 1655 pinguedinis
1916 1570 2068 1656 designat
2096 1592 2207 1636 rerum
2229 1574 2377 1638 omnium

378 1661 414 1726 in
435 1660 544 1728 ohnro.
582 1657 730 1724 Tandem
753 1657 893 1737 sublinit,
918 1654 1100 1722 Oouuertour
1115 1656 1230 1722 lurtum
1244 1675 1351 1721 eorum
1403 1655 1539 1739 oopiam,
1569 1657 1615 1722 ita
1643 1657 1743 1721 etiam
1771 1676 1873 1740 quum
1903 1655 1989 1732 dieit,
2021 1654 2158 1732 suum,
2189 1655 2249 1723 hoo
2279 1659 2378 1724 verbo

377 1745 596 1830 ingaudium,
617 1742 792 1810 consolabor
813 1762 863 1808 eos
884 1746 912 1808 et
932 1739 1349 1808 eubiloraboueuodolore.
1403 1740 1650 1824 eomprehendit
1687 1759 1801 1807 omnes
1867 1747 1955 1808 artes
1994 1741 2210 1808 liberalitatis·
2237 1742 2377 1810 divinae.

377 1831 444 1898 Hie
468 1829 627 1915 propheta
656 1830 774 1896 avertit
804 1828 931 1893 animos
953 1826 1176 1893 Israelitarum
1206 1846 1226 1890 a
1254 1846 1350 1909 prae·
1404 1826 1558 1904 Vertunt‚
1586 1826 1770 1902 Inebriabo‚
1803 1764 1865 1893 sed>
1890 1828 2069 1910 impropria
2098 1835 2184 1893 esset
2213 1849 2251 1895 ae
2281 1829 2379 1895 nimis

379 1917 465 1982 senti
487 1917 649 1981 malorum
671 1923 865 1997 conspeetu,
898 1933 939 1978 ne
961 1911 1084 1980 soilieet
1106 1911 1197 1977 dolor
1219 1910 1350 1977 obtene-
1405 1913 1487 1977 dura
1510 1911 1663 1996 loquutio,
1685 1911 1845 1979 inebriare
1867 1913 2076 1996 pinguedine.
2116 1911 2183 1979 Sed
2205 1926 2262 1980 nti
2280 1914 2380 1999 signi-

380 2002 452 2068 bret
479 2022 592 2067 eorum
615 2011 740 2066 mentes
765 1999 813 2064 ita
842 2009 880 2063 ut
908 2018 974 2063 non
1004 2001 1139 2082 gustent
1167 1998 1230 2063 Dei
1259 1998 1350 2064 boni·
1403 1997 1481 2062 fient
1509 1998 1648 2082 irrigare
1671 2003 1704 2062 et
1725 1998 1861 2064 satiare:
1892 2000 1981 2064 unde
2003 2000 2101 2064 etiam
2125 1999 2195 2063 heri
2219 2000 2379 2083 propheta

380 2095 499 2166 tatem,
538 2106 622 2169 quae
660 2085 725 2152 illis
764 2083 976 2168 promittitur.
1032 2084 1122 2167 Ergo
1161 2088 1199 2148 ut
1237 2103 1352 2149 aeneus
1405 2082 1532 2149 dioebat
1554 2083 1696 2148 animam
1721 2082 1867 2148 lidelinm
1887 2084 1955 2150 lore
1973 2083 2114 2151 similem
2133 2082 2226 2149 horto
2246 2085 2380 2170 irriguo,

380 2173 603 2256 praesentium
621 2171 781 2236 malorum
800 2190 866 2234 non
885 2167 1040 2252 impediat
1058 2171 1202 2252 ipsorum
1218 2168 1352 2246 animos,
1405 2187 1480 2233 nam
1502 2167 1569 2236 illio
1591 2177 1662 2234 erut
1686 2183 1753 2238 Πιι.
1798 2167 1856 2234 Sin
1879 2169 1976 2235 etiam
2001 2191 2087 2236 nuno
2109 2169 2265 2254 intelligit
2288 2169 2379 2235 Dens

379 2258 456 2340 quin
480 2266 652 2324 ooourrant
673 2255 746 2322 Deo
775 2265 808 2324 et
837 2255 1064 2337 amplexentur
1094 2255 1164 2319 eius
1192 2255 1351 2338 gratiam:
1404 2275 1440 2319 se
1462 2254 1510 2319 ita
1527 2253 1695 2320 liberalem
1713 2255 1781 2320 lore
1799 2275 1879 2339 erga
1897 2256 2065 2339 populum,
2089 2263 2126 2320 nt
2143 2253 2228 2319 nihil
2245 2275 2379 2339 prorsus

378 2343 452 2408 ideo
473 2342 617 2427 loquitur
644 2341 683 2408 de
703 2342 846 2425 ipsorum
870 2340 978 2406 dolore
1001 2349 1035 2406 et
1063 2339 1170 2418 lnotu,
1199 2344 1233 2404 et
1254 2340 1353 2424 signi·
1406 2338 1489 2405 desit
1527 2339 1567 2406 ad
1607 2340 1740 2423 plenam
1780 2340 1979 2406 affluentiam
2018 2340 2164 2406 omnium
2208 2340 2378 2407 honorum.

380 2430 457 2496 fioat
478 2429 726 2496 conversionem
748 2426 877 2494 laoilem
899 2425 970 2490 fore
999 2426 1033 2490 in
1063 2444 1162 2490 manu
1185 2423 1267 2505 Dei,
1297 2425 1352 2490 ubi
1404 2423 1531 2490 Iterum
1564 2424 1603 2490 de
1632 2433 1700 2491 toto
1752 2425 1849 2507 epulo
1880 2425 1965 2490 idem
1997 2426 2201 2509 pronuntiat,
2237 2425 2380 2508 Populus

380 2514 539 2598 plaouerit
562 2513 593 2579 ei
615 2512 769 2598 populum
791 2532 887 2579 suum
914 2509 1089 2587 redimere,
1118 2520 1151 2575 et
1179 2513 1352 2575 restituere
1404 2531 1494 2576 uteua
1528 2511 1697 2576 satiabitur
1730 2447 1930 2592 beneficentio
1965 2531 2049 2589 urea,
2090 2510 2198 2594 inquit
2234 2509 2379 2578 Iebouub.

379 2601 415 2666 in
437 2601 579 2684 priorem
602 2609 734 2677 etatum,
755 2597 802 2662 ita
824 2605 860 2662 ut
882 2595 981 2680 plena
1003 2595 1052 2660 illi
1070 2595 1207 2662 felioitas
1226 2596 1352 2660 eontin·
1406 2595 1566 2661 Videmus
1596 2616 1674 2680 ergo
1702 2596 1787 2661 nihil
1816 2595 1966 2679 promitti
1994 2595 2217 2663 saeerdotibus
2244 2597 2307 2662 nisi
2330 2617 2379 2662 re-

381 2695 438 2770 gat
459 2685 520 2751 sub
543 2684 687 2751 Christo.
1406 2690 1517 2765 apeotu
1541 2682 1640 2746 totius
1661 2680 1826 2748 eeclesiae.
1871 2681 2038 2764 Sequitur,

469 2857 518 2922 14.
541 2855 586 2920 Et
612 2853 734 2920 satiabo
766 2855 906 2920 animum
935 2852 1126 2920 auoudotuur
1149 2852 1352 2936 pinguedine,
1493 2850 1543 2918 15.
1567 2849 1621 2916 su
1653 2852 1729 2918 dtur
1762 2850 1917 2928 lauerat,
1958 2850 2028 2916 Vua
2058 2852 2093 2916 iu
2125 2851 2239 2918 eueeho
2272 2852 2381 2920 audito

379 2948 408 3008 et
435 2940 573 3026 populu
605 2959 693 3006 uuus
724 2937 918 3019 beuefieeutiu
948 2958 1019 3004 meu
1051 2936 1242 3022 salvabitur,
1278 2937 1354 3004 dicit
1405 2941 1457 3016 eat,
1486 2937 1663 3002 umeuurto
1687 2937 1779 3017 fletur
1807 2937 2073 3016 amaritudinum,
2091 2935 2224 3004 'Ruelul
2248 2937 2380 3019 piorum

380 3027 529 3094 Iehoooh.
1404 3042 1499 3104 super
1525 3019 1607 3103 ultio
1633 3023 1702 3088 ruia
1722 3022 1821 3090 uoluit
1842 3021 1976 3107 (renuit,
2007 3023 2059 3088 vel
2082 3042 2149 3087 non
2171 3023 2317 3110 admisit)
2340 3025 2381 3090 ud

1404 3106 1627 3174 mmohvudum
1660 3106 1736 3192 (hoo
1769 3118 1827 3185 eat,
1862 3127 1929 3172 non
1962 3107 2094 3174 admisit
2126 3107 2380 3174 noneolationem

465 3197 593 3296 Pendet
615 3196 696 3263 haee
717 3196 882 3262 sententia
903 3217 923 3260 u
944 3195 1124 3294 superiore..
1158 3192 1245 3260 Nam
1267 3192 1353 3277 quod
1406 3214 1505 3277 super
1543 3193 1620 3259 filiis
1657 3193 1753 3280 suis),
1792 3193 1871 3277 quia
1902 3213 1966 3260 uuu
1997 3193 2063 3274 ipsi
2095 3191 2169 3277 (hoo
2202 3201 2267 3271 est,
2305 3194 2381 3278 qnia

380 3282 754 3450 tttt‘t.t.ttt⁰tt
783 3278 1240 3447 ltltttttt¹²¹tl¹¹ttt
1261 3301 1353 3447 titt
1405 3298 1470 3344 ⁰⁰¹¹
1492 3276 1629 3430 iiiia
1660 3363 1736 3429 aru
1764 3362 1917 3446 ιιιιιιι,
1953 3362 2089 3430 ruat
2114 3383 2216 3462 tum
2244 3367 2380 3431 aaut

380 3473 435 3520 eor
464 3453 590 3536 populi,
619 3463 653 3518 et
681 3452 716 3516 in
745 3451 801 3516 illo
831 3449 945 3516 ordine
967 3450 1060 3516 Deus
1090 3450 1353 3532 repraesentabat
1401 3450 1493 3530 fletu,
1525 3454 1554 3516 et
1586 3448 1689 3515 oeulos
1716 3453 1784 3515 tuos
1816 3471 1837 3514 u
1870 3449 2033 3533 lucrymis,
2065 3469 2142 3532 queo
2175 3450 2236 3514 erit
2268 3469 2380 3518 merere

381 3539 522 3624 gratiam
544 3557 638 3603 suam
661 3535 702 3602 ad
725 3536 849 3602 vivum.
883 3536 977 3603 Haeo
999 3537 1082 3602 ratio
1104 3545 1155 3600 est
1175 3556 1234 3601 our
1251 3534 1352 3618 sorip·
1405 3537 1493 3619 operi
1515 3539 1576 3619 tuo,
1602 3534 1679 3600 dicit
1701 3533 1845 3614 quat,
1867 3539 1895 3600 et
1915 3540 2108 3602 reuertentur
2128 3555 2145 3602 e
2166 3539 2252 3601 terra
2273 3535 2378 3602 hortis.

379 3631 454 3690 tura
472 3623 547 3688 dum
562 3622 771 3690 commendat
785 3621 1025 3688 benedietiones
1041 3620 1107 3687 Dei
1121 3640 1199 3705 erga
1213 3620 1353 3686 eleotnm

380 3708 546 3793 populum,
570 3709 742 3792 praeeipue
763 3706 917 3790 loquatur
937 3707 977 3772 de
1000 3705 1231 3785 saeerdotibus,
1257 3707 1354 3772 einuti
1491 3703 1557 3771 Hio
1590 3704 1697 3787 priore
1729 3703 1802 3770 looo
1835 3703 1988 3770 deseribit
2017 3704 2178 3787 propheta
2206 3705 2379 3773 orbitatem

381 3793 528 3876 pluribus
557 3794 636 3860 loeis
666 3802 810 3876 apparet.
863 3790 1036 3876 Significat
1064 3792 1165 3876 igitur
1183 3790 1354 3875 ..propheta
1406 3797 1513 3857 terrae
1532 3809 1633 3873 quum
1652 3787 1845 3873 spoliabitur
1860 3790 2012 3855 omnibns
2030 3791 2098 3855 suis
2116 3789 2241 3869 ineolis,
2264 3791 2380 3858 deinde

381 3879 493 3946 Deum
516 3879 699 3961 promiscue
722 3878 853 3960 quidem
869 3877 1047 3944 benefionm
1064 3877 1132 3942 lore
1147 3897 1226 3960 erga
1240 3897 1355 3942 omnes
1406 3876 1557 3960 adiungit
1584 3875 1751 3954 solatium,
1780 3875 1864 3957 quod
1895 3873 2017 3941 seilioet
2045 3873 2136 3940 Deus
2165 3877 2311 3959 oaptivoe
2340 3878 2378 3944 ab

380 3963 560 4047 Israelitae,
582 3963 639 4029 aed
662 3962 859 4047 poeuliarem
881 3963 952 4028 eius
974 3962 1113 4047 gratiam
1135 3961 1204 4028 iore
1226 3962 1353 4044 oonepi·
1406 3961 1520 4028 exsilio
1542 3961 1685 4039 reduoet,
1709 3969 1746 4026 ut
1769 3970 1856 4026 terra
1877 3960 1996 4025 iterum
2021 3959 2196 4026 habitetur.
2238 3961 2306 4027 Sed
2329 3961 2380 4029 hio

381 4071 475 4117 onam
509 4049 545 4114 in
578 4047 812 4128 sanerdotibns,
846 4048 922 4132 quia
955 4054 1059 4113 status
1091 4047 1202 4131 populi
1232 4046 1353 4129 absque
1405 4056 1455 4114 est
1484 4046 1714 4130 prosopopoeia
1744 4066 1841 4128 quam
1869 4054 1996 4124 vorant,
2020 4044 2082 4110 hoo
2104 4055 2165 4126 est,
2196 4047 2285 4113 liotio
2307 4067 2379 4130 per·

380 4134 560 4202 sanerdotin
592 4155 657 4200 non
685 4142 756 4199 erat
786 4135 959 4217 perfeetua.
1013 4131 1235 4199 Saeerdotinm
1264 4133 1354 4197 enim
1405 4153 1520 4199 sonae:
1550 4132 1627 4216 qnia
1654 4129 1814 4216 propheta
1836 4130 2015 4196 Raohelem
2037 4131 2159 4197 exoitat
2181 4152 2200 4196 e
2222 4131 2380 4215 sepulum,

381 4231 453 4286 erat
485 4219 579 4302 quasi
611 4219 738 4286 anima:
779 4218 939 4286 vixissent
975 4227 1012 4283 ut
1044 4227 1157 4302 gentes
1189 4217 1353 4300 profanae,
1406 4228 1439 4283 et
1453 4217 1636 4300 plorantem
1652 4216 1792 4283 induoit:
1811 4215 1937 4299 pridem
1952 4225 2024 4282 erat
2039 4224 2176 4294 mortua,
2192 4225 2226 4282 et
2241 4219 2380 4286 oadaver

381 4305 446 4370 nisi
475 4303 568 4371 Deus
602 4305 863 4388 praeseripsiseet
895 4303 1056 4386 quomodo
1087 4301 1155 4369 illio
1188 4315 1273 4368 esset
1301 4303 1353 4367 in·
1406 4304 1477 4369 eins
1497 4310 1736 4386 consumptum,
1758 4301 1815 4368 sed
1832 4303 1904 4385 plus
1919 4301 2147 4368 vehementiae
2162 4301 2261 4368 habet
2276 4305 2379 4369 oratio

381 4389 546 4456 vorandus
573 4399 607 4455 et
634 4389 798 4457 nolendue.
843 4388 889 4452 Et
917 4409 1018 4471 quum
1045 4389 1082 4454 fit
1104 4388 1226 4454 mentio
1249 4407 1353 4454 saoer-
1406 4409 1507 4471 quum
1537 4388 1694 4454 tribuitur
1723 4387 1912 4453 lamentatio
1935 4387 2075 4453 laminae
2098 4397 2255 4468 mortuae,
2284 4410 2379 4471 quarn

381 4475 507 4553 dotum,
542 4495 606 4540 non
636 4484 764 4540 tentum
794 4473 901 4558 agitur
931 4473 970 4540 de
999 4473 1079 4557 ipsis
1107 4473 1267 4556 personis,
1297 4471 1353 4538 sed
1407 4474 1435 4538 si
1476 4472 1613 4539 dixisset
1655 4471 1815 4557 propheta
1854 4473 1923 4538 lore
1967 4472 2094 4538 tristem
2134 4481 2167 4537 et
2209 4473 2379 4558 lugubrem

381 4559 570 4628 extenditur
591 4560 696 4645 gratia
711 4558 775 4624 Dei
797 4559 836 4622 ad
860 4566 966 4623 totum
989 4559 1152 4642 populum.
1186 4557 1259 4622 Non
1275 4578 1353 4642 ergo
1407 4567 1575 4642 aepeotum
1605 4567 1727 4624 terrae:
1762 4558 1915 4641 quoniam
1950 4567 2043 4624 vasta
2074 4558 2137 4623 erit
2168 4566 2203 4624 et
2236 4559 2378 4628 deserta:

380 4646 571 4730 simplieiter
604 4647 638 4710 in
672 4645 812 4728 gratiam
845 4643 1050 4710 saeerdotum
1084 4643 1230 4726 loquitur
1266 4663 1354 4708 nuno
1407 4664 1483 4711 nam
1513 4644 1660 4710 rhetores
1688 4645 1776 4709 inter
1805 4645 1994 4727 praecipuae
2019 4643 2157 4710 virtutes
2185 4663 2380 4713 oommemo·

380 4733 556 4818 propheta,
587 4729 645 4798 sed
674 4729 832 4812 intelligit
861 4730 1016 4812 populum
1046 4729 1110 4794 Dei
1141 4728 1355 4794 beneficentia
1406 4737 1481 4794 rant
1502 4729 1778 4812 prosopopoeiam,
1805 4737 1838 4795 et
1856 4729 1970 4795 Oioero
1992 4729 2063 4810 ipse
2080 4748 2181 4810 quum
2200 4729 2272 4794 vnlt
2290 4751 2378 4814 prae

381 4821 450 4886 lore
484 4817 629 4896 beatum,
663 4822 699 4882 ut
731 4815 862 4879 interim
895 4815 1038 4882 reluoeat
1066 4813 1162 4880 simul
1192 4813 1354 4897 peculiare
1406 4815 1514 4897 oipere
1547 4813 1587 4881 de
1619 4834 1747 4879 summo
1779 4814 1952 4898 splendore
1980 4812 2156 4891 orationis,
2190 4813 2269 4882 dieit
2299 4817 2380 4882 nihil

382 4904 464 4971 illud
497 4902 693 4975 benefitium
726 4900 759 4966 in
793 4899 972 4965 saeerdotio
1012 4899 1157 4966 levitioo:
1198 4897 1354 4982 quemad·
1406 4900 1511 4984 magis
1539 4899 1671 4966 affioere
1700 4898 1871 4979 auditores,
1899 4919 1997 4982 quam
2026 4897 2103 4965 dum
2133 4900 2320 4968 excitantur
2341 4901 2381 4966 ab

382 4988 514 5056 modum
538 4987 571 5053 in
595 4987 727 5054 Psalmo
748 4984 884 5068 legitur:
914 4983 1062 5068 speeialis
1084 4983 1265 5052 benedietio
1283 5004 1355 5067 pro·
1406 4984 1519 5052 inieris
1545 4986 1675 5051 mortui.
1720 4984 1887 5068 Propheta
1907 4986 2010 5070 igitur
2031 5003 2220 5068 quanquam
2242 5006 2309 5052 non
2331 4987 2379 5052 in·

381 5077 525 5140 mittitur
546 5072 767 5139 sacerdotibus
793 5071 828 5134 in
850 5070 1013 5136 communi
1036 5070 1161 5154 piorum
1184 5068 1353 5136 felicitate:
1407 5069 1542 5136 stitutus
1564 5069 1671 5134 inerat
1692 5071 1727 5134 in
1750 5071 1861 5137 eohola
1883 5070 2061 5149 rhetorum,
2087 5071 2223 5154 spiritus
2244 5069 2309 5137 Dei
2330 5072 2380 5138 in·

382 5170 415 5226 et
429 5157 540 5226 David
563 5179 664 5242 quum
688 5155 749 5223 sihi
772 5155 957 5240 gratulatur
980 5155 1019 5221 de
1042 5163 1090 5220 tot
1105 5154 1170 5220 Dei
1188 5154 1353 5221 benefieiis
1407 5155 1530 5222 stinotu
1548 5155 1744 5222 sententiam
1763 5156 1848 5223 hane
1863 5159 2004 5234 ornavit,
2026 5165 2064 5220 nt
2079 5154 2203 5224 seilioat
2217 5156 2379 5223 eifioaoins

381 5245 497 5329 quibus
527 5253 661 5310 ornatus
690 5247 770 5320 erat,
799 5247 1031 5307 commemorat
1056 5240 1188 5322 quidem
1210 5240 1354 5306 lautitiae
1407 5250 1592 5323 penetraret
1613 5241 1649 5306 in
1671 5241 1798 5307 animoa
1820 5241 1943 5327 populi.
1982 5241 2027 5307 Et
2050 5240 2131 5308 haee
2153 5243 2381 5326 prosopopoeia

382 5351 522 5410 mensae,
544 5341 577 5395 et
599 5329 725 5413 largam
747 5347 857 5393 rerum
880 5326 1026 5392 omnium
1044 5325 1184 5408 oopiam:
1208 5324 1265 5391 aed
1280 5345 1355 5392 oon·
1407 5327 1552 5393 eontinet
1593 5325 1820 5412 hypotyposin.
1878 5326 2023 5394 Adduoit
2057 5326 2146 5394 enim
2179 5325 2318 5394 Iudaeos
2349 5336 2380 5392 et
