5134 6124
209 424 271 488 317
919 424 968 490 IN
991 423 1240 490 latratuum.
1287 423 1386 491 OAP.
1409 424 1508 490 XIX.
2152 429 2217 495 318

209 614 269 679 hus
303 613 394 678 Deus
435 632 528 678 suam
565 622 721 678 naturam
755 612 966 679 demonstrat.
1022 611 1087 679 Sed
1120 613 1187 679 iam
1239 612 1387 696 sequitur
1416 612 1584 680 ecelesiam
1617 633 1720 680 suam.
1771 614 1823 679 Ita
1851 637 1893 680 ex
1922 617 2070 700 opposito
2097 622 2217 701 tempta

209 698 354 764 diximus
377 698 554 780 prophatae
575 697 677 764 luisse
692 708 859 765 ostensum
878 700 1049 764 interitum
1065 700 1188 783 populi,
1239 699 1308 764 irae
1337 707 1388 765 est
1416 698 1574 766 iudieinm
1603 699 1781 782 quo,Deus
1808 699 1965 785 reprobos
1987 702 2022 766 in
2045 715 2214 770 aeternum

209 786 261 852 uui
294 784 341 850 aio
373 786 570 867 impreoatus
603 792 663 849 est
713 785 758 850 Et
792 785 891 850 simul
925 783 1103 850 tenendum
1126 789 1188 850 ‘est
1238 784 1409 852 interitum
1439 784 1569 864 addieit,
1599 785 1646 850 ita
1677 799 1711 850 ut
1736 786 1828 852 nulla
1848 787 1893 854 sit
1914 786 1980 854 illis
2002 809 2077 871 spes
2098 789 2215 856 salutis

209 869 368 936 memoria
408 869 492 952 quod
533 869 692 948 diximus,
732 889 851 953 nempe
888 869 1082 954 prophetam
1120 889 1187 936 non
1238 869 1379 936 residua.
1424 869 1492 938 Fac
1514 871 1615 954 igitur
1636 890 1706 936 eam
1727 872 1825 954 ipsis:
1846 872 1999 956 qnando?
2022 893 2150 959 nempe,
2173 874 2216 940 Ia

210 955 383 1036 eompleoti
405 955 476 1022 sine
499 955 693 1038 exeeptione
715 964 821 1021 totum
843 955 1014 1041 populum.
1056 953 1189 1022 Soiebat
1238 959 1371 1037 lantpero
1397 957 1468 1020 irae
1498 961 1584 1033 tuas,
1615 956 1676 1022 hoo
1701 969 1765 1041 est,
1798 967 1919 1024 traetes
1947 959 2035 1038 illos,
2065 971 2101 1026 ut
2129 961 2214 1028 soles

210 1040 295 1107 enim
325 1061 397 1106 esse
422 1040 554 1124 aliquod
575 1041 743 1106 residuum
766 1061 878 1107 semen
901 1041 935 1106 in
957 1039 1015 1106 illa
1037 1041 1186 1108 multitu·
1239 1048 1381 1106 traotare
1403 1041 1513 1107 hostes
1536 1052 1610 1106 tuos
1633 1040 1829 1126 desperatos,
1851 1044 2024 1128 atquibus
2046 1066 2213 1130 nunquam

209 1127 297 1193 dine.
340 1127 431 1210 Ergo
460 1127 632 1210 restringit
661 1127 746 1192 hana
775 1127 1040 1209 impreeationem
1071 1127 1113 1192 ad
1136 1148 1186 1191 re·
1238 1126 1303 1192 eris
1332 1126 1509 1208 plaeebilis.
1555 1127 1648 1193 Haeo
1676 1137 1727 1196 est
1756 1150 1894 1197 summa.
1942 1131 2039 1198 Nune
2067 1133 2215 1214 sequitur

210 1213 329 1296 probos
358 1221 391 1277 st
421 1211 628 1295 desperatos:
658 1213 735 1294 quia
764 1212 889 1279 seiebat
916 1212 982 1278 iam
1006 1211 1187 1279 destinatos
1238 1211 1302 1277 alia
1323 1212 1443 1279 aeneio.

210 1318 282 1365 assa
310 1296 352 1363 ad
378 1297 560 1377 interitum,
589 1297 688 1380 idque
710 1307 843 1364 aeterno
865 1297 929 1364 Dei
951 1297 1096 1364 oonsilio.
1141 1299 1187 1364 ut

208 1384 364 1468 qnoniam
392 1403 428 1448 se
457 1383 543 1465 ipsos
572 1385 654 1449 satis
679 1404 842 1468 superque
865 1383 1085 1466 prodiderant,
1114 1384 1186 1450 ideo

209 1489 321 1570 sequte
351 1469 544 1552 pronuntiet
571 1468 681 1568 Deum
710 1491 879 1552 nunquam
913 1469 978 1568 illis
1011 1469 1081 1534 iore
1111 1489 1184 1550 pro·

208 1554 523 1723 ttttutlttt
549 1555 998 1723 mattheum
1006 1553 1186 1724 ’tiitttt
1444 1609 1583 1680 CAPUT
1608 1609 1813 1682 oscum
1838 1613 2006 1689 NONUM.

208 1747 269 1824 pro
291 1725 467 1826 manifestq
487 1726 617 1825 indioio.
663 1726 748 1792 Nam
770 1727 937 1826 exsultant
958 1726 1109 1792 scelerati
1128 1726 1185 1792 he·
1408 1810 1414 1824 .
1480 1812 1515 1825 ..

207 1833 319 1962 diiii
338 1811 494 1964 llil}
515 1811 1185 1982 llttt‘ttttlllttttt‘thtt
1236 1809 1828 1986 tn,ldtlfftdlt’ttltttt
1851 1814 2213 1986 tuttlltflt'tt

208 1992 391 2067 oompesoat
430 2001 543 2049 eorum
578 1985 794 2067 proterviam,
836 1985 892 2066 qui
923 1985 994 2049 eius
1027 1984 1182 2051 indieium
1235 2003 1299 2047 non
1345 1983 1502 2048 eonvenit
1541 1984 1675 2050 verbum
1720 1985 1922 2068 possidendi:
1969 1989 2100 2070 aequire
2138 1987 2212 2074 tibi)

207 2074 437 2145 eontemnunt,
479 2067 557 2134 dum
599 2071 695 2136 inviti
734 2071 883 2136 sentiunt
920 2091 955 2136 se
988 2089 1056 2136 non
1088 2088 1184 2152 posse
1235 2069 1378 2153 tipasam
1404 2067 1497 2152 fipuli
1525 2073 1705 2154 mosaeam,
1734 2076 1761 2136 et
1790 2071 1915 2152 quidam
1944 2093 2014 2140 eam
2034 2073 2213 2140 senioribus

208 2155 363 2239 effugere.
416 2155 479 2220 Est
518 2157 617 2220 etiam
658 2157 711 2222 hio
750 2154 974 2222 subaudienda
1011 2155 1184 2221 antithesis
1231 2153 1353 2237 popuii,
1374 2160 1404 2220 et
1423 2175 1494 2220 oum
1515 2155 1690 2222 senioribus
1711 2156 1913 2224 adeodatam.

206 2239 294 2306 inter
323 2249 534 2323 oonspeetum
557 2240 621 2306 Dei
651 2251 685 2306 et
712 2243 800 2306 inter
821 2241 1013 2307 absentiam.
1057 2241 1183 2307 Putant
1320 2241 1350 2306 2.
1374 2239 1419 2306 at
1446 2241 1584 2324 epodas
1612 2242 1655 2308 ed
1681 2241 1793 2308 vallea
1813 2241 1877 2324 fitis·
1899 2243 2039 2325 Hiaaoa,
2066 2265 2146 2327 quae
2167 2251 2213 2312 eet

207 2327 297 2391 enim
326 2326 517 2410 hypooritae
545 2326 657 2393 abesse
680 2328 787 2393 Deum
817 2325 1010 2411 quantisper
1039 2326 1104 2393 illis
1133 2327 1183 2391 in·
1233 2326 1268 2390 ia
1297 2325 1429 2391 introitu
1449 2331 1562 2408 portae
1583 2327 1745 2394 orientalis
1773 2327 1841 2413 (alii
1865 2339 2000 2395 vertunt
2023 2330 2154 2416 fietilis),
2183 2336 2212 2398 at

207 2411 331 2496 dnlgst
364 2431 471 2494 neque
499 2413 601 2478 sumit
622 2413 818 2478 vindiotam:
852 2412 925 2478 ideo
948 2413 1123 2478 laseiviunt
1145 2434 1183 2478 ae
1233 2411 1427 2478 dematilio
1457 2411 1533 2498 (hoe
1561 2422 1620 2490 est,
1650 2412 1718 2477 alta
1741 2434 1820 2480 roae
1843 2414 2035 2501 pronuntia)
2056 2436 2212 2484 somerset

206 2497 236 2564 ei
265 2496 462 2581 permissum
496 2507 583 2563 esset
612 2500 718 2582 ipsum
748 2498 872 2564 fallere.
916 2497 983 2564 Sed
1013 2499 1069 2565 ubi
1093 2498 1183 2563 Deus
1233 2517 1311 2580 quos
1333 2497 1481 2580 loquutus
1500 2498 1590 2579 suero
1611 2498 1654 2564 aa
1674 2503 1712 2564 te.

206 2585 295 2668 eogit
324 2584 413 2667 ipsos
441 2603 617 2667 agnosoere
645 2584 730 2667 quod
757 2584 883 2664 nolent,
916 2584 1072 2651 dieuntur
1094 2592 1183 2650 stare
1320 2582 1350 2648 3.
1378 2581 1422 2648 Et
1453 2583 1554 2662 diaes,
1592 2582 1711 2650 Audita
1743 2605 1911 2652 samonem
1944 2585 2093 2668 Isboune,
2125 2607 2212 2671 repas

206 2669 241 2735 in
272 2676 450 2752 eonspeetu
482 2669 567 2746 eins,
600 2669 677 2752 quia
709 2671 834 2736 seilicet
865 2681 1027 2754 urgentur
1049 2670 1184 2769 propius
1235 2667 1567 2736 letaaatauetae
1590 2668 2105 2740 repraesentantem
2126 2692 2211 2738 aaa·

206 2775 306 2838 quam
336 2764 373 2819 ut
402 2753 500 2820 lioeat
527 2753 670 2839 amplius
692 2756 913 2841 tergiversari,
943 2765 978 2820 et
1000 2754 1102 2822 vehnt
1124 2777 1182 2820 no·
1233 2755 1369 2835 οίιιιιιιιι,
1405 2753 1496 2820 Deua
1529 2754 1649 2834 Israel,
1687 2755 1767 2822 ane
1806 2757 1927 2824 addace
1963 2759 2084 2825 molam
2115 2778 2212 2857 super

205 2840 269 2907 lint
289 2839 459 2908 oonstrioti
475 2849 666 2907 teneantur:
689 2841 843 2925 quoniam
858 2840 1023 2907 Dominus
1038 2840 1182 2908 ostendit
1234 2839 1333 2907 boam
1377 2839 1472 2918 hune,
1519 2841 1556 2907 da
1594 2861 1654 2923 qao
1694 2843 1838 2924 quisquis
1876 2843 2033 2924 audierit,
2080 2844 2211 2910 tinemut

206 2947 241 2992 se
273 2927 419 3010 ipsorum
454 2925 605 2993 iudioem.
662 2925 821 2993 Videmus
853 2947 932 3012 ergo
964 2925 1041 3011 quid
1074 2926 1183 2993 valeat
1234 2945 1330 2992 aureo
1351 2927 1428 2992 aar.

205 3012 287 3078 haee
315 3011 472 3095 loquutio,
505 3032 607 3094 quum
635 3012 715 3079 dioit
744 3011 913 3095 propheta,
943 3013 1126 3096 Impinpaot
1147 3013 1183 3077 ia

205 3100 364 3180 conspectu
384 3101 446 3162 tuo.
485 3097 656 3164 Postremo
680 3097 779 3178 addit,
802 3098 845 3163 Ia
866 3103 999 3179 tempore
1017 3099 1086 3164 ι’ναι
1108 3103 1181 3163 tuae
1319 3096 1473 3163 Vidimus
1503 3098 1697 3182 prophetam
1729 3097 1829 3164 inisse
1856 3097 1992 3164 missum
2024 3121 2044 3164 a
2073 3097 2146 3166 Deo
2174 3107 2211 3166 ut

204 3185 257 3266 [aa
276 3203 345 3250 oum
366 3183 457 3265 ipsis.
495 3184 698 3268 Designatur
720 3183 836 3249 modus
859 3185 1062 3266 praesentiae
1081 3184 1180 3249 illius.
1233 3183 1353 3267 populo
1382 3182 1581 3262 ostenderat,
1614 3182 1696 3248 nihil
1726 3205 1796 3250 esse
1824 3184 2036 3250 firmitudinis
2064 3183 2099 3250 iu
2121 3190 2212 3253 statu

205 3270 281 3336 Non
315 3279 424 3334 tamen
458 3267 592 3335 dubium
627 3277 677 3334 est
707 3269 784 3353 quin
815 3269 975 3352 propheta
1003 3269 1055 3334 hie
1085 3279 1119 3336 et
1146 3290 1181 3336 se
1233 3269 1290 3334 illo
1312 3266 1352 3334 de
1374 3289 1437 3353 quo
1461 3268 1651 3355 hypooritee
1669 3268 1911 3354 gloriabantur:
1933 3271 2086 3353 quoniam
2109 3271 2210 3350 Deus,

204 3357 310 3439 ipsum
339 3364 372 3419 et
399 3353 481 3420 alios
509 3375 623 3420 omnes
645 3356 715 3436 pios
737 3354 923 3438 suspendat,
951 3377 994 3422 ne
1015 3355 1181 3437 festinent,
1233 3355 1290 3440 qui
1318 3353 1474 3439 dignatus
1495 3354 1603 3422 luerat
1624 3354 1844 3440 singularibus
1866 3357 2032 3422 benefieiis
2053 3357 2212 3440 populum

206 3439 475 3525 quemadmodum
505 3459 619 3506 sumus
648 3441 787 3506 nimium
821 3441 1014 3525 praeeipites
1037 3441 1069 3506 in
1093 3441 1181 3508 votis
1232 3439 1453 3518 israeliticum,
1472 3459 1538 3505 nou
1555 3441 1665 3506 minus
1679 3441 1820 3507 retineat
1835 3441 1917 3508 iuris
1932 3463 2033 3526 penes
2047 3464 2091 3518 se,
2112 3461 2211 3524 quam

205 3527 336 3592 nostris.
385 3524 555 3591 Vellemus
583 3525 671 3591 enim
699 3525 809 3592 Deum
837 3525 978 3611 singulis
1007 3529 1180 3592 momentis
1232 3526 1362 3612 figulus.
1396 3524 1596 3592 Ostenderat
1614 3525 1716 3610 igitur
1734 3528 1896 3611 propheta
1912 3528 2043 3594 Iudaeis
2061 3528 2211 3611 figulum,

204 3611 381 3677 fulminare
402 3633 421 3676 e
443 3611 541 3677 coelo.
585 3612 678 3678 Haeo
707 3613 856 3679 eeleritus
879 3613 1091 3696 temperanda
1112 3622 1179 3680 est:
1232 3613 1288 3695 qui
1319 3631 1397 3678 vasa
1425 3633 1484 3698 pro
1513 3632 1573 3678 suo
1603 3613 1737 3678 arbitrio
1759 3612 1938 3678 formabat:
1968 3612 2084 3678 deinde
2107 3632 2210 3695 quum

204 3707 239 3762 et
265 3697 424 3783 propheta
457 3697 509 3762 hio
544 3696 637 3762 nobis
658 3697 808 3782 regulam
831 3697 1063 3764 moderationis
1085 3719 1178 3783 prae·
1232 3699 1339 3763 lutum
1369 3699 1578 3781 sumpsisset,
1611 3709 1644 3763 et
1673 3719 1731 3764 vas
1762 3720 1826 3765 uon
1854 3699 2014 3783 plaeerot,
2047 3698 2212 3765 formabat

204 3784 325 3860 seribit,
354 3783 476 3865 dioens,
505 3782 549 3848 Ia
569 3787 705 3865 tempore
726 3785 795 3850 irae
815 3788 902 3850 tuae:
934 3785 1027 3866 quasi
1047 3785 1178 3863 ditaret,
1231 3782 1330 3848 eliud.
1376 3782 1449 3850 Hoo
1472 3784 1663 3850 vaticinium
1686 3785 1785 3850 habet
1806 3785 1927 3869 aliquid
1950 3784 2073 3850 simile:
2100 3794 2211 3849 tamen

203 3869 315 3934 Etiam
343 3868 372 3934 si
393 3867 534 3946 differas,
568 3889 605 3935 ao
626 3871 754 3934 interea
776 3869 918 3934 videaris
939 3871 1115 3936 eonnivere
1137 3869 1178 3934 ad
1232 3868 1342 3953 aliqua
1363 3891 1406 3934 ex
1427 3877 1522 3952 parte
1540 3868 1710 3936 diversum
1729 3883 1787 3948 est,
1810 3880 1848 3936 ut
1867 3868 2048 3936 videbimus
2067 3870 2211 3936 tandem.

202 3954 282 4022 haee
313 3964 407 4020 tanta
438 3954 577 4020 seelera:
612 3953 723 4021 veniet
751 3962 862 4020 tamen
884 3955 1015 4019 demum
1040 3969 1177 4039 tempus,
1231 3955 1318 4020 Nam
1345 3955 1477 4022 iubetur
1506 3955 1560 4021 hie
1585 3956 1746 4039 prophete
1776 3975 1883 4022 emere
1905 3975 1964 4020 vas
1988 3960 2167 4022 testaceum
2191 3975 2211 4020 a

203 4059 267 4122 quo
300 4041 459 4105 ultionem
493 4061 604 4106 sumas
645 4039 686 4104 do
718 4039 875 4123 reprobis.
931 4039 1020 4124 Ergo
1053 4042 1178 4123 quoties
1231 4040 1341 4124 figulo,
1364 4049 1397 4106 ot
1418 4040 1453 4105 in
1476 4050 1640 4107 eonventu
1662 4043 1777 4126 populi
1800 4061 1858 4107 vas
1879 4037 1962 4106 illud
1983 4042 2147 4124 frangere,
2170 4047 2209 4104 ut

203 4127 366 4208 seriptura
396 4123 542 4208 loquitur
574 4124 613 4190 de
646 4135 793 4208 tompore
825 4126 894 4190 irae
922 4124 1003 4210 Dei,
1037 4126 1178 4192 soiamus
1231 4145 1345 4191 omues
1378 4124 1566 4209 intelligant
1598 4149 1634 4194 se
1667 4127 1790 4194 similes
1823 4147 1893 4192 esse
1926 4127 2014 4192 vasis
2042 4125 2207 4192 testaeeis:

201 4212 360 4278 eontineri
382 4209 444 4277 sub
463 4209 524 4274 hae
546 4211 700 4293 loquendi
721 4212 826 4276 forma
848 4210 1109 4276 exhortationem
1137 4212 1178 4278 ad
1231 4219 1330 4294 atque
1357 4213 1404 4276 ita
1432 4211 1620 4296 fragilitatis
1649 4234 1727 4280 suae
1750 4211 1906 4278 edmeniti
1927 4232 1993 4276 non
2017 4212 2210 4294 superbiant

201 4298 405 4381 patientiam,
429 4317 470 4359 ne
486 4294 612 4362 soilioat
626 4295 822 4362 immodious
837 4297 946 4362 fervor
961 4318 1021 4364 nos
1036 4297 1178 4381 abripiat
1231 4298 1324 4380 quasi
1344 4297 1383 4362 de
1406 4298 1502 4362 firma
1524 4302 1559 4362 et
1579 4308 1739 4381 perpetua
1756 4297 1918 4364 felicitate.
1952 4295 2079 4362 Eodem
2097 4305 2208 4362 tamen

200 4383 288 4448 ultra
302 4383 427 4449 iustum
443 4380 589 4447 modum:
609 4383 665 4447 sed
682 4391 908 4466 exspectemus
924 4383 1044 4466 quietis
1058 4384 1178 4450 animis
1231 4390 1358 4466 spaotat
1393 4393 1531 4467 utreque
1567 4383 1660 4450 visio.
1715 4382 1801 4448 Nam
1831 4381 1947 4447 Iudaei
1981 4381 2141 4464 putebant
2173 4403 2209 4447 se

200 4467 304 4534 donae
336 4475 556 4552 opportunum
592 4479 719 4552 tempus
749 4467 859 4534 iudieii
890 4467 1052 4535 adveniat.
1104 4470 1177 4535 Hoo
1231 4490 1301 4535 esse
1331 4479 1425 4534 extra
1454 4479 1576 4534 sortem
1605 4469 1785 4552 hominum,
1814 4468 1901 4550 quod
1923 4466 2018 4534 eleoti
2041 4475 2150 4534 essent
2171 4466 2208 4530 in

200 4562 250 4620 ast
281 4575 393 4619 unum.
437 4552 505 4619 sed
535 4553 661 4620 interea
691 4555 850 4638 propheta
883 4556 982 4622 etiam
1012 4555 1087 4638 plus
1116 4555 1176 4620 ali·
1231 4553 1386 4639 populum
1413 4554 1625 4638 peeuliarem:
1656 4575 1761 4638 usque
1788 4553 1909 4619 frustra
1936 4553 2067 4637 gloriati
2097 4561 2208 4618 essent

198 4638 278 4722 quid
307 4640 471 4722 exprimit.
517 4638 601 4703 Vult
622 4640 709 4704 enim
734 4640 904 4707 involvere
926 4643 1080 4724 reprobos
1101 4641 1176 4706 illos
1231 4639 1271 4706 do
1289 4640 1345 4706 illo
1363 4651 1432 4706 tam
1449 4640 1682 4706 inaestimabili
1700 4639 1881 4724 privilegio,
1900 4638 1928 4704 si
1945 4639 2208 4705 luissetmutuus

199 4724 239 4790 de
268 4725 386 4807 quibus
415 4724 561 4808 loquitur
589 4735 723 4791 aeterno
748 4726 877 4805 iudieio,
908 4727 953 4790 ita
975 4736 1013 4791 ut
1034 4745 1069 4792 se
1092 4747 1176 4792 nun·
1229 4745 1407 4792 eonsensus
1440 4727 1527 4791 inter
1553 4727 1662 4790 Deum
1695 4735 1727 4791 et
1756 4725 1853 4807 ipsos.
1908 4722 1974 4791 Sed
2004 4724 2080 4807 quia
2109 4733 2207 4787 erant

198 4830 298 4894 quam
321 4809 505 4892 expediant.
549 4811 682 4876 Dieitur
703 4811 738 4875 in
762 4812 894 4878 Psalmo
917 4811 1005 4898 (106,
1027 4812 1073 4898 4),
1106 4813 1176 4877 Mo-
1228 4811 1414 4894 foedifragi,
1455 4812 1515 4876 luit
1559 4811 1640 4876 haee
1672 4810 1782 4876 inanis
1817 4820 1850 4876 et
1882 4809 2001 4876 stolida
2033 4806 2205 4874 iaetantia:

198 4905 309 4963 mento
337 4897 401 4962 mei
424 4898 563 4964 Domine
592 4899 627 4961 in
657 4897 860 4981 beneplaeito
888 4898 998 4982 populi
1021 4899 1083 4975 tui,
1113 4896 1175 4964 hoo
1229 4918 1329 4980 quum
1360 4905 1515 4980 putarent
1541 4895 1653 4962 Deum
1683 4896 1745 4962 sibi
1774 4916 1845 4962 esse
1877 4896 2067 4980 obligatum.
2120 4893 2206 4958 Nam

196 4993 256 5060 est,
279 4982 422 5047 Domine
440 4992 568 5050 tantum
588 4983 649 5048 hoo
665 4984 804 5066 postulo,
829 4993 864 5048 ut
880 4983 1175 5068 adiungarpopulo
1227 5004 1291 5066 quo
1323 4983 1395 5048 iure
1428 4991 1581 5065 poterent
1614 4983 1674 5049 hoo
1703 4981 1900 5050 obtendere?
1953 4981 2045 5046 Deus
2074 4979 2206 5062 quidem

196 5077 268 5133 tuo:
290 5068 367 5150 quia
388 5069 515 5134 etiamsi
538 5069 675 5136 eoelesia
697 5077 755 5134 tua
777 5069 936 5153 affligitur
958 5079 992 5134 et
1009 5069 1174 5135 iudieatur
1228 5069 1442 5151 adoptaverat
1464 5076 1569 5134 tutum
1587 5067 1742 5135 Abrahae
1764 5088 1876 5152 genus,
1899 5067 1955 5132 sed
1978 5067 2128 5149 pastione
2149 5063 2207 5128 illa

195 5155 327 5236 misera,
349 5154 431 5218 mihi
454 5163 564 5220 temen
582 5155 731 5232 suffieiet,
754 5175 825 5221 esse
841 5155 877 5219 in
896 5174 1008 5219 eorum
1027 5175 1174 5234 numero,
1227 5154 1433 5236 interposita:
1457 5154 1601 5220 Ambula
1619 5175 1728 5221 eoram
1744 5175 1796 5218 me
1812 5163 1844 5218 at
1861 5153 1906 5218 sis
1922 5153 2059 5235 integer.
2094 5149 2207 5231 Quum

195 5260 276 5322 quos
306 5239 453 5323 dignaris
481 5247 618 5324 paterno
649 5242 770 5307 lavore.
815 5239 1065 5324 Beneplaoitum
1097 5261 1174 5324 ergo
1227 5247 1337 5305 autem
1367 5248 1478 5307 essent
1506 5260 1619 5306 omnes
1648 5248 1825 5323 apostatae,
1856 5245 2015 5320 quantum
2046 5235 2087 5300 ad
2117 5239 2206 5318 ipsos

195 5326 305 5409 populi
330 5325 392 5390 Dei
422 5332 472 5391 est
501 5327 594 5391 favor
623 5326 678 5392 ille
709 5335 866 5410 paternus
896 5346 959 5410 quo
983 5325 1077 5392 Deus
1100 5347 1174 5408 pro·
1227 5335 1361 5410 spectat,
1392 5325 1548 5391 abolitum
1578 5335 1648 5392 erat
1678 5326 1801 5393 ioedus.
1847 5325 1936 5408 Ergo
1964 5344 2028 5388 non
2052 5331 2207 5406 poterant
