5134 6124
193 437 253 502 201
902 436 952 502 ΙΝ
974 436 1225 503 ΙΕΒΕΜῙΑΜ.
1271 436 1368 504 ΟΑΡ.
1392 434 1488 501 XIV.
2135 441 2199 508 202

279 625 494 708 Prosequitur
516 625 673 692 Ieremias
696 645 790 691 suam
813 626 1045 708 precationem,
1075 625 1173 706 idque
1225 633 1257 689 et
1279 625 1378 708 plane
1410 627 1533 691 latetur
1556 648 1591 692 se
1615 647 1686 693 esse
1714 628 1888 713 indignum
1917 632 1971 712 qui
1995 628 2105 697 Deum
2129 653 2202 716 pro·

192 713 272 780 laoit
294 720 362 777 tam
382 734 423 776 ex
442 712 548 777 olfioio
566 712 722 788 narinus,
746 732 841 795 quam
861 721 898 776 ut
916 712 1033 777 inoitet
1049 711 1172 789 fideles,
1224 712 1341 794 pitium
1365 713 1522 779 inveniat.
1568 713 1683 797 Neque
1707 715 1795 780 enim
1819 720 1927 798 potest
1949 716 2030 783 haee
2053 717 2201 802 loquutio

193 800 249 883 qui
271 798 394 864 residui
423 808 519 864 erant
548 797 582 862 in
605 798 735 881 populo,
765 797 806 862 ad
834 796 1007 880 petendam
1032 797 1172 862 veniam.
1224 799 1403 864 consistere
1426 799 1497 866 sine
1521 799 1684 865 antithesi.
1719 801 1810 883 Ergo
1829 821 1930 884 quom
1952 803 2112 885 propheta
2130 826 2203 871 oon·

193 885 259 951 Hie
280 885 368 950 enim
398 884 535 967 suseipit
564 895 738 967 personam
762 904 859 948 serae
889 883 1055 962 ecelesiae,
1089 904 1172 966 quoe
1223 885 1308 968 fugit
1336 895 1491 968 tanquam
1516 885 1555 950 ad
1579 887 1715 952 unieum
1746 887 1891 972 asylum,
1921 888 2105 954 adnomen
2129 892 2203 969 Dei,

194 983 272 1037 tune
293 980 363 1035 erat
386 989 544 1053 perquam
566 971 697 1055 exigue.
741 968 867 1036 Omnes
891 969 1115 1053 gloriabantur
1138 991 1173 1034 se
1224 970 1352 1037 inelusa
1379 984 1429 1037 est
1457 972 1491 1036 in
1522 970 1574 1035 his
1597 972 1707 1039 verbis
1740 974 1908 1055 oonlessio,
1942 974 2072 1056 qualem
2106 977 2203 1058 paulo

193 1077 264 1124 esse
286 1056 350 1122 Dei
374 1057 468 1140 lilios,
491 1055 656 1123 inurebant
678 1056 792 1122 foedus
814 1076 888 1122 oum
908 1055 1078 1121 Abraham
1102 1076 1171 1138 per·
1224 1067 1301 1121 ante
1328 1057 1483 1134 vidimus,
1514 1077 1632 1139 nempe
1661 1057 1746 1140 quod
1775 1058 1904 1143 Iudaei,
1937 1060 2016 1143 qnia
2045 1061 2203 1128 seelerate

194 1163 341 1210 sussum:
375 1143 433 1208 sed
462 1143 522 1207 vix
555 1142 749 1208 millesimus
781 1143 919 1226 quisque
952 1162 1032 1206 vere
1064 1150 1098 1206 et
1118 1147 1171 1205 'ex
1225 1153 1360 1226 egerant
1382 1163 1455 1208 eum
1470 1142 1553 1220 Deo,
1575 1143 1701 1228 indigni
1725 1157 1834 1209 essent
1856 1145 1946 1209 omni
1969 1147 2202 1227 miserirordia,

193 1230 303 1295 animo
322 1229 429 1294 Deum
453 1228 635 1294 invocabat.
671 1226 838 1312 Propheta
860 1228 963 1311 igitur
984 1247 1173 1310 repraesen·
1225 1248 1284 1294 neo
1307 1241 1440 1312 possent
1469 1229 1598 1312 plaeere
1621 1230 1698 1295 ullis
1727 1230 1796 1296 suis
1825 1232 2112 1310 satisfaotiouibus,
2143 1255 2203 1300 nee

194 1316 278 1381 tavit
304 1335 510 1381 eommunem
540 1315 693 1380 effoetum
724 1315 834 1398 exigui
857 1313 947 1379 illius
969 1313 1109 1391 numeri,
1139 1321 1172 1378 et
1224 1315 1400 1398 quidquam
1423 1313 1582 1381 haberent
1605 1315 1692 1397 quod
1710 1323 1843 1398 possent
1862 1317 1981 1383 afferre
1999 1318 2038 1382 ad
2058 1319 2203 1385 levorem

193 1402 303 1468 adhue
324 1401 546 1484 prosequitur,
574 1399 849 1483 quemadmodum
874 1398 952 1476 dixi,
980 1418 1073 1464 suam
1096 1419 1171 1482 pre·
1224 1401 1285 1465 sibi
1308 1399 1551 1483 acquirendum.
1591 1400 1684 1467 Haeo
1705 1402 1807 1488 igitur
1829 1423 1958 1468 summa
1980 1415 2046 1468 est:
2070 1413 2102 1469 et
2125 1426 2201 1488 quo-

193 1488 364 1553 oationem.
412 1487 501 1552 Dioit
529 1486 642 1572 igitur,
674 1485 725 1551 Ne
753 1485 895 1568 obiicias,
924 1506 962 1551 ae
985 1489 1173 1565 prosternas
1224 1487 1313 1551 niam
1335 1486 1416 1552 haee
1439 1486 1587 1553 doetrina
1609 1488 1714 1552 fusius
1737 1487 1815 1553 alibi
1844 1497 1985 1554 traetata
2015 1489 2087 1568 init,
2119 1492 2200 1556 mihi

193 1574 308 1640 solium
327 1573 446 1657 gloriae
466 1578 557 1638 tuoe:
580 1573 630 1637 vel
651 1572 764 1638 eadem
788 1572 850 1637 erit
873 1571 1069 1655 signifiootio
1092 1572 1171 1636 utri·
1223 1594 1311 1638 nune
1333 1574 1413 1639 satis
1443 1581 1492 1637 est
1522 1571 1667 1638 breviter
1696 1583 1880 1641 monstrare
1910 1574 1987 1657 quid
2016 1576 2098 1641 velit
2125 1598 2200 1661 pro·

193 1679 297 1742 usque
322 1658 429 1724 vorbi:
452 1659 537 1743 quod
559 1659 642 1723 mihi
666 1659 771 1743 magis
793 1658 960 1743 probatur.
1007 1655 1074 1723 Sed
1096 1676 1170 1740 pro·
1223 1658 1332 1741 pheta.
1378 1658 1506 1724 Solium
1535 1668 1644 1724 autem
1675 1659 1798 1744 gloriae
1829 1670 1939 1740 voeat,
1975 1669 2011 1726 ut
2040 1663 2202 1746 signifioet

193 1746 293 1829 pheta
321 1765 387 1809 non
417 1754 486 1810 tam
517 1753 653 1809 ornatus
682 1763 788 1822 eausa,
819 1754 856 1809 nt
878 1743 983 1810 solent
1013 1743 1172 1822 rhetores,
1224 1765 1342 1809 nomen
1363 1745 1425 1809 Dei
1450 1745 1517 1810 fore
1539 1744 1594 1810 vel
1615 1745 1786 1811 obscurum
1810 1753 1843 1810 et
1862 1746 2013 1830 ignobile,
2032 1749 2084 1813 rel
2102 1749 2200 1816 etiam

194 1831 259 1896 dno
283 1830 382 1896 verba
404 1831 501 1896 simul
525 1831 715 1911 eoniunxit,
746 1850 844 1912 quem
868 1842 906 1895 ut
928 1828 1172 1894 vehementiam
1224 1831 1430 1913 probrosum,
1465 1838 1498 1895 et
1527 1831 1733 1898 oontumeliis
1766 1831 1959 1908 obnoxium,
1993 1834 2056 1898 nisi
2090 1846 2203 1918 pareat

194 1939 292 1984 ourae
315 1938 394 1982 suae
416 1928 449 1982 st
470 1917 647 1984 anxietatis
671 1918 879 1999 exprimeret.
922 1914 1061 1980 Videbat
1085 1915 1172 1980 enim
1224 1917 1342 2000 populo
1365 1936 1461 1998 quem
1484 1917 1592 2001 elegit.
1636 1915 1765 1983 Soimus
1788 1919 1967 2002 genitivum
1990 1940 2101 1986 oasum
2125 1923 2201 2004 poni

194 2024 333 2088 rognum
352 2003 503 2070 Iehudah
522 2005 646 2068 versari
666 2005 699 2067 in
720 2002 835 2067 ultimo
855 2001 1052 2068 discrimine.
1083 2002 1173 2086 Ergo
1224 2003 1293 2068 loeo
1316 2002 1452 2086 epitheti
1475 2002 1563 2086 apud
1580 2002 1759 2084 Hebraeos,
1783 2005 1817 2069 in
1837 2024 1902 2086 quo
1919 2004 2070 2071 insistere
2093 2027 2203 2090 super·

195 2112 260 2156 non
284 2089 412 2174 vulgari
437 2090 535 2155 modo
565 2089 708 2154 ooourrit
730 2088 794 2153 Dei
816 2087 998 2154 vindietao:
1033 2086 1090 2152 sed
1120 2107 1173 2152 ao·
1226 2109 1364 2154 saeuum
1396 2097 1462 2154 est:
1500 2091 1655 2172 quoniam
1690 2095 1740 2155 est
1773 2111 1815 2155 ex
1848 2091 1963 2174 primis
1996 2093 2201 2160 rudimentis.

194 2176 315 2243 eelerat
337 2175 430 2241 velut
451 2175 492 2240 ad
511 2175 699 2240 inpendium
724 2173 855 2257 aliquod
877 2171 1172 2256 exstinguendum:
1224 2175 1314 2258 Ergo
1337 2175 1498 2258 propheta
1519 2196 1619 2259 quum
1641 2176 1801 2258 templum
1825 2189 1919 2242 vooat
1941 2176 2059 2242 solium
2082 2180 2200 2264 glorio·

196 2263 272 2343 quia
295 2261 436 2327 diiiioilis
458 2271 528 2326 erat
551 2261 740 2344 impetratio
758 2262 885 2328 veniae.
917 2259 1038 2326 Solium
1053 2258 1174 2343 plotina
1225 2282 1297 2350 snm
1321 2259 1395 2338 Dei,
1429 2260 1491 2325 hoo
1519 2269 1578 2339 est,
1612 2263 1645 2326 in
1678 2283 1740 2344 quo
1768 2261 1909 2346 refulget
1940 2263 2011 2327 ains
2039 2267 2201 2345 maiestas,

193 2347 259 2414 Dei
282 2349 431 2411 nominat
453 2346 700 2433 Ierosolymam,
733 2348 808 2430 quia
829 2347 922 2412 Deus
944 2347 1057 2411 urbem
1082 2345 1173 2410 illam
1226 2345 1333 2411 Deum
1357 2347 1463 2428 ipsum
1488 2347 1727 2429 quodammodo
1748 2347 1913 2431 admonet,
1936 2355 1975 2414 ut
1994 2369 2035 2413 ne
2057 2357 2203 2434 exponat

196 2433 256 2498 sihi
290 2433 451 2517 elegerat,
484 2433 540 2498 ubi
574 2435 798 2498 invocaretur:
832 2455 897 2498 non
932 2430 1017 2516 quod
1051 2430 1174 2515 templo
1226 2453 1343 2496 nomen
1369 2453 1466 2497 snum
1489 2432 1704 2514 eontumeliis,
1732 2435 1808 2516 quia
1830 2435 1942 2500 statim
1966 2455 2025 2516 pro
2048 2457 2107 2501 sua
2129 2435 2203 2502 libi·

196 2528 282 2585 esset
304 2517 460 2596 inolusus,
494 2519 551 2585 sed
575 2519 728 2602 quoniam
751 2518 818 2584 illio
840 2528 912 2584 erat
933 2518 1093 2583 memoria
1116 2538 1173 2581 uo·
1226 2518 1302 2582 dine
1330 2518 1421 2599 impii
1446 2518 1665 2601 blasphemias
1687 2540 1763 2584 suas
1785 2531 1995 2588 evomerent:
2030 2521 2119 2604 atqui
2142 2522 2205 2588 hoo

195 2605 294 2670 minis
317 2605 401 2671 eius:
430 2605 526 2671 siouti
547 2603 632 2670 solet
655 2605 752 2687 loqui,
776 2605 967 2687 praesertim
991 2603 1078 2686 apud
1101 2602 1173 2667 Mo·
1227 2603 1322 2669 modo
1345 2625 1465 2669 nomen
1490 2605 1553 2670 Dei
1575 2614 1661 2671 esset
1682 2605 1963 2672 contumeliosum.
2009 2606 2128 2674 Postea
2151 2609 2205 2674 ad·
2276 2611 2278 2616 '

196 2712 275 2757 sem.
308 2691 423 2774 Neque
441 2691 653 2756 tameuArea
670 2690 812 2756 foederis
829 2692 927 2756 inane
944 2699 1017 2755 erat
1034 2691 1175 2774 signum,
1226 2690 1349 2773 iungit,
1386 2688 1580 2774 Recordare,
1614 2712 1651 2756 ae
1681 2692 1809 2756 irritum
1840 2692 1945 2774 facies
1975 2691 2086 2774 foedus
2117 2699 2205 2760 taum

197 2777 254 2842 sed
271 2797 350 2843 vere
371 2775 542 2842 habitabat
552 2774 645 2842 Deus
663 2778 697 2842 in
716 2776 785 2843 loeo
808 2775 882 2842 illo:
905 2777 1059 2860 qnoniam
1082 2793 1177 2858 prae·
1227 2777 1392 2842 nobiseum.
1428 2775 1494 2841 Hie
1515 2778 1614 2842 etiam
1638 2779 1812 2842 confirmat
1833 2779 1994 2860 propheta
2016 2799 2108 2844 suam
2132 2801 2204 2863 pre·

197 2863 301 2929 sentia
323 2863 456 2929 virtutis
478 2873 509 2928 st
531 2864 656 2946 gratiae
679 2863 750 2929 eins
772 2882 843 2928 sese
864 2860 1056 2929 ostendebat
1078 2860 1174 2926 elaris
1227 2865 1402 2942 sationem,
1435 2862 1620 2928 revocando
1652 2863 1844 2927 memoriam
1875 2861 2022 2929 foederis.
2067 2865 2204 2930 Poterat

197 2949 441 3033 experimentis.
502 2948 677 3014 Caeterum
715 2949 867 3031 quoniam
906 2948 989 3014 haee
1025 2945 1174 3030 loqontio
1227 2949 1314 3012 enim
1338 2947 1400 3012 diei
1428 2947 1512 3012 nihil
1534 2947 1667 3013 Iudaeis
1700 2967 1873 3013 eommnne
1906 2969 1977 3014 esse
2007 2970 2080 3017 oum
2110 2971 2203 3016 saoro

197 3055 292 3117 saepe
315 3035 478 3118 reperitur
499 3033 588 3118 apud
610 3035 798 3118 prophetas,
821 3034 893 3100 ideo
915 3035 996 3100 satis
1019 3033 1102 3098 mihi
1125 3041 1179 3110 est
1226 3031 1289 3098 Dei
1320 3033 1461 3110 nomine,
1491 3053 1571 3098 oum
1588 3033 1658 3100 eius
1681 3033 1795 3117 gloria,
1825 3045 1858 3097 st
1881 3053 1955 3099 oum
1980 3034 2061 3100 solio
2088 3036 2202 3120 regali.

197 3121 341 3186 breviter
363 3121 525 3206 attingere
547 3121 708 3186 Ieremias
731 3120 834 3186 nostri
856 3119 1040 3187 eonsilium.
1082 3118 1174 3183 Deus
1227 3119 1272 3184 Et
1292 3127 1380 3182 oerte
1410 3117 1440 3183 di
1467 3119 1503 3183 ni
1532 3135 1627 3184 erant
1648 3140 1668 3185 a
1689 3119 1805 3202 quibus
1827 3118 1921 3185 Deus
1944 3139 1978 3186 se
1999 3121 2113 3203 proeul
2136 3121 2203 3188 dis·

197 3207 327 3290 quidem
358 3207 484 3273 eoelum
515 3214 549 3273 st
570 3210 693 3271 terram
726 3207 849 3290 implet,
883 3216 920 3271 ut
950 3206 1030 3270 satis
1060 3213 1173 3268 notum
1226 3203 1386 3288 iungeret.
1437 3139 1604 3286 &uoniam
1634 3223 1713 3291 orgo
1743 3204 1923 3270 divortium
1953 3206 2099 3272 fenerant
2127 3226 2203 3274 enm

197 3303 263 3359 est:
285 3291 343 3358 sed
366 3292 422 3358 dat
443 3297 538 3378 signa
561 3291 764 3374 praesentiae
787 3312 865 3357 suae
888 3291 1071 3374 ubieunque
1091 3288 1174 3354 vult.
1226 3289 1309 3370 Deo,
1341 3302 1375 3355 et
1402 3310 1537 3373 prorsus
1570 3300 1664 3356 erant
1693 3290 1734 3355 ab
1764 3292 1855 3356 omni
1888 3292 2062 3358 sanotitate
2094 3293 2203 3372 alieni,

197 3375 362 3459 Quoniam
385 3389 494 3443 autem
518 3377 649 3444 volebat
669 3378 732 3442 ooli
750 3379 782 3443 in
802 3377 923 3461 templo
946 3378 1013 3455 illo,
1037 3385 1174 3441 vocatur
1227 3376 1388 3459 propheta
1421 3377 1474 3443 hio
1506 3378 1658 3460 proponit
1691 3387 1802 3442 tamen
1835 3375 1908 3442 Deo
1941 3377 2053 3444 foedus
2085 3400 2201 3445 suum:

197 3465 265 3530 eins
288 3464 417 3544 solium,
440 3464 712 3548 quemadmodum
736 3464 812 3530 alibi
831 3472 968 3531 voeatur
985 3461 1172 3530 soabellum.
1228 3463 1321 3544 quasi
1350 3463 1488 3528 diceret:
1521 3463 1592 3529 Iam
1623 3473 1774 3546 praeatus
1807 3484 1879 3528 sum
1911 3475 1947 3528 ut
1977 3463 2099 3548 gloriae
2127 3475 2203 3531 tuae

196 3550 283 3614 Nam
302 3548 440 3616 diversis
462 3548 614 3634 loquendi
637 3550 751 3617 lormis
769 3550 906 3616 eandem
924 3571 993 3616 rem
1011 3548 1174 3631 seriptura
1227 3549 1388 3625 eonsules,
1418 3556 1451 3614 et
1474 3569 1588 3632 pareas
1610 3549 1691 3615 solio
1712 3554 1786 3614 tuo:
1817 3549 1969 3632 quoniam
1993 3549 2146 3634 dignatus
2167 3571 2202 3617 es

197 3636 357 3721 designat.
417 3634 525 3718 Saepe
562 3645 699 3701 rooatur
735 3634 894 3720 templum
933 3636 1062 3719 requies
1098 3632 1172 3709 Dei,
1227 3645 1319 3699 tanto
1350 3635 1474 3699 honore
1503 3633 1591 3699 hano
1618 3634 1736 3714 loeum,
1766 3638 1805 3699 ut
1825 3635 1913 3701 inter
1939 3656 2001 3700 nos
2028 3655 2202 3719 regnares:

197 3721 413 3801 domieilium,
446 3723 684 3800 sanotnarium,
720 3721 811 3789 loeus
843 3722 1053 3789 habitationis
1086 3721 1171 3786 eius:
1226 3721 1293 3784 iam
1316 3720 1391 3804 quia
1414 3728 1507 3786 tanta
1527 3727 1580 3785 ost
1602 3729 1715 3786 nostra
1744 3721 1904 3805 impietas,
1935 3731 1973 3786 ut
1997 3721 2114 3786 merito
2142 3742 2202 3787 nos

197 3806 273 3872 alibi
295 3818 434 3874 voeatur
457 3807 636 3874 soabellum
658 3807 776 3890 pedum
795 3809 874 3886 eius,
898 3807 1118 3874 Adorahimus
1137 3806 1173 3869 in
1226 3804 1368 3888 abiieias,
1402 3816 1572 3871 tamenta
1595 3827 1661 3872 non
1684 3807 1836 3890 pepigisti
1857 3805 1972 3871 foedus
1993 3826 2068 3872 oum
2093 3815 2203 3873 monte

197 3892 267 3960 loeo
289 3893 346 3960 ubi
368 3903 531 3960 steterunt
564 3894 662 3977 pedes
689 3895 768 3960 eius.
814 3892 1000 3977 Caeterum,
1033 3893 1068 3957 in
1091 3911 1171 3956 eun·
1226 3889 1317 3972 Sion,
1340 3911 1413 3957 eum
1435 3891 1598 3973 lapidibus
1617 3891 1740 3976 templi,
1763 3912 1837 3958 oum
1856 3892 2026 3957 elementis
2048 3892 2199 3976 denique:

197 3977 270 4045 dem
303 3981 404 4046 finem
438 3981 626 4046 referuntur
659 3980 741 4046 istae
775 3979 912 4058 formae,
952 3978 1104 4062 quamvis
1138 3977 1171 4040 in
1225 3976 1282 4043 sed
1312 3977 1489 4044 nobiseum.
1542 3977 1633 4060 Ergo
1660 3999 1698 4044 ae
1730 3979 1858 4043 irritem
1888 3978 1994 4060 seam
2025 3977 2079 4044 tac
2112 3985 2203 4045 tuum

197 4067 338 4148 speeiem
362 4065 509 4131 diversae
532 4075 729 4150 appareant:
753 4085 830 4130 nam
852 4065 910 4129 ubi
932 4062 1090 4146 templum
1113 4082 1172 4127 ro·
1223 4063 1344 4144 foedus.
1389 4062 1550 4130 Videmus
1572 4085 1651 4149 ergo
1674 4071 1831 4148 magnum'
1855 4062 1988 4130 subesse
2018 4068 2145 4149 pondus
2168 4068 2203 4131 in

198 4159 290 4217 eatur
312 4150 472 4216 habitatio
496 4151 567 4232 Dei,
600 4151 652 4218 vel
683 4151 851 4234 palatium,
886 4151 939 4216 vel
970 4149 1072 4228 sedes,
1105 4147 1173 4213 illio
1224 4149 1277 4214 his
1294 4149 1413 4229 verbis,
1438 4171 1536 4233 quum
1560 4151 1723 4234 propheta
1738 4150 1808 4214 Deo
1827 4149 2000 4233 snpplieat,
2022 4171 2060 4217 ae
2074 4152 2203 4217 irritum

198 4239 393 4320 exprimitur
430 4239 561 4302 virtutis
597 4238 795 4321 praesentia,
833 4256 871 4302 ao
903 4239 931 4302 si
967 4235 1173 4300 familiariter
1223 4236 1337 4318 faeiat,
1367 4236 1418 4302 vel
1450 4235 1608 4302 dissolvat
1639 4236 1750 4318 foedus
1779 4254 1885 4316 suum,
1918 4235 2004 4318 quod
2033 4238 2203 4322 pepigerat

197 4321 291 4389 Deus
313 4323 478 4390 habitaret
500 4325 590 4387 iuter
610 4324 752 4389 oultores
774 4342 866 4389 suos:
897 4322 953 4388 ubi
982 4331 1092 4388 autem
1117 4341 1172 4384 vo·
1225 4341 1300 4386 oum
1330 4321 1460 4405 populo.
1505 4322 1577 4388 Etsi
1609 4322 1696 4386 enim
1727 4321 1832 4386 fidelis
1858 4342 1896 4386 ao
1920 4342 2019 4386 verax
2048 4324 2202 4390 manebat

198 4419 291 4475 eatur
312 4409 492 4476 soabellum
515 4408 646 4491 pedum,
676 4419 754 4475 tuno
776 4409 952 4493 eorrigitar
974 4407 1172 4491 superstitio,
1225 4405 1318 4478 Deus
1340 4408 1373 4472 in
1392 4409 1460 4474 suis
1483 4408 1660 4490 promissis,
1684 4407 1782 4472 etiam
1804 4408 1832 4472 si
1850 4414 1957 4472 totum
1981 4409 2092 4491 populi
2114 4409 2202 4474 illius

198 4514 282 4579 quae
309 4496 465 4578 obrepere
494 4503 613 4578 posset.
658 4494 750 4562 Deus
778 4496 865 4561 euim
896 4494 1016 4560 attollit
1044 4504 1173 4558 mentes
1225 4513 1345 4559 nomen
1364 4492 1570 4573 abolevisset,
1588 4500 1700 4558 tamen
1716 4492 1827 4558 debuit
1845 4503 1970 4559 uertere
1988 4494 2202 4560 eiusbonitas

142 4633 147 4642 .
197 4581 329 4664 piorum
352 4582 458 4658 altius,
482 4601 525 4646 ne
547 4581 669 4647 seilieet
691 4591 809 4665 putent
830 4582 900 4646 eins
919 4580 1098 4647 essentiam
1122 4599 1173 4643 re·
1226 4599 1299 4645 oum
1330 4580 1446 4663 populi
1477 4578 1610 4654 malitia,
1642 4589 1675 4643 et
1697 4579 1779 4644 fides
1800 4598 1875 4643 eum
1898 4579 2043 4662 perfidia.
2087 4579 2201 4663 Neque

198 4668 316 4750 stringi
336 4667 376 4732 ad
400 4668 507 4734 loeum
530 4667 681 4752 aliquem.
727 4667 890 4733 Tenemus
920 4687 997 4750 argo
1022 4665 1098 4748 quid
1121 4665 1172 4728 in·
1226 4666 1315 4730 enim
1345 4665 1509 4749 pendebat
1538 4663 1653 4732 foedus
1675 4665 1738 4730 Dei
1760 4686 1779 4730 a
1801 4665 1913 4748 populi
1942 4665 2017 4743 fide,
2047 4675 2105 4729 aut
2126 4685 2201 4747 pro·

198 4752 326 4835 telliget
354 4755 527 4837 seriptura,
556 4753 689 4837 etquid
713 4753 793 4820 velit
821 4754 947 4836 quoties
969 4751 1021 4816 vel
1044 4750 1174 4828 solium,
1225 4751 1342 4817 bitate:
1378 4751 1440 4816 fuit
1472 4750 1603 4834 quidem
1636 4761 1751 4817 mutua
1783 4751 1965 4834 stipulatio,
2000 4752 2076 4835 quia
2109 4752 2200 4816 Deus

197 4837 251 4903 rel
276 4838 429 4922 palatium
448 4839 513 4905 Dei
535 4840 684 4905 nominat
701 4839 935 4924 lerosolymam
955 4848 988 4902 et
1006 4837 1171 4921 templum.
1225 4837 1350 4921 pepigit
1379 4837 1492 4903 foedus
1523 4857 1596 4902 enm
1618 4836 1787 4904 Abraham
1814 4837 1876 4904 hao
1902 4837 1984 4921 lege,
2013 4847 2051 4901 ut
2071 4836 2201 4920 integer

199 4923 264 4989 Sed
306 4925 484 4992 notandum
524 4933 574 4992 est
614 4924 790 5010 diligenter
833 4925 918 5008 quod
957 4924 1114 4989 inseritur
1154 4943 1174 4988 a
1225 4944 1298 4989 eum
1330 4925 1402 5006 ipso
1435 4922 1627 4989 ambularet.
1672 4924 1747 4990 Hoe
1776 4945 1890 4990 verum
1923 4931 1988 5002 est,
2021 4931 2054 4986 et
2087 4921 2199 4989 eadem

198 5009 368 5093 propheta.
412 5012 551 5096 Propter
580 5031 697 5076 nomon
727 5020 839 5088 tuum,
873 5012 988 5094 inquit.
1040 5009 1173 5074 Soimus
1225 5009 1392 5092 stipulatio
1430 5010 1563 5094 rigebat
1599 5008 1659 5075 sub
1693 5009 1885 5092 prophetis:
1926 5009 2053 5073 interea
2090 5018 2200 5074 tamm

198 5096 324 5176 quoties
342 5099 448 5162 saneti
466 5098 633 5182 postulant
650 5097 799 5162 exaudiri
818 5106 950 5179 propter
962 5098 1023 5161 Dei
1041 5115 1171 5172 nomen,
1224 5096 1364 5178 sumpsit
1385 5094 1542 5162 Ieremias
1566 5095 1626 5162 hoo
1648 5095 1854 5179 prinoipium,
1882 5093 1957 5157 Non
1979 5114 2073 5177 posse
2094 5095 2129 5159 in
2151 5103 2199 5160 to·

198 5179 338 5248 abiieere
359 5203 488 5248 omnem
511 5184 662 5250 fidueiam
686 5183 837 5268 propriae
859 5181 1028 5265 dignitatis
1050 5189 1084 5247 et
1105 5182 1171 5245 ius·
1224 5189 1295 5244 tum
1318 5180 1419 5246 deleri
1439 5180 1503 5247 Dei
1528 5182 1683 5265 gratiam:
1708 5183 1784 5265 quia
1807 5181 1952 5264 elegerat
1973 5199 2078 5263 genus
2098 5178 2200 5247 Abra-

199 5265 300 5334 titiae.
346 5265 504 5353 Quisquis
534 5290 611 5352 ergo
638 5291 757 5335 noman
782 5269 845 5336 Dei
873 5267 1027 5350 implorat
1050 5269 1089 5332 ut
1110 5267 1172 5330 im·
1223 5264 1295 5344 has,
1328 5287 1370 5331 sx
1392 5287 1455 5350 quo
1484 5267 1615 5333 tandem
1646 5275 1834 5333 nasoeretur
1862 5263 2049 5349 redemptor
2075 5267 2199 5332 mundi.

197 5361 304 5436 patret
327 5353 411 5438 quod
441 5356 535 5438 petit,
568 5356 624 5421 ille
658 5356 785 5422 abdioat
814 5375 848 5421 se
870 5353 1022 5418 omnibus
1044 5350 1171 5430 mediis,
1225 5349 1291 5417 Sed
1314 5351 1470 5418 Ieremias
1494 5352 1599 5418 voluit
1620 5351 1752 5437 longius
1775 5350 1952 5417 extendero
1973 5353 2113 5436 gratiam
2127 5351 2199 5430 Dei,
