5118 6136
346 442 407 508 631
1039 499 1043 506 ,
1153 435 1541 505 PRADLEOTIONES
2284 433 2350 500 632

344 632 468 697 iterum
501 628 694 714 pronuntiat
724 647 758 692 se
787 633 983 706 venturum,
1015 630 1053 690 ut
1081 647 1099 692 e
1126 625 1320 709 eaptivitate
1374 625 1508 692 eeclesia
1529 626 1668 701 florebit,
1694 635 1725 690 st
1748 645 1887 710 regnum
1911 625 2009 690 etiam
2032 625 2066 688 in
2090 644 2149 689 sua
2170 621 2347 705 opulentia,

346 716 482 782 redueat
498 714 672 799 populum:
695 710 775 778 Eece
792 731 856 795 aaa,
876 711 995 793 inquit,
1013 733 1050 778 ao
1066 711 1173 776 eiiam
1189 721 1320 776 exserta
1374 711 1506 790 bonore,
1529 712 1678 794 potentia
1699 721 1732 777 et
1753 712 1827 777 aliis
1849 710 2025 794 praeclaris
2047 710 2176 774 dotibus
2198 710 2246 774 sie
2267 709 2348 773 emi·

345 823 446 869 manu
470 813 602 885 paratos
624 809 710 865 asset
732 796 771 863 ad
796 798 1022 862 liberationem
1045 792 1164 880 populi.
1197 797 1319 862 Notan-
1374 797 1474 876 nebit,
1496 806 1534 861 ιιι
1555 796 1648 862 iaaile
1670 805 1827 881 appareat
1845 798 1954 862 Deum
1976 798 2015 860 ad
2036 808 2166 879 tempus
2187 793 2349 860 duntaxat

347 888 423 954 dum
446 897 497 951 est
520 886 713 970 prophetam
736 903 802 947 non
826 883 947 946 frustra
969 902 1115 947 asserere
1138 883 1236 948 talem
1256 881 1320 946 Dei
1372 883 1474 948 fuisse
1496 883 1617 948 iratum
1640 883 1793 949 eealesiae
1815 902 1901 948 suae.

346 973 579 1058 praesentiam:
603 970 660 1035 sad
679 969 815 1034 minime
837 967 973 1033 dubium
996 977 1046 1032 est
1067 968 1145 1050 quin
1169 988 1319 1050 respexe-

346 1061 390 1125 rit
408 1057 448 1124 ad
467 1057 577 1142 populi
600 1055 824 1134 diffidentiam,
846 1064 878 1118 et
895 1073 967 1118 eam
987 1054 1126 1119 voluerit
1147 1055 1319 1136 eorrigere.
1462 1053 1512 1118 19.
1543 1051 1587 1117 Et
1608 1053 1782 1137 epredietur
1803 1054 1844 1118 ab
1864 1054 1947 1135 ipsis
1975 1054 2056 1136 laus,
2086 1058 2194 1120 daea
2214 1053 2347 1118 laudia-

346 1145 459 1226 Quum
488 1164 566 1228 ergo
593 1148 749 1225 putarent
770 1138 886 1205 Iudaei
913 1159 949 1204 se
973 1159 1104 1221 prorsus
1138 1139 1319 1215 derelictos,
1372 1159 1461 1204 mm:
1482 1145 1510 1203 et
1527 1138 1643 1222 amabo
1660 1159 1719 1219 aaa,
1740 1143 1768 1204 et
1784 1160 1846 1205 nau
1863 1141 2055 1221 minueretur,
2078 1138 2269 1204 etdeaoraba
2288 1158 2347 1216 ees,

347 1240 485 1296 testatur
514 1227 672 1312 propbeta
702 1226 809 1290 Deum
843 1222 962 1301 adfore,
997 1235 1029 1289 et
1056 1223 1183 1291 induoit
1212 1226 1319 1307 ipsum
1372 1244 1426 1290 uae
1448 1224 1697 1292 attarmabrmtur.

346 1316 543 1399 loquentem,
566 1313 645 1380 ane
666 1331 728 1396 epo,
751 1311 843 1392 quasi
865 1311 929 1374 iam
948 1319 1077 1392 praesto
1101 1323 1186 1375 esset
1207 1310 1320 1392 populi

346 1400 509 1467 liberator.
544 1399 649 1465 Vooat
669 1397 872 1463 reductionem
894 1395 1163 1461 tabernaculorum
1184 1400 1212 1460 et
1233 1395 1321 1462 babi-
1461 1395 1644 1462 Confirmat
1692 1397 1853 1481 propheta
1899 1395 2103 1478 superiorem
2154 1395 2347 1460 doctrinam.

346 1489 508 1565 tatianum,
537 1485 613 1568 quia
634 1482 688 1548 diu
713 1484 842 1547 fuerant
865 1481 1009 1564 hospites
1031 1482 1064 1545 in
1089 1479 1265 1561 Chaldaea,
1288 1489 1321 1544 et
1374 1482 1529 1546 Diximus
1563 1482 1651 1546 enim
1681 1480 1822 1546 Iudaeos
1854 1502 1956 1565 quum
1990 1479 2097 1546 adhue
2125 1480 2249 1564 aliquid
2278 1481 2349 1562 spei

347 1573 420 1638 aliis
449 1570 646 1656 regionibus,
674 1565 713 1634 ad
745 1588 826 1650 quas
856 1566 994 1650 dispersi
1022 1565 1162 1632 fuerant.
1208 1566 1320 1646 Quum
1374 1568 1536 1649 reliquum
1564 1567 1657 1646 ieret,
1688 1568 1788 1634 fuisse
1810 1579 2019 1632 oantomaoes
2041 1565 2199 1632 adversus
2221 1565 2348 1630 Deum:

347 1680 425 1742 erga
457 1657 618 1722 haberent
651 1675 710 1720 sua
742 1652 921 1730 demieilia,
959 1651 1113 1716 admonet
1148 1652 1320 1735 propbeta,
1374 1664 1544 1736 postquam
1578 1661 1688 1716 autem
1721 1653 1846 1718 redaoti
1879 1665 1957 1718 sunt
1985 1651 2026 1716 ad
2056 1663 2214 1727 extrema,
2249 1653 2350 1717 nimis

347 1765 418 1810 esse
441 1753 549 1808 mmen
578 1739 755 1824 inquilinos
783 1741 870 1802 inter
892 1750 1020 1822 gentes,
1050 1738 1128 1819 quia
1151 1737 1241 1802 Deus
1270 1758 1319 1801 re·
1373 1740 1475 1805 fnisse
1498 1737 1655 1804 deieetos:
1682 1740 1760 1820 quia
1781 1747 1960 1821 coeperunt
1980 1738 2128 1802 diffidere
2150 1737 2247 1802 rebus
2269 1740 2348 1813 suis.

347 1831 484 1896 stituere
508 1827 586 1894 volit
607 1830 695 1910 ipsos
717 1825 752 1888 in
774 1825 929 1908 patriam,
960 1844 1044 1905 quae
1073 1838 1144 1888 erat
1167 1843 1244 1887 vera
1267 1844 1320 1888 eo·
1374 1835 1407 1889 et
1439 1826 1486 1890 ita
1519 1823 1721 1907 despondere
1753 1826 1896 1901 animos,
1930 1834 1968 1888 ut
2000 1822 2083 1888 nihil
2117 1823 2350 1889 oonsolationis

346 1937 421 1981 rum
444 1915 558 1981 statio:
580 1913 662 1976 haee
684 1910 766 1976 ratio
789 1919 840 1974 est
861 1931 920 1975 eur
938 1909 978 1974 ds
996 1909 1145 1974 tentoriis
1167 1920 1201 1972 et
1218 1907 1321 1974 taber·
1373 1909 1601 1976 admitterent:
1632 1909 1705 1974 ideo
1727 1931 1792 1974 nen
1815 1910 1895 1974 satis
1917 1910 1978 1974 tuit
2001 1907 2117 1974 leviter
2140 1919 2173 1974 et
2195 1909 2351 1973 brevibus

347 2001 473 2068 nauulis
502 2000 665 2080 loquatur.
710 1993 817 2063 Simul
847 2015 978 2062 oausam
1005 1995 1151 2078 assignat
1172 1995 1321 2077 redsmpu
1345 1995 1349 2128 ,
1374 1998 1482 2062 verbis
1511 1995 1659 2080 promitti
1688 1997 1938 2072 restitutionem,
1969 1996 2032 2059 nisi
2055 1996 2162 2078 magis
2184 2014 2221 2058 aa
2243 1994 2351 2076 magis

347 2087 461 2162 tionis,
499 2105 616 2166 nempe
649 2079 919 2159 misericordiam,
957 2090 994 2144 ut
1027 2080 1154 2146 dionant
1185 2079 1319 2144 tandem
1373 2083 1656 2147 confirmarentur.
1693 2081 1734 2145 In
1754 2080 1816 2145 hae
1837 2081 1938 2163 igitur
1960 2085 2055 2162 parte
2078 2101 2166 2146 nuno
2189 2079 2350 2162 propheta

346 2171 463 2237 Iudaei
485 2169 526 2236 ad
549 2169 610 2235 hoo
631 2189 734 2233 unum
757 2166 884 2252 asylum
907 2167 1092 2249 oentugere,
1120 2173 1153 2229 et
1175 2166 1321 2230 sentiant
1373 2168 1505 2246 insistit,
1528 2166 1600 2230 ideo
1616 2167 1774 2248 mentua
1795 2167 1952 2232 ruituram
1971 2166 2096 2230 laudem
2118 2171 2265 2232 atroam
2286 2165 2350 2230 las-

347 2258 475 2322 nullum
499 2254 586 2320 aliud
610 2252 789 2320 remedium
812 2272 883 2318 esse
906 2252 974 2318 suis
995 2250 1151 2329 alodibus,
1175 2252 1319 2334 quamsi
1373 2253 1460 2318 litiae
1488 2253 1527 2318 ab
1556 2252 1648 2334 ipsis.
1700 2252 1766 2318 Hie
1796 2253 1941 2318 notanda
1971 2261 2023 2317 est
2054 2250 2228 2316 antithesis
2260 2251 2351 2314 inter

346 2344 438 2410 Deus
456 2343 545 2425 ipsos
562 2339 745 2424 respexerit
763 2358 820 2420 pro
836 2358 897 2404 sua
912 2337 1143 2410 miserieordia,
1165 2336 1319 2418 queniam
1373 2339 1523 2421 suspiria,
1556 2340 1713 2418 gemitus,
1747 2339 1983 2419 querimonias,
2017 2336 2281 2408 lamentationes,
2315 2347 2351 2399 et

346 2428 417 2494 iure
445 2437 574 2510 poterut
603 2427 638 2489 in
666 2435 769 2489 tetum
800 2444 855 2488 aas
885 2422 1030 2506 perdere.
1081 2422 1233 2505 Denique
1263 2422 1320 2486 ad·
1374 2426 1459 2488 inter
1481 2424 1662 2507 gratiarum
1686 2424 1856 2489 sationem.
1901 2423 1987 2488 Nam
2010 2421 2201 2504 quantisper
2222 2420 2348 2486 detenti

345 2523 458 2578 monet
490 2511 651 2595 propheta
679 2509 795 2593 dignos
817 2529 888 2574 esse
911 2518 1042 2573 aeterno
1071 2507 1220 2586 interitu,
1255 2507 1320 2572 nisi
1373 2511 1507 2574 fuerunt
1528 2509 1562 2573 in
1582 2509 1707 2585 exsilio,
1729 2531 1795 2574 non
1815 2511 1920 2592 potuit
1941 2508 2048 2573 audiri
2071 2508 2156 2589 apud
2178 2509 2264 2590 ipsos
2280 2506 2349 2572 ulla

346 2599 424 2681 quia
442 2595 574 2662 tandem
592 2595 753 2660 Dominus
776 2615 890 2658 eorum
909 2593 1125 2660 miserebitur.
1156 2593 1321 2676 Adiungit
1373 2594 1446 2661 laus
1467 2594 1608 2660 insolita.
1643 2594 1792 2660 Tristitia
1813 2594 1944 2677 quidem
1963 2615 2026 2658 non
2045 2597 2151 2660 obstat
2174 2593 2349 2675 quominus

347 2685 497 2750 effaetum
522 2681 700 2764 pleniorem
725 2681 824 2745 buius
846 2680 978 2762 gratiae,
1010 2678 1093 2762 quod
1116 2678 1238 2744 soilioet
1259 2679 1319 2744 ite·
1375 2679 1603 2746 bensdioamus
1626 2681 1706 2758 Deo,
1741 2681 1838 2744 etiam
1862 2683 1896 2744 in
1920 2680 2079 2745 extremis
2108 2679 2258 2756 miseriis,
2289 2677 2349 2742 sed

347 2791 420 2836 rum
451 2767 652 2851 ierosolyma
682 2772 869 2831 exstruetur
897 2785 995 2847 super
1023 2783 1119 2830 suum
1148 2782 1319 2830 aesrvum:
1375 2786 1438 2831 non
1462 2787 1635 2848 possumus
1653 2766 1750 2847 pleno
1769 2785 1834 2844 ore,
1854 2775 1891 2830 ot
1908 2767 1955 2830 ita
1971 2763 2099 2846 loquar,
2121 2763 2228 2830 Deum
2252 2763 2348 2828 bene·

349 2859 483 2922 vertunt
516 2851 571 2918 alii
600 2851 724 2926 oollam,
758 2851 911 2932 qnoniam
944 2857 1014 2915 erat
1047 2849 1206 2914 excelsior
1238 2851 1320 2914 situs
1373 2851 1490 2928 diesne,
1524 2852 1587 2914 nisi
1617 2852 1694 2917 dum
1727 2852 1864 2916 offertur
1894 2852 1986 2916 nobis
2017 2851 2160 2916 laetitias
2192 2849 2347 2915 materia:

347 2941 435 3007 illius
457 2938 558 3016 urbis,
588 2946 622 3002 et
643 2935 809 3002 eminebat
838 2956 936 3018 supra
963 2934 1105 3016 reliques
1132 2944 1242 3017 partes
1264 2935 1320 3000 Iu·
1373 2936 1461 3002 unde
1483 2936 1564 3001 illud
1587 2935 1713 3003 Iaoobi:
1747 2938 1908 3002 Laetatur
1930 2937 2003 3019 quis
2025 2939 2112 3002 inter
2134 2935 2217 3001 vos?
2250 2947 2349 3000 oanat

347 3027 456 3092 deese.
488 3022 555 3090 Sed
574 3021 703 3088 videtur
724 3022 806 3086 mibi
829 3022 988 3104 propheta
1011 3019 1097 3086 aliud
1117 3020 1210 3098 velle,
1233 3020 1319 3102 qood
1373 3021 1451 3108 (loo.
1475 3021 1592 3108 5‚,13).
1639 3022 1748 3102 Quum
1772 3042 1851 3105 ergo
1873 3022 1914 3087 de
1935 3023 2118 3106 gratiarum
2146 3023 2274 3100 notione
2301 3022 2348 3086 lo·

347 3112 472 3178 scilieet
511 3108 589 3174 urbs
628 3115 817 3173 exstruetur
856 3128 956 3191 snpra
999 3126 1058 3172 sua
1097 3105 1319 3171 fundamenta.
1373 3109 1484 3192 quitur
1505 3109 1674 3191 propbeta,
1697 3107 1862 3192 signifieat
1883 3111 2023 3192 gratiam
2040 3107 2104 3173 Dei
2122 3117 2247 3173 motam
2270 3108 2348 3183 iore,

347 3198 494 3263 Aeervos
524 3196 611 3258 enim
634 3193 688 3257 vel
710 3192 856 3258 oumulos
886 3193 939 3256 hio
963 3193 1056 3276 ponit
1085 3212 1144 3274 pro
1165 3192 1319 3274 reliquiis.
1373 3206 1409 3260 ut
1432 3194 1560 3260 aboleat
1581 3194 1738 3278 quidquid
1761 3195 1823 3259 fuit
1844 3195 2004 3260 moeroris
2026 3207 2060 3258 et
2081 3193 2236 3258 tristitiae
2258 3193 2348 3275 apud

349 3282 407 3348 sio
429 3280 516 3346 enim
539 3279 650 3343 diruta
670 3277 781 3342 inerat
802 3279 927 3360 aivitas,
957 3288 996 3341 ut
1017 3284 1126 3342 tamen
1150 3286 1321 3342 manerent
1373 3280 1521 3345 ludaeos.
1576 3279 1645 3346 Sed
1679 3278 1809 3363 oblique
1842 3281 1940 3344 etiam
1975 3280 2126 3345 bortatur
2162 3278 2274 3344 fideles
2306 3277 2347 3342 ad

349 3368 476 3451 aliquae
498 3363 666 3445 reliquiae,
689 3373 722 3428 et
744 3373 877 3445 possent
899 3363 1006 3427 notari
1027 3363 1161 3443 antiqua
1183 3364 1322 3446 vestigia
1373 3364 1601 3430 eelebrandum
1616 3366 1680 3430 Dei
1700 3365 1903 3432 benefieium.
1937 3363 1974 3432 Si
1993 3365 2130 3431 dixisset
2146 3364 2348 3447 simplieiter,

348 3471 529 3519 murorum.
573 3446 716 3514 Perinde
742 3458 792 3512 est
817 3449 919 3532 igitur
941 3467 978 3512 ao
1000 3447 1029 3510 si
1051 3447 1172 3512 diaeret
1197 3447 1321 3527 urbem,
1374 3452 1487 3516 Exibit
1509 3452 1550 3516 ab
1573 3452 1638 3518 illis
1659 3470 1723 3516 vox
1747 3450 1905 3526 laetitiae,
1940 3451 2055 3517 luisset
2086 3450 2218 3532 quidem
2250 3449 2349 3532 plsua

348 3537 500 3622 quamvis
522 3535 599 3599 olim
623 3531 792 3616 splendida
814 3544 847 3600 et
869 3532 1025 3616 opulenta
1052 3531 1181 3608 fuisset,
1212 3540 1321 3598 tamen
1373 3536 1545 3613 sententia,
1568 3537 1625 3604 sed
1643 3539 1789 3620 oportuit
1810 3536 1906 3602 simul
1925 3539 2053 3602 moneri
2071 3536 2182 3602 fideles
2199 3537 2235 3600 in
2251 3555 2348 3618 quem

348 3623 389 3688 de
411 3625 539 3705 integro
570 3621 616 3686 sio
645 3619 832 3684 restitutum
855 3620 907 3696 iri,
940 3629 976 3682 ut
999 3639 1066 3684 non
1098 3618 1206 3682 minor
1239 3618 1323 3682 ieret
1374 3622 1471 3686 finem
1494 3622 1587 3686 Deus
1609 3632 1677 3687 tam
1699 3622 1876 3688 elementer
1906 3630 2020 3706 ageret
2041 3643 2115 3688 enm
2138 3621 2257 3704 popolo
2280 3641 2349 3698 suo,

348 3708 418 3775 eius
441 3708 584 3791 dignitas
605 3725 702 3788 quam
721 3703 809 3770 olim.
843 3703 911 3770 Sed
929 3703 970 3770 de
988 3703 1203 3786 amplitudine
1221 3702 1321 3769 verba
1374 3728 1490 3790 nempe
1522 3718 1560 3771 ut
1589 3706 1817 3791 praedicarent
1849 3709 1919 3773 eius
1954 3708 2139 3773 bonitatem.
2190 3706 2275 3771 Nam
2306 3706 2348 3771 ad

346 3793 425 3860 iuuit
444 3813 541 3875 quum
561 3790 650 3872 dioit,
672 3793 861 3856 aestuatum
882 3791 927 3855 iri
944 3789 1049 3856 urbem
1071 3810 1165 3873 super
1186 3809 1320 3870 adoreae
1373 3792 1463 3858 huno
1498 3813 1630 3876 seopum
1669 3793 1792 3858 referre
1830 3803 1957 3878 oportet
1996 3791 2151 3877 quidquid
2189 3791 2348 3858 bonorum

347 3879 461 3956 idest,
484 3875 981 3959 supervetustaiundamsnta.
1016 3875 1060 3940 Et
1082 3875 1168 3941 hano
1190 3890 1319 3940 senten·
1373 3879 1570 3961 pereipimus
1593 3901 1611 3944 a
1633 3899 1733 3944 manu
1757 3880 1828 3944 Dei.
1873 3879 2040 3962 Doniongi
2068 3899 2146 3961 ergo
2168 3877 2253 3942 solet
2275 3898 2349 3961 gra·

347 3966 426 4030 tiam
445 3965 616 4029 confirmat
631 3960 715 4042 quad
735 3963 884 4043 proxime
902 3960 1064 4041 seqnitur:
1083 3959 1256 4043 Palatium,
1272 3962 1319 4025 in·
1375 3965 1493 4028 tiarum
1515 3965 1600 4030 aetio
1620 3964 1847 4041 nominatius,
1870 3966 1925 4031 ubi
1946 3966 1985 4028 de
2004 3963 2140 4030 ecelesia
2159 3967 2195 4028 lit
2215 3965 2347 4028 mentio.

347 4051 427 4135 quit,
439 4047 555 4114 sedebit
565 4057 676 4114 tidelm
690 4031 732 4113 brt
744 4045 977 4128 iaauarspula,
989 4047 1042 4110 vel
1054 4047 1204 4110 statione:
1218 4059 1320 4114 deute
1372 4048 1530 4115 Diximus
1559 4062 1665 4115 aotam
1693 4050 1806 4115 fideles
1836 4071 1901 4115 non
1930 4071 2024 4132 posse
2056 4060 2149 4114 tanta
2178 4049 2348 4114 alacritate

344 4135 474 4219 proprie
496 4133 661 4217 signifieat
682 4131 847 4208 iuditium,
871 4129 926 4196 sed
946 4131 1104 4212 aeoipitur
1122 4152 1179 4213 pro
1197 4133 1319 4216 regula,
1372 4135 1505 4200 laudare
1523 4136 1641 4218 Deum,
1665 4135 1720 4199 ubi
1739 4143 1935 4219 premuntur
1957 4135 2126 4219 angustiis,
2151 4137 2245 4201 sieuti
2268 4135 2347 4198 dum

344 4242 404 4305 pro
425 4238 589 4295 mensura,
612 4236 672 4300 pro
691 4238 790 4294 more,
813 4237 872 4300 pro
894 4215 1138 4282 consuetudine.
1170 4216 1234 4282 Hie
1253 4238 1318 4282 non
1372 4221 1537 4286 exhilarat
1570 4219 1661 4286 Deos
1697 4241 1809 4286 eorum
1847 4219 1953 4286 eorda.
2008 4221 2091 4286 Nam
2130 4221 2222 4286 dolor
2257 4230 2349 4285 tenet

345 4306 458 4371 dubito
482 4303 562 4387 quin
580 4302 738 4386 propheta
757 4303 920 4386 signifieat
937 4302 1096 4385 palatium
1116 4303 1201 4384 regis
1217 4323 1319 4384 aeque
1372 4326 1486 4370 omnes
1508 4325 1624 4371 sensus
1645 4306 1816 4372 hominum
1845 4308 2049 4372 eonstrietos:
2084 4305 2244 4389 gaudium
2267 4326 2348 4370 vero

345 4392 414 4456 iore
441 4388 664 4472 splendidum,
699 4387 794 4454 siouti
827 4389 946 4466 tuerat,
980 4399 1013 4452 st
1043 4389 1074 4450 in
1098 4386 1210 4451 eodem
1241 4388 1318 4454 loeo.
1372 4411 1535 4456 exsensu
1559 4392 1684 4472 paterni
1707 4391 1914 4458 Deiiavoris
1942 4394 2034 4476 quasi
2066 4393 2192 4458 animos
2220 4391 2346 4457 dilatat.

345 4475 487 4557 Quidam
509 4487 600 4571 ptuit<
624 4475 815 4538 existimant
837 4494 895 4556 pre
919 4473 1041 4555 templo
1065 4472 1157 4555 poni:
1180 4482 1212 4536 ot
1232 4471 1320 4538 huno
1373 4475 1462 4540 Hine
1492 4476 1589 4539 etiam
1620 4476 1753 4556 linguae
1782 4480 1925 4560 apertio:
1958 4487 1991 4544 st
2014 4478 2075 4543 hoo
2097 4499 2197 4543 sensu
2225 4477 2348 4543 dieitur

344 4582 476 4630 sensum
511 4581 575 4625 non
603 4560 755 4640 repudio:
791 4560 847 4624 sod
882 4560 1034 4641 quoniam
1069 4567 1106 4622 ut
1139 4557 1335 4640 plurimum.
1372 4559 1503 4626 Psalmo
1521 4559 1560 4626 51
1582 4561 1707 4648 (v.ll):
1731 4561 1873 4630 Domine
1896 4564 1982 4629 labia
2004 4564 2229 4646 meaaperies‚
2254 4573 2288 4627 et
2309 4583 2346 4628 os

344 4649 406 4714 hae
436 4649 513 4712 ioue
543 4644 729 4728 signifioant
750 4644 895 4710 Hebraei
925 4643 1021 4709 aedes
1050 4641 1252 4724 splendidas,
1286 4656 1319 4709 et
1372 4665 1494 4722 meum,
1529 4658 1588 4714 ato.
1640 4649 1753 4731 Neque
1786 4651 1872 4714 enim
1908 4649 1995 4715 aliud
2029 4650 2192 4733 signifieat
2225 4646 2346 4726 David,

344 4741 566 4817 sumptuosas,
600 4728 652 4795 vel
683 4731 855 4808 sublimes,
888 4730 961 4794 ideo
991 4729 1097 4812 magis
1130 4727 1254 4792 inelino
1283 4729 1317 4793 in
1372 4752 1468 4812 quam
1491 4753 1526 4797 se
1548 4734 1749 4798 obmutuisse
1777 4735 1818 4800 ad
1848 4745 1989 4818 tempus,
2024 4755 2125 4816 quum
2149 4733 2243 4800 Deus
2272 4734 2345 4798 abs-

344 4819 487 4904 priorem
521 4835 668 4897 sensum,
702 4815 786 4896 quod
818 4816 972 4897 loquatur
1002 4814 1041 4878 do
1068 4815 1187 4895 palatio
1216 4815 1316 4898 regio.
1372 4818 1524 4882 conderet
1555 4821 1595 4884 ab
1624 4820 1695 4902 ipso
1725 4821 1841 4884 faeiem
1873 4842 1967 4886 suam
1997 4824 2043 4884 ita
2075 4827 2112 4883 ut
2140 4840 2206 4884 non
2235 4823 2346 4900 posset

346 4903 448 4972 Stabit
479 4904 582 4988 igitur
611 4901 770 4984 pabillum
798 4904 881 4985 repis
909 4902 944 4965 ιἰι
964 4919 1026 4964 sua
1054 4899 1175 4982 rapula,
1206 4901 1258 4965 vel
1281 4901 1315 4963 in
1372 4917 1503 4985 gustare
1525 4915 1694 4987 paternam
1718 4907 1788 4970 eius
1811 4907 1997 4972 bonitatem.
2030 4907 2124 4971 Tune
2141 4925 2220 4989 erge
2236 4903 2346 4970 David

344 5013 403 5060 suo
425 4990 495 5056 looo
518 5009 555 5054 ao
577 4991 604 5054 si
627 5007 795 5071 nunquam
825 4987 970 5052 excisum
998 4985 1121 5050 luisset.
1168 4985 1317 5066 Denique
1372 4988 1468 5052 aienti
1499 4989 1613 5056 babuit
1642 5011 1697 5057 oar
1725 4994 1952 5070 eonstriotum,
1985 4993 2031 5056 ita
2058 5001 2091 5056 et
2117 5012 2152 5056 os
2181 4991 2345 5058 oleosum:

344 5078 444 5144 talem
468 5083 501 5140 et
518 5074 609 5140 urbis
627 5083 661 5138 et
678 5073 772 5156 regni
794 5073 1063 5137 instaurationem
1086 5071 1257 5153 promittit,
1281 5081 1317 5137 ut
1372 5072 1428 5138 sed
1451 5087 1602 5155 precatur
1620 5085 1657 5140 ut
1676 5078 1838 5142 Dominus
1860 5099 1896 5143 os
1918 5076 1979 5143 sibi
2002 5077 2136 5160 aperiat,
2161 5077 2222 5142 hoo
2240 5086 2290 5142 est
2308 5080 2347 5139 ut

344 5185 411 5229 non
433 5162 541 5226 minor
563 5159 627 5226 Dei
650 5161 757 5243 gratia
785 5157 946 5240 speranda
970 5157 1011 5220 sit
1033 5156 1068 5219 in
1091 5155 1232 5220 seeundo
1261 5158 1317 5222 illo
1371 5159 1518 5243 porrigat
1549 5162 1719 5228 materiam
1754 5165 1933 5246 gratiarum
1969 5165 2106 5228 aetionis
2140 5182 2181 5226 ex
2215 5163 2344 5246 gaudio.

344 5247 499 5316 ecelesiae
521 5253 617 5323 statu,
648 5265 744 5328 quam
775 5244 866 5328 prius
894 5243 1017 5320 fuisset,
1047 5241 1122 5322 quia
1143 5239 1236 5306 Deus
1259 5263 1316 5307 ex·
1371 5243 1468 5310 Nune
1491 5267 1568 5329 ergo
1591 5257 1740 5314 tenemus
1762 5249 1933 5315 eonsilium
1957 5249 2146 5331 prophetae:
2171 5248 2344 5331 signifieat,

343 5335 490 5418 stinguet
523 5349 652 5397 emnem
687 5331 874 5396 memoriam
912 5327 1070 5404 alodium,
1109 5326 1164 5391 ubi
1198 5327 1316 5393 iterum
1371 5329 1499 5394 etiamsi
1528 5330 1568 5395 ad
1596 5341 1726 5414 tempus
1755 5345 1918 5417 angantur
1941 5332 2064 5414 Iudaei,
2094 5344 2127 5398 et
2150 5345 2285 5418 gemant
2307 5354 2345 5399 ae
