5134 6124
226 463 290 529 309
916 457 964 524 IN
986 456 1236 524 IlllRlllMIAllI.
1282 455 1383 526 OAP.
1405 454 1539 522 XVIII.
2163 463 2229 531 310

226 653 326 718 fuisse
355 648 584 716 obstinationis
613 651 646 712 in
676 669 787 714 eorum
819 648 960 727 malitia,
994 654 1031 712 ut
1058 659 1137 712 tune
1167 665 1202 710 se
1253 645 1387 728 spiritu,
1426 654 1459 710 et
1495 644 1608 710 eadem
1641 646 1823 714 autoritate.
1876 647 2035 717 Videmus
2073 673 2152 752 ergo
2190 669 2227 720 us

227 737 404 804 animosius
423 735 632 820 aeeingerent
647 735 687 799 ad
704 732 967 818 repugnandum.
1004 731 1095 798 Dieit
1112 731 1202 797 enim
1253 731 1400 813 pspietae
1428 749 1493 795 uon
1528 731 1601 796 aliis
1633 733 1733 798 armis
1764 732 1860 799 hodie
1892 739 2020 801 eerlent
2047 739 2225 817 nobiseum,

227 845 282 891 eos
304 844 347 888 ex
369 821 515 905 professo
536 821 750 902 eouepiresse,
774 839 874 903 quum
898 816 938 884 de
960 817 1017 884 illo
1035 828 1103 883 tarn
1126 817 1201 882 hor·
1254 816 1316 881 nisi
1340 814 1456 899 quibus
1483 815 1561 884 olim
1590 835 1704 882 omnes
1733 818 1781 883 illi
1810 820 1941 902 reprobi
1971 826 2118 908 aggressi
2147 839 2226 890 suut

228 909 315 976 ribili
339 907 402 972 Dei
425 906 544 972 iudieie
574 916 684 972 essent
713 905 890 970 admoniti:
923 925 960 970 ae
990 902 1117 970 indueit
1146 921 1201 967 eos
1254 901 1437 966 Ieremiam.
1471 902 1621 968 Primum
1640 902 1761 978 dieunt,
1779 905 1929 986 sufficere,
1952 907 1982 971 ei
1999 907 2131 976 babeant
2148 929 2227 977 auae

227 1017 297 1062 sese
317 1001 432 1058 mutuo
449 993 627 1071 hortantes,
655 991 769 1075 Venite,
788 997 816 1057 et
829 991 994 1074 mpitmnsm
1007 989 1202 1073 oopitutioaee
1252 988 1458 1070 cogitationes,
1483 988 1542 1054 hoo
1564 998 1622 1068 est,
1645 988 1673 1054 ei
1695 989 1783 1055 inter
1797 1011 1832 1054 ee
1847 994 2023 1058 statuerint
2039 995 2118 1078 quid
2138 995 2226 1063 laetu

226 1085 333 1148 eontra
352 1077 530 1145 [eremium.
564 1076 752 1142 Videndum
777 1087 827 1143 est
849 1075 927 1160 quid
949 1087 1115 1160 opponent
1137 1074 1201 1139 Dei
1253 1093 1334 1156 opus
1363 1076 1424 1138 sit:
1452 1073 1528 1156 qnia
1557 1073 1617 1139 sub
1646 1073 1707 1141 hae
1736 1095 1816 1143 vooe
1844 1079 2126 1161 comprehendunt
2156 1090 2225 1148 tana

227 1166 363 1246 iudieio,
397 1185 515 1248 nempe
548 1183 609 1229 sua
641 1163 778 1229 oonsilio
811 1173 845 1228 et
878 1165 1016 1228 deoreta.
1061 1161 1134 1225 Hoe
1167 1161 1200 1224 in
1254 1158 1503 1224 deliberationes
1531 1179 1627 1244 quarn
1657 1159 1804 1227 deoreta:
1841 1183 1879 1228 ae
1907 1164 1935 1228 si
1966 1164 2126 1244 dioorent,
2158 1166 2225 1232 Noe

227 1270 355 1318 summa
383 1263 454 1315 erat
484 1249 664 1314 transferre
691 1269 710 1313 a
738 1248 810 1312 Deo
845 1247 1055 1313 autoritatem
1092 1247 1131 1310 ad
1166 1264 1201 1311 se
1252 1243 1392 1326 praediti
1414 1265 1528 1310 sumus
1549 1245 1775 1312 iurisdietione
1803 1247 1987 1314 ordinaria:
2016 1250 2108 1318 Deus
2137 1253 2226 1319 enim

227 1340 323 1420 ipsos.
369 1335 561 1419 Spoliabant
587 1335 688 1420 igitur
710 1336 818 1400 Deum
850 1334 921 1399 iure
950 1353 1021 1410 suo,
1052 1339 1085 1396 et
1115 1331 1201 1396 vole·
1253 1330 1407 1397 ecelesiae
1428 1350 1506 1396 suae
1527 1350 1587 1396 nos
1606 1332 1768 1414 praefeeit.
1802 1333 1892 1417 Ergo
1915 1334 2071 1418 quidquid
2095 1338 2226 1405 anobis

227 1421 307 1487 bant
329 1442 487 1507 oeoupare
508 1423 580 1486 eius
600 1420 727 1502 solium,
750 1441 787 1486 ae
809 1421 836 1486 si
856 1428 966 1484 essent
987 1416 1049 1501 ipsi
1068 1415 1200 1495 iudiees,
1253 1415 1419 1502 prodierit,
1453 1414 1549 1481 debet
1580 1419 1705 1482 esnseri
1736 1419 1933 1486 inviolabile.
1989 1422 2103 1500 Ratio,
2140 1423 2226 1490 Nam

228 1521 260 1574 et
283 1518 415 1592 possent
437 1507 595 1573 subiieere
617 1525 676 1572 sno
699 1504 833 1571 arbitrio
859 1502 1018 1588 quidquid
1047 1502 1201 1568 attulerat
1253 1503 1303 1568 let
1324 1521 1387 1566 eoa
1411 1506 1511 1584 potest
1534 1503 1643 1582 perire
1671 1523 1692 1567 a
1720 1505 1889 1585 amedeo,
1915 1511 1944 1571 et
1971 1508 2136 1574 consillum
2164 1529 2226 1576 bost

227 1595 396 1679 prophete.
433 1592 605 1658 Probabile
620 1593 750 1676 quidem
766 1601 826 1675 est,
843 1611 907 1656 non
924 1591 1062 1676 gessisse
1079 1587 1200 1653 bellum
1249 1591 1349 1669 potest
1364 1587 1472 1667 perire
1494 1608 1515 1652 a
1535 1589 1682 1670 sapesso,
1711 1593 1861 1656 elasam
1882 1613 1903 1656 α
1919 1591 2088 1674 prophetia.
2135 1594 2227 1662 Haeo

227 1700 303 1747 eum
326 1678 398 1744 Deo
420 1677 497 1744 dats
525 1698 639 1762 opera,
671 1678 823 1761 quoniam
853 1676 1044 1761 bypoeritae
1072 1693 1202 1756 semper
1254 1675 1317 1739 tria
1345 1681 1497 1758 poterant
1525 1673 1670 1756 speeioeo
1699 1675 1806 1740 eolore
1835 1674 1974 1744 obiieere
2001 1689 2115 1745 eontra
2137 1680 2226 1746 Iere-

227 1766 385 1832 obiieiunt
417 1765 477 1829 sibi
512 1763 637 1846 aliquas
670 1764 822 1843 nebulas,
863 1760 981 1845 quibus
1017 1767 1134 1843 sponte
1166 1779 1201 1824 se
1252 1761 1361 1825 miam.
1411 1758 1526 1842 Neque
1560 1760 1647 1824 enim
1687 1761 1801 1844 negari
1834 1771 1978 1844 poterat,
2006 1765 2083 1846 quin
2114 1771 2225 1831 meent

227 1853 315 1936 ipsos
344 1850 568 1917 obtenebrant.
619 1849 751 1914 Interea
787 1847 965 1913 diabolious
994 1848 1087 1911 furor
1112 1847 1200 1924 ipsos
1253 1845 1391 1930 legitimi
1414 1842 1599 1910 saeerdotes
1629 1845 1734 1928 quoad
1758 1847 1975 1926 vocationem,
2005 1847 2124 1916 deiude
2146 1851 2226 1934 quin

228 1936 376 2020 impellit,
399 1945 436 2001 ut
457 1954 525 2000 non
545 1936 687 2000 habeant
709 1935 808 2000 ullam
832 1933 990 1999 rationem
1007 1931 1081 1998 Dei.
1115 1930 1199 1995 Nam
1252 1942 1339 1998 esset
1369 1929 1437 1996 illio
1469 1930 1612 1996 eoelesia.
1657 1932 1727 1996 Iam
1762 1933 1926 2010 seniores,
1966 1935 2022 2017 qui
2058 1936 2225 2004 ooniuneti

228 2024 254 2088 ei
277 2021 502 2106 expenderent
531 2021 617 2104 apud
641 2042 676 2086 se
706 2019 801 2103 quale
824 2019 991 2085 doetrinae
1021 2037 1125 2100 genus
1152 2027 1202 2082 est
1253 2027 1348 2083 erent
1376 2014 1615 2093 saeerdotibus,
1649 2018 1747 2082 etiam
1781 2021 1898 2084 merito
1931 2020 2097 2087 laetabant
2129 2042 2225 2088 suam

228 2108 310 2194 quod
333 2108 483 2188 affertur,
513 2114 647 2190 possent
669 2105 761 2171 faoile
783 2104 977 2170 disoernere.
1023 2102 1119 2170 Unde
1139 2100 1200 2186 igi·
1253 2104 1455 2188 dignitatem.
1499 2101 1671 2169 Postremo
1694 2124 1860 2186 nunquam
1882 2107 1987 2171 earuit
2010 2107 2148 2190 populus
2170 2106 2226 2173 ille

228 2209 281 2260 tur
304 2194 357 2260 hie
380 2192 522 2259 furiosus
543 2193 701 2275 impetus,
732 2198 768 2256 ut
792 2189 869 2256 dum
893 2189 1009 2257 volunt
1030 2205 1200 2254 eonserere
1252 2189 1320 2256 suis
1342 2185 1519 2272 prophetis.
1556 2187 1717 2254 Videmus
1733 2209 1810 2274 ergo
1828 2203 1867 2254 ut
1884 2190 2090 2257 obtenderint
2111 2201 2226 2258 eontra

227 2300 347 2345 manus
375 2298 448 2344 oum
479 2277 625 2354 homine,
660 2278 847 2362 impingant
873 2277 908 2342 iu
938 2277 1047 2359 ipsum
1070 2271 1200 2339 Deum?
1252 2275 1315 2341 Dei
1354 2272 1548 2358 prophetam
1587 2273 1749 2356 speelosos
1789 2284 1991 2360 praetextus,
2036 2289 2069 2344 et
2108 2277 2225 2361 quibua

227 2385 361 2448 nempe,
391 2363 487 2430 sieuti
510 2364 575 2428 iam
604 2363 689 2442 dixi,
719 2375 871 2429 exeaeeat
894 2381 948 2427 eos
970 2380 1029 2428 sua
1049 2359 1201 2442 impietas
1252 2369 1404 2446 poterant
1426 2379 1490 2424 non
1513 2379 1633 2443 magno
1657 2361 1786 2444 negotio
1816 2360 1928 2427 fallere
1957 2382 2069 2428 omnes
2099 2363 2225 2446 simpli·

227 2463 260 2516 et
292 2450 454 2532 superbia,
490 2459 526 2513 ut
561 2450 630 2514 Deo
664 2450 789 2532 eripere
820 2469 885 2513 non
919 2446 1070 2512 dubitent
1103 2465 1200 2510 suum
1253 2467 1315 2513 ees.
1353 2447 1391 2512 Si
1413 2446 1472 2512 fiat
1490 2444 1698 2528 eomparatio,
1720 2459 1809 2514 oerte
1832 2453 1901 2512 tota
1923 2448 2077 2515 eolluviss
2100 2449 2225 2532 papalis

229 2535 396 2617 bonorem,
418 2543 451 2599 et
472 2536 520 2600 ita
541 2534 795 2600 substituentes
815 2535 849 2598 in
872 2533 941 2600 eius
957 2534 1073 2598 looum.
1108 2531 1200 2595 idern
1253 2555 1319 2598 non
1343 2539 1450 2617 potest
1471 2531 1572 2596 simili
1594 2532 1664 2596 iure
1686 2531 1772 2598 idern
1794 2544 1996 2618 praetexere,
2018 2533 2076 2600 sed
2094 2533 2225 2600 Iudaeis

227 2622 324 2688 hodie
348 2621 534 2704 exemplum
550 2621 696 2686 eernitur
719 2619 753 2685 in
772 2627 840 2685 toto
859 2627 988 2702 papatu.
1021 2617 1106 2682 Nam
1125 2615 1200 2680 dum
1252 2618 1350 2703 longe
1371 2630 1421 2684 est
1442 2617 1587 2683 inferior.
1625 2617 1708 2682 Nam
1725 2638 1827 2701 quum
1843 2619 1956 2685 dieunt
1978 2641 2013 2686 ee
2037 2641 2225 2704 repraesen-

227 2709 313 2774 inter
328 2727 363 2772 se
382 2706 422 2771 ad
438 2706 669 2772 refutationem
687 2713 818 2788 apertae
834 2704 985 2771 veritatis
1002 2703 1201 2787 oouepirant,
1253 2714 1325 2770 tere
1347 2703 1525 2780 molosiam,
1556 2703 1595 2768 de
1615 2723 1654 2768 eo
1676 2703 1911 2787 disputandum
1932 2713 1999 2772 est:
2029 2715 2063 2772 et
2093 2705 2226 2772 tandem

228 2815 293 2858 non
327 2793 533 2876 interrogant
569 2812 605 2857 os
640 2792 719 2870 Dei,
760 2811 864 2874 neque
905 2788 1083 2874 respieiunt
1122 2787 1201 2870 quid
1254 2790 1367 2856 venire
1385 2797 1545 2874 nugentur
1568 2788 1609 2853 ad
1631 2788 1712 2854 illud
1737 2791 1941 2873 prinoipinm,
1972 2799 2009 2856 ut
2031 2793 2226 2858 definiamus

227 2879 397 2962 seripturis
427 2877 584 2942 traditum
619 2878 679 2943 sit:
713 2875 769 2942 sed
800 2877 945 2942 eontenti
977 2883 1055 2940 sunt
1087 2871 1202 2957 putida
1253 2876 1331 2959 quid
1368 2875 1411 2940 sit
1448 2874 1590 2942 eoolssia.
1643 2874 1713 2940 Iam
1754 2876 1809 2941 ubi
1848 2877 2030 2942 eonstiterit
2066 2877 2146 2960 quid
2182 2877 2226 2943 sit

228 2964 359 3030 deereta
392 2964 445 3029 vel
476 2963 586 3046 potius
618 2963 745 3029 somnia
777 2960 986 3042 ebueeinare,
1019 2961 1054 3024 in
1084 2958 1201 3042 quibus
1253 2962 1399 3044 eoelesIa,
1422 2959 1543 3026 iterum
1561 2972 1746 3042 quaeretur,
1769 2981 1811 3026 an
1834 2961 1901 3025 sint
1923 2961 2064 3047 legitimi
2082 2962 2225 3046 episeopi

227 3049 310 3114 nihil
340 3059 390 3116 est
422 3059 490 3113 tam
520 3047 612 3113 futile
644 3046 729 3132 quod
763 3069 831 3112 uon
861 3046 964 3113 velint
998 3045 1111 3112 baberi
1143 3065 1201 3128 pro
1253 3057 1287 3114 et
1308 3045 1483 3130 praesules.
1527 3044 1641 3128 Neque
1671 3045 1758 3110 enim
1787 3047 1914 3112 voeatio
1943 3067 2058 3114 eorum
2090 3047 2227 3113 fundata

227 3134 375 3202 orueulo:
405 3134 461 3200 ubi
485 3141 594 3199 autem
618 3133 815 3217 protulerint
836 3151 912 3198 suas
934 3131 1058 3207 bullas,
1088 3130 1200 3196 existi·
1254 3143 1303 3198 est
1325 3135 1358 3197 in
1383 3130 1484 3196 verbo
1505 3131 1587 3196 Dei:
1617 3131 1695 3214 quia
1717 3150 1831 3198 omnes
1853 3141 1932 3198 sunt
1953 3133 2162 3213 sohismatiei,
2192 3145 2227 3198 et

227 3231 319 3286 mant
340 3242 374 3286 ee
397 3220 478 3285 satis
501 3221 602 3302 probe
620 3219 766 3284 munitos
788 3239 875 3294 esse,
905 3218 997 3300 quasi
1021 3217 1112 3281 Deus
1141 3235 1201 3281 suo
1253 3218 1436 3284 boeotiam
1459 3227 1785 3283 oonstatexeorum
1807 3218 2001 3296 eanonibus,
2033 3221 2110 3303 quia
2130 3218 2226 3286 hodie

227 3307 298 3371 iure
330 3305 475 3372 deieetus
507 3307 560 3370 sit.
615 3303 682 3372 Sed
715 3324 756 3369 er
797 3313 951 3368 oontextu
985 3302 1105 3369 elarius
1138 3302 1200 3367 boe
1253 3304 1344 3369 nulla
1365 3303 1456 3390 viget
1479 3303 1635 3369 eanoniea
1658 3303 1773 3369 eleotio
1795 3303 1881 3387 apud
1903 3324 1968 3371 eos.
2004 3305 2094 3390 Ergo
2117 3306 2226 3390 sequi·

228 3390 360 3475 patebit.
401 3390 527 3457 Dieunt
549 3389 646 3467 enim,
672 3391 755 3472 Quia
776 3387 1037 3470 mpeditus
1058 3409 1081 3453 a
1101 3407 1200 3452 eoem·
1253 3402 1317 3470 tur,
1340 3408 1484 3455 esssesse
1508 3387 1598 3452 illem
1623 3389 1842 3466 voeationem,
1872 3389 1912 3454 de
1934 3410 1998 3473 qua
2021 3401 2087 3455 tam
2111 3389 2227 3457 stolide

227 3478 303 3543 dote.
358 3478 450 3543 Haeo
485 3476 567 3542 ratio
603 3496 701 3559 quam
733 3475 909 3541 subiieiunt
937 3472 1080 3540 ostendit
1113 3470 1200 3537 unde
1252 3485 1286 3541 et
1308 3485 1500 3558 arroganter
1521 3474 1723 3558 superbiunt.
1768 3473 1835 3542 Sed
1862 3488 1899 3540 ut
1922 3476 2036 3542 demus
2058 3476 2132 3541 illos
2154 3495 2226 3542 esse

228 3573 320 3627 tanta
350 3563 523 3638 securitas,
560 3580 626 3644 qua
660 3562 735 3627 freti
770 3580 835 3625 non
866 3560 1015 3626 dubitent
1043 3558 1200 3641 repellere
1252 3560 1416 3646 legitimos
1446 3559 1615 3626 ministros
1648 3569 1681 3625 et
1712 3561 1915 3627 rotationem
1951 3581 2066 3628 eorum
2096 3562 2227 3644 probari

226 3649 453 3730 propheticum
476 3667 671 3723 sermonem,
696 3647 773 3730 quia
794 3646 918 3713 seilloet
938 3650 1012 3712 eant
1032 3643 1201 3711 smerdes
1252 3668 1293 3712 err
1316 3645 1381 3711 Dei
1404 3647 1516 3724 verbo,
1547 3654 1656 3711 tamen
1679 3666 1746 3712 non
1768 3647 1917 3728 sequitur
1938 3656 2125 3730 propterea,
2156 3667 2227 3714 esse

226 3739 254 3798 et
268 3734 446 3818 prophetoe,
468 3733 529 3799 hoo
545 3741 607 3817 est,
630 3733 708 3816 quia
725 3740 886 3815 ooeupant
908 3732 1019 3798 sedem
1041 3730 1077 3795 in
1099 3730 1200 3795 eeele-
1253 3752 1347 3796 veros
1380 3730 1444 3796 Dei
1478 3731 1659 3811 ministros,
1696 3731 1851 3814 quoniam
1883 3731 1989 3798 loonm
2023 3732 2227 3800 ordinarium

227 3821 292 3884 sia:
315 3820 499 3903 gloriantur
523 3821 627 3885 titulis
648 3819 724 3896 illis,
747 3819 899 3901 quamvis
918 3838 1026 3882 merae
1049 3818 1116 3882 siut
1137 3816 1200 3880 lar·
1252 3826 1403 3896 teneant,
1436 3824 1470 3882 et
1501 3816 1757 3883 iurisdietionem
1787 3818 1823 3882 in
1854 3819 1998 3884 eoelesia.
2038 3818 2124 3883 Nam
2156 3839 2227 3885 om·

227 3923 307 3969 vae:
331 3906 405 3987 quia
427 3925 545 3988 susque
569 3904 673 3988 deque
695 3912 857 3986 reputent,
880 3924 947 3968 non
971 3901 1091 3966 habere
1114 3899 1199 3983 quod
1251 3903 1348 3968 nibus
1380 3901 1519 3968 saeeulis
1553 3902 1702 3969 videmus
1738 3904 1906 3970 eoelesiam
1939 3902 2003 3968 Dei
2036 3904 2137 3970 fuisse
2169 3905 2225 3971 ob·

227 3991 390 4056 vocationi
413 3989 617 4073 respondeat.
661 3989 714 4054 Ita
741 3990 886 4053 larvatos
916 3988 1085 4072 pontifiees
1109 3985 1200 4051 vide·
1252 3989 1386 4054 noxiam
1410 3988 1486 4053 huie
1508 3988 1604 4068 malo,
1626 3999 1665 4054 ut
1686 3988 1822 4055 haberet
1844 3989 1939 4073 lupos
1961 3990 2031 4055 loeo
2049 3999 2226 4074 pastorum,

226 4096 298 4140 mus
325 4085 495 4140 contentos
522 4077 621 4141 fuisse
650 4073 775 4139 titulari
799 4075 986 4152 venatione,
1016 4091 1121 4155 neque
1148 4072 1199 4135 iu·
1252 4073 1387 4139 haberet
1420 4073 1570 4140 homines
1602 4075 1719 4158 impios
1759 4084 1793 4140 et
1831 4074 1988 4158 perfidos,
2028 4077 2083 4159 qui
2117 4076 2227 4142 Deum

226 4169 314 4226 terea
337 4179 467 4226 eurasse
490 4181 530 4224 an
562 4159 730 4226 reddenda
759 4169 845 4224 esset
873 4179 979 4224 eoram
1005 4160 1076 4224 Deo
1105 4157 1199 4224 ratio.
1252 4179 1443 4244 oppugnare
1472 4161 1545 4225 ausi
1575 4173 1653 4225 sunt
1681 4159 1743 4226 sub
1765 4161 1835 4226 eius
1858 4162 2000 4226 nomine.
2045 4160 2157 4242 Quum
2180 4163 2227 4226 ita

226 4246 269 4310 Et
292 4247 337 4310 ita
359 4245 499 4312 saeeulis
518 4247 670 4312 omnibus
693 4244 884 4330 bypoeritae
915 4244 1007 4310 abusi
1037 4252 1113 4309 sunt
1137 4244 1200 4309 Dei
1253 4247 1330 4310 olim
1354 4245 1538 4329 eontigerit,
1560 4245 1655 4311 hodie
1677 4267 1744 4311 non
1765 4256 1905 4328 possunt
1928 4245 2101 4312 diserimen
2121 4247 2226 4313 ullum

227 4331 329 4397 donis.
374 4330 505 4396 Olenius
528 4331 589 4397 boo
611 4332 758 4398 oeruitur
780 4332 813 4396 in
838 4351 878 4413 pa
902 4338 968 4397 atu.
1005 4331 1090 4396 Nam
1112 4340 1200 4395 oerte
1253 4332 1386 4408 efferre,
1417 4331 1468 4396 vel
1495 4350 1595 4414 papa,
1626 4332 1677 4396 vel
1708 4351 1822 4397 omnes
1846 4333 1961 4398 larvati
1984 4333 2053 4398 eius
2076 4334 2227 4417 episeopi,

226 4417 282 4483 ubi
311 4417 423 4481 onrnia
453 4414 597 4481 dieeussa
628 4416 767 4494 fuerint,
806 4353 988 4481 vidalinus
1016 4415 1069 4480 his
1099 4415 1200 4480 armis
1252 4419 1331 4499 quin
1348 4417 1870 4500 metuendumsitnobisalupis.
1903 4415 2040 4499 Quare?
2064 4419 2226 4500 Fuerunt,

226 4503 387 4568 confidere
411 4522 527 4586 papam
557 4523 629 4568 oum
660 4512 730 4567 tota
759 4522 817 4568 sua
846 4511 994 4568 eaterva:
1025 4501 1082 4566 ubi
1110 4499 1199 4564 enim
1252 4501 1359 4585 inquit
1381 4502 1546 4584 apostolus
1568 4502 1647 4568 olim
1669 4502 1743 4568 falsi
1770 4503 1964 4586 prophetae:
1994 4505 2042 4569 ita
2072 4507 2227 4570 etiamst

226 4588 350 4653 eenties
366 4589 443 4653 vieti
459 4587 579 4652 fuerint
595 4588 790 4653 testimoniis
805 4591 994 4670 seripturae,
1013 4587 1074 4651 boo
1090 4594 1199 4652 tamen
1251 4589 1340 4652 inter
1363 4607 1421 4654 vos
1442 4596 1543 4654 erunt
1564 4586 1635 4653 falsi
1658 4587 1807 4655 dootores
1829 4589 1872 4672 (2.
1891 4588 1963 4654 Pet.
1981 4590 2011 4673 2,
2029 4589 2071 4676 1).
2105 4589 2226 4656 Osten-

227 4693 294 4738 uno
326 4673 441 4757 elypeo
474 4684 608 4739 strenue
642 4693 677 4738 se
706 4671 897 4748 defendunt,
935 4673 1102 4739 eoelesiism
1133 4692 1199 4736 non
1251 4673 1302 4738 dit
1322 4673 1418 4738 hodie
1434 4694 1499 4739 non
1515 4674 1624 4738 minus
1646 4673 1827 4740 pavendum
1849 4695 1961 4741 ossea
1990 4677 2080 4741 falsis
2102 4676 2225 4757 episeo-

226 4779 321 4841 posse
351 4780 476 4824 errare:
506 4761 744 4841 repraesentari
774 4759 943 4825 ecelesiam
978 4760 1013 4823 in
1048 4777 1132 4840 papa
1168 4768 1200 4822 et
1252 4761 1302 4842 pis
1325 4767 1359 4824 et
1381 4759 1549 4842 prophetis
1571 4770 1604 4822 et
1625 4758 1828 4837 duotoribus,
1855 4769 1888 4826 et
1910 4781 2100 4844 quoeunque
2131 4761 2225 4826 titulo

227 4844 390 4927 episeopis
410 4854 443 4909 et
465 4853 532 4910 toto
549 4845 644 4910 olere.
680 4844 807 4910 Deinde
824 4844 994 4927 praelatos,
1016 4853 1054 4908 ut
1072 4853 1199 4926 voeant,
1251 4865 1323 4911 sese
1345 4844 1541 4928 insigniant,
1571 4863 1668 4927 quarn
1692 4845 1780 4910 olim.
1824 4845 1915 4931 Ergo
1945 4867 2047 4930 quum
2077 4846 2226 4928 papistaa

228 4949 298 4995 esse
320 4947 523 4996 suoeeesores
545 4929 773 5014 apostolorum.
818 4931 863 4994 Et
889 4933 934 4995 ita
955 4930 1061 5014 plenis
1090 4930 1200 4998 bueeis
1252 4929 1390 4995 futiliter
1412 4931 1542 5010 iaetant,
1566 4930 1735 4997 eoelesiam
1757 4951 1824 4997 non
1847 4953 1941 5014 posse
1962 4949 2080 5006 errare,
2109 4932 2225 4999 merito

228 5014 384 5081 detonant
414 5017 601 5082 continuam
640 5015 875 5082 sueoessionem
909 5037 929 5080 a
961 5016 1076 5081 Petro:
1113 5016 1200 5082 unde
1250 5014 1379 5082 ridendi
1415 5023 1512 5080 sunt:
1549 5018 1625 5098 quia
1657 5017 1805 5083 videmus
1840 5039 1919 5100 quos
1958 5030 2152 5099 sequantur:
2192 5029 2225 5084 et

228 5101 358 5166 tandem
388 5101 544 5185 eolligunt
570 5101 740 5168 ecelesiam
767 5119 934 5166 romanam
960 5121 1031 5167 esse
1059 5111 1199 5166 matrem
1251 5100 1526 5184 quemadmodum
1550 5101 1627 5168 olim
1650 5103 1814 5168 manifesti
1836 5103 1899 5168 Dei
1926 5103 2035 5168 hostes
2057 5103 2225 5188 eongressi

227 5187 374 5251 omnium
397 5186 559 5252 fidelium:
583 5187 700 5253 deinde
717 5186 785 5252 illie
803 5185 955 5269 spiritum
974 5196 1124 5252 sanetum
1147 5207 1198 5253 re·
1250 5196 1329 5253 sunt
1349 5206 1423 5252 oum
1439 5186 1587 5253 Ieremia
1624 5188 1679 5253 Ita
1701 5190 1799 5255 etiam
1820 5188 1868 5254 illi
1886 5187 1994 5272 palam
2012 5189 2117 5255 Deum
2138 5211 2224 5256 nune

227 5272 348 5337 sidere:
380 5273 456 5355 quia
484 5273 629 5354 quisquis
657 5274 690 5338 in
721 5272 829 5338 loeum
852 5273 942 5337 Petri
966 5273 1138 5348 suoeeeeit,
1166 5283 1200 5339 et
1250 5279 1441 5357 oppugnant
1468 5273 1537 5339 solo
1565 5273 1656 5340 inani
1690 5274 1803 5339 titulo:
1840 5275 1917 5356 qnia
1948 5276 2013 5340 mart
2043 5277 2223 5356 sacedotes,

226 5367 362 5441 oeoupat
391 5359 460 5422 eius
493 5357 697 5436 cathedram,
727 5358 782 5424 ills
810 5357 976 5442 praeditus
1004 5367 1054 5423 est
1085 5356 1199 5424 eodem
1249 5359 1326 5441 quio
1343 5359 1408 5424 aiat
1420 5359 1599 5442 propbetas,
1619 5361 1697 5443 quio
1713 5360 1938 5441 siatamioree,
1961 5361 2224 5444 velpresbytori,

2003 5463 2017 5494 ἡ

1967 5461 2002 5516 20
