5158 6124
352 455 416 522 40:
1162 453 1550 522 PRAELEOTIONES
2293 456 2357 524 408

354 650 427 708 tum
450 650 528 708 ante
549 641 669 725 oeulos,
699 640 827 724 quoties
849 640 963 708 volunt
991 641 1118 726 erigere
1146 642 1180 706 in
1210 639 1329 708 bouum
1382 639 1490 708 eitnr?
1528 641 1682 726 Reprrobit
1701 660 1769 708 retr.
1809 641 1950 708 Possent
1972 640 2071 707 etiam
2093 642 2156 710 hoe
2178 648 2357 728 utrumque

355 747 448 812 spem
471 728 616 807 miseros,
638 727 750 809 etqui
780 725 902 809 alioqui
932 727 1071 809 oprimi
1100 725 1212 793 dolore
1241 737 1328 810 pote·
1383 736 1544 810 torquere,
1572 730 1650 810 quia
1675 727 1764 811 regis
1787 747 1907 794 nomen
1932 747 2031 810 saepe
2050 728 2179 810 eapitur
2199 729 2240 795 de
2262 730 2357 814 regni

355 822 442 894 rant,
475 824 509 878 et
537 812 762 895 desperatione
789 812 891 878 obrui.
941 748 1037 892 duod
1063 832 1142 897 ergo
1170 822 1238 878 tam
1267 814 1330 879 ire·
1382 813 1640 880 suooessoribus:
1671 833 1789 879 verum
1812 823 1872 890 est,
1900 812 1958 880 sed
1988 813 2172 894 expendere
2200 816 2357 883 eonvenit

355 908 498 981 quanter
518 898 660 964 oeenrrit
682 897 767 980 apud
792 897 968 981 prophetas
997 898 1171 964 observatu
1194 898 1330 981 dignum
1382 903 1488 963 totum
1521 909 1722 966 eontextum.
1778 897 1909 964 Dioitur
1941 899 2029 964 enim
2063 897 2106 964 Ia
2137 898 2248 968 diebus
2278 902 2354 968 eitra

355 994 416 1063 eet,
437 995 475 1049 nt
497 986 638 1050 seiamus
665 983 896 1066 promissiones
917 982 983 1047 Dei
1011 983 1131 1067 frigere
1152 983 1238 1066 apud
1260 1005 1330 1061 nos,
1382 983 1472 1048 Hine
1493 984 1579 1050 elare
1605 992 1752 1068 apparet,
1784 982 1947 1067 designari
1977 993 2102 1050 eertum
2132 985 2276 1069 aliquem
2304 1008 2355 1054 re·

354 1069 410 1136 vel
433 1089 506 1136 esse
526 1089 713 1151 snspensas,
734 1068 904 1134 ueletiam
923 1088 1128 1151 evaneseere,
1150 1069 1213 1135 nisi
1232 1069 1330 1153 erigi·
1404 1089 1466 1150 em,
1488 1080 1522 1135 et
1543 1091 1608 1135 non
1631 1070 1749 1135 debere
1771 1068 1905 1135 extendi
1933 1068 2015 1136 haee
2035 1069 2136 1136 rerba
2165 1071 2208 1136 ad
2234 1073 2354 1153 plures

357 1173 433 1219 mus
454 1175 573 1222 sensus
596 1175 709 1220 omues
729 1153 770 1219 ad
790 1153 971 1234 Christum,
992 1165 1026 1220 et
1047 1155 1083 1219 in
1107 1154 1178 1238 ipso
1201 1156 1330 1238 quaeri·
1381 1090 1454 1220 iam
1467 1163 1668 1237 postremum
1680 1154 1864 1220 membrum
1876 1157 1981 1240 magis
1997 1154 2058 1220 hon
2075 1158 2258 1236 ooniirmat,
2280 1156 2357 1225 Erit

355 1239 1332 1408 t::.‘t¹:htl.:¹¹::t.¹::¹¹.::::i.:⁰::⁸..l:::.:::.r
1382 1239 2355 1410 l::⁰:th::⁹.:⁰⁶ll:tl::l².i.⁶l⁰::l:¹f⁸i::.::t::

357 1411 427 1476 dies
449 1411 563 1494 petbus
584 1411 691 1478 metu
711 1409 803 1476 Deus
828 1431 952 1511 permeet
973 1412 1091 1478 iustum
1112 1411 1246 1478 Doridi.
1289 1413 1330 1478 ln
1382 1411 1589 1477 indefinitum
1624 1411 1666 1478 ad
1694 1411 1805 1511 Deum
1839 1414 2061 1511 restringunt:
2098 1433 2136 1478 ao
2164 1415 2193 1479 si
2230 1412 2355 1480 dietum

355 1516 477 1648 genere
498 1498 651 1580 loquutus
668 1504 741 1561 erat
754 1495 795 1561 de
810 1497 1004 1580 pastoribus,
1026 1495 1084 1562 sed
1099 1503 1252 1579 poterant
1273 1498 1330 1563 ad·
1383 1507 1477 1580 esset,
1498 1496 1646 1564 lehovah
1668 1498 1796 1565 vooabrt
1817 1518 1891 1566 eum
1913 1499 2071 1564 iustitiam
2089 1505 2245 1581 nostram,
2267 1499 2356 1582 quod

381 1602 423 1648 uo
442 1583 619 1648 subsistere
641 1582 675 1646 in
696 1603 756 1648 sua
779 1582 978 1648 dubitatione
990 1581 1114 1663 Iudaei,
1137 1593 1170 1648 st
1187 1583 1274 1666 apud
1296 1605 1331 1650 se
1383 1593 1432 1647 est
1453 1593 1583 1666 praeter
1597 1603 1727 1650 omnem
1743 1584 1914 1650 rationem.
1950 1583 1997 1650 Et
2015 1604 2096 1649 sane
2111 1584 2224 1650 rident
2242 1606 2355 1652 omnes

356 1669 507 1734 dubitare
530 1689 572 1734 an
602 1667 636 1732 id
670 1666 868 1752 sperandum
900 1679 993 1736 esset.
1038 1669 1129 1735 Deus
1166 1689 1244 1751 ergo
1277 1669 1331 1736 hio
1384 1668 1444 1734 hoo
1482 1689 1554 1734 esse
1586 1669 1684 1735 nimis
1717 1680 1864 1736 eoaotum
1898 1677 1932 1734 et
1964 1668 2153 1736 violentum.
2207 1669 2275 1737 Sed
2308 1671 2356 1736 ita

355 1763 488 1821 renouat
510 1753 598 1837 ipsos
621 1754 663 1820 ad
685 1753 858 1820 Messium:
882 1753 974 1836 quasi
996 1754 1117 1820 dioeret
1139 1753 1223 1819 nihil
1242 1755 1329 1820 salu·
1381 1753 1526 1836 produnt
1553 1753 1664 1820 miseri
1692 1754 1741 1820 illi
1769 1777 1863 1821 suam
1893 1756 2150 1834 oontumaeiam,
2178 1757 2255 1838 quia
2283 1757 2355 1822 sine

354 1840 398 1905 tis
415 1839 616 1922 sperandum
640 1860 720 1917 esse,
743 1839 809 1906 nisi
830 1840 866 1904 in
884 1837 1061 1904 mediatore
1079 1839 1135 1922 qui
1152 1841 1331 1923 promissus
1383 1838 1505 1923 pudore
1526 1851 1720 1924 pervertunt
1747 1841 1859 1908 omnia
1888 1840 2092 1921 testimonia,
2121 1861 2203 1922 quae
2224 1862 2354 1924 oompe·

354 1925 420 1990 illis
443 1926 567 1990 iuerat:
597 1945 675 2008 ergo
696 1925 785 2009 ipsos
806 1945 872 1992 nou
895 1923 975 1990 satis
1004 1925 1227 1992 aeneideratos
1249 1947 1330 2007 esse,
1384 1932 1457 1990 tunt
1479 1927 1514 1990 in
1537 1925 1725 1992 Christum:
1748 1931 1783 1992 et
1803 1927 1885 1992 satis
1908 1936 1959 1992 est
1973 1925 2040 1992 illis
2055 1936 2209 2010 proterve
2224 1926 2356 1992 eludere

352 2011 419 2076 uisi
441 2020 568 2076 mentes
590 2031 668 2078 suas
690 2010 732 2075 ad
753 2011 861 2092 ipsum
879 2014 1116 2078 eonverterent.
1149 2010 1219 2076 Iam
1244 2033 1330 2092 vero,
1384 2010 1541 2094 quidquid
1564 2012 1653 2095 ipsos
1672 2027 1777 2096 urget.
1816 2010 1890 2076 Iam
1912 2031 1991 2096 ergo
2013 2011 2074 2077 hoe
2097 2011 2273 2078 tenendum
2296 2024 2355 2090 est,

354 2096 432 2179 quia
454 2096 728 2179 eomplementum
751 2095 865 2162 salutis
883 2097 918 2161 in
936 2095 1116 2162 mediatore
1135 2097 1330 2180 sperandum
1384 2117 1447 2162 non
1475 2117 1569 2179 posse
1596 2108 1803 2180 praesentem
1830 2097 1938 2162 loenm
1975 2097 2073 2162 aliter
2102 2099 2223 2179 exponi
2258 2119 2357 2181 quam

353 2191 435 2260 erat,
465 2182 608 2248 ostendit
635 2181 727 2248 Deus
757 2202 823 2246 nen
853 2180 971 2247 dehere
999 2185 1034 2247 in
1064 2179 1197 2246 dubium
1221 2185 1331 2249 vooari
1384 2182 1424 2247 de
1452 2181 1519 2248 selo
1549 2181 1698 2249 Christo:
1725 2191 1759 2248 et
1788 2183 1959 2248 eonsilium
1989 2183 2125 2264 spiritns
2148 2185 2254 2250 saneti
2282 2194 2358 2249 ante

356 2267 443 2333 hano
466 2267 728 2348 promissionem,
757 2264 844 2350 quod
871 2267 997 2334 soilieet
1025 2266 1161 2333 daturus
1192 2269 1236 2334 sit
1264 2269 1331 2334 illis
1384 2268 1595 2333 ostendimus.
1649 2268 1703 2332 Ab
1735 2268 1831 2333 initio
1867 2267 1956 2333 enim
1989 2268 2082 2334 Deus
2114 2270 2235 2352 pignus
2274 2267 2357 2334 illud

356 2362 513 2435 pastores.
558 2353 677 2436 Itaque
705 2351 800 2417 initio
827 2362 917 2419 reete
950 2352 1030 2431 dixi,
1058 2353 1246 2419 oonfirmari
1275 2375 1330 2420 su·
1384 2352 1594 2436 interposuit,
1633 2374 1735 2436 quum
1769 2353 1868 2421 vellet
1907 2353 2053 2418 stabilire
2085 2355 2184 2420 fidem
2220 2375 2356 2420 suarum

353 2437 1332 2607 liitztulilhhl:astutissimi:
1384 2440 1650 2607 stitit:
1667 2437 2358 2608 :tutti⁰ll::.t..¹¹⁰:::.t⁰::‘

352 2608 394 2674 ad
417 2608 645 2675 tortitudinem
668 2608 768 2686 valet,
792 2608 1066 2693 quemadmodum
1085 2609 1162 2676 alibi
1178 2610 1329 2676 vidimus.
1384 2611 1446 2676 tuit
1480 2610 1681 2676 reeoneiliari
1709 2609 1857 2687 Iudaeis,
1891 2611 1946 2692 qui
1980 2610 2023 2676 ab
2051 2611 2123 2692 ipso
2156 2611 2356 2676 deiecerant:

353 2693 510 2778 Oportnit
539 2701 650 2761 autem
673 2693 812 2762 Iudaeos
840 2695 889 2760 ita
917 2695 1112 2777 eonfirmuri,
1141 2697 1217 2778 quia
1247 2716 1330 2760 non·
1384 2695 1544 2777 quomodo
1565 2696 1652 2760 enim
1680 2695 1803 2777 reeepti
1832 2695 1971 2761 luissent
2000 2696 2204 2778 ingratiam
2234 2696 2358 2779 absque

352 2780 431 2846 dum
459 2788 591 2863 tempus
620 2780 817 2846 advenerat:
847 2781 969 2846 seimus
1000 2781 1098 2847 etiam
1128 2801 1224 2863 quam
1254 2803 1329 2867 gra·
1383 2779 1591 2863 expiatione?
1620 2779 1692 2846 Iam
1722 2779 1882 2862 quomodo
1911 2791 2064 2864 poterant
2092 2802 2226 2865 sperare
2246 2782 2358 2847 Deum

350 2866 437 2931 viter
458 2865 592 2950 pereelli
611 2886 724 2932 sorum
746 2865 828 2932 fides
849 2865 994 2949 potuerit
1015 2876 1065 2931 tot
1086 2875 1117 2930 et
1135 2873 1203 2932 tam
1225 2867 1328 2932 eonti·
1382 2867 1444 2932 sibi
1465 2865 1535 2931 lere
1556 2877 1695 2948 patrem,
1716 2867 1778 2931 nisi
1801 2872 1911 2932 ament
1933 2867 2154 2932 reoonoiliati?
2176 2867 2266 2951 Ergo
2289 2867 2358 2933 sine

354 2952 430 3017 nnis
448 2951 694 3029 tentationibus,
718 2951 784 3018 nisi
802 2952 880 3017 huie
898 2952 1040 3018 fulturae
1057 2951 1195 3018 inissent
1211 2953 1328 3018 innixi.
1383 2950 1516 3025 Christo
1548 2973 1614 3016 non
1647 2963 1798 3034 poterant
1831 2951 2020 3019 reenmbero
2059 2955 2096 3016 in
2133 2953 2249 3018 salutis
2285 2973 2357 3035 pro·

353 3036 446 3102 Deus
468 3057 547 3121 ergo
569 3036 655 3119 quod
677 3038 775 3121 longe
795 3037 903 3103 adhue
925 3048 1087 3103 remotum
1108 3045 1179 3102 erat
1199 3037 1330 3104 videtur
1381 3038 1559 3102 missiones.
1597 3037 1719 3103 Merito
1747 3038 1858 3120 itaque
1885 3037 1955 3102 diri
1981 3037 2087 3104 looum
2121 3038 2211 3104 huno
2239 3038 2358 3104 debere

355 3121 458 3204 digito
479 3133 680 3187 monstrare:
704 3143 773 3186 non
790 3123 876 3205 quod
896 3123 995 3188 breve
1018 3132 1145 3204 tempus
1169 3122 1328 3206 designet,
1382 3123 1422 3187 ad
1456 3121 1582 3188 Christi
1615 3142 1787 3205 personam
1821 3123 1986 3206 restringi.
2037 3123 2081 3187 Et
2113 3134 2202 3189 uerte
2234 3127 2357 3191 seimus

353 3207 411 3271 sed
434 3225 534 3271 eausa
561 3205 765 3272 uertitudinis
794 3208 841 3270 ita
871 3207 1031 3288 loquitur,
1066 3228 1107 3272 ne
1139 3208 1262 3274 soilieet
1293 3210 1328 3274 in
1382 3228 1454 3274 eum
1476 3208 1580 3274 solum
1603 3208 1704 3274 tuisse
1722 3210 1846 3274 iustum
1869 3229 2004 3293 germen
2025 3207 2175 3288 Doridis,
2197 3211 2273 3292 quia
2294 3210 2357 3274 etsi

353 3291 455 3376 longa
484 3291 728 3375 erspsetatione
756 3290 920 3357 defieiant.
963 3291 1054 3359 Dieit
1080 3313 1158 3376 ergo
1185 3299 1329 3360 tartaros
1381 3293 1540 3359 Eneohias
1569 3303 1602 3360 et
1624 3294 1727 3360 Iosias
1756 3294 1891 3360 luerunt
1916 3293 2055 3378 legitimi
2081 3315 2299 3372 suoeessoree,
2327 3295 2357 3360 si

355 3396 421 3444 ease
459 3376 540 3454 dies,
581 3375 694 3458 wihus
732 3377 840 3443 enodet
877 3376 1002 3442 Doridi
1038 3397 1160 3460 permen
1197 3380 1328 3444 istriam.
1381 3380 1573 3462 respieimus
1606 3380 1703 3458 alios,
1744 3381 1878 3446 luerunt
1916 3381 2010 3460 quasi
2047 3390 2203 3446 monstra.
2259 3379 2357 3446 Certe

352 3461 550 3545 Quanquam
574 3446 593 3529 b
620 3483 717 3544 saepe
739 3470 789 3528 est
811 3481 1024 3546 supervaoua,
1047 3473 1156 3528 umen
1177 3463 1239 3528 hoo
1259 3464 1329 3531 loeo
1380 3474 1511 3546 praeter
1533 3476 1599 3531 tres
1620 3466 1675 3531 vel
1697 3474 1853 3550 quatuor,
1883 3486 1999 3531 omnes
2025 3466 2157 3530 fuerunt
2179 3465 2357 3550 degeneres

352 3548 486 3613 videtur
508 3547 589 3614 mihi
613 3547 706 3614 Deus
729 3548 890 3631 respioere
913 3547 953 3613 ad
983 3556 1113 3631 paetum
1136 3547 1218 3613 illud
1242 3550 1329 3632 quod
1381 3558 1416 3614 et
1435 3549 1621 3634 foedifragi:
1653 3551 1831 3634 degeneres
1853 3551 1941 3628 dieo,
1969 3551 2121 3633 quoniam
2144 3551 2228 3617 nihil
2250 3551 2358 3616 simile

351 3642 515 3699 statuerat
536 3653 610 3699 oum
634 3633 773 3701 Doride.
815 3634 861 3698 Et
889 3632 951 3699 hoe
979 3634 1126 3701 oonsulto
1154 3633 1233 3700 feeit
1255 3655 1329 3717 pro-
1381 3637 1489 3718 potnit
1511 3636 1645 3718 reperiri
1668 3637 1754 3702 inter
1776 3637 1864 3720 ipsos
1885 3648 1918 3702 et
1936 3636 2110 3716 Davidem,
2133 3637 2189 3719 qui
2218 3637 2357 3703 debebat

351 3719 461 3802 pheta,
495 3721 650 3802 queniam
680 3719 808 3803 indigui
841 3730 935 3784 erant
967 3719 1088 3798 Iudaei,
1122 3739 1203 3803 quos
1236 3719 1328 3786 Deus
1380 3721 1446 3786 illis
1479 3739 1550 3787 esse
1581 3721 1751 3806 exemplar
1782 3721 1924 3805 pietatis.
1976 3721 2088 3802 Quum
2118 3743 2197 3806 ergo
2231 3723 2358 3789 luerint

351 3805 538 3888 respiceret
582 3805 709 3871 Verum
734 3803 788 3871 hio
818 3806 1010 3888 pronuntiat
1035 3827 1070 3870 se
1099 3805 1229 3872 fidelem
1260 3807 1328 3873 lore
1380 3827 1514 3890 prorsus
1544 3805 1716 3873 dissimiles
1743 3807 1831 3889 patri
1860 3827 1920 3888 sup
1941 3807 2080 3887 Davidi,
2108 3828 2173 3872 non
2204 3817 2358 3890 poterant

350 3891 386 3956 in
408 3891 559 3973 pastione
586 3891 654 3972 illa,
683 3911 768 3974 quae
796 3897 863 3956 ieta
891 3891 992 3956 semel
1020 3891 1125 3956 luerat
1155 3913 1229 3958 oum
1259 3893 1327 3957 Da·
1379 3893 1506 3960 oenseri
1527 3894 1588 3958 sub
1602 3890 1665 3957 hoo
1683 3893 1788 3977 elogio
1810 3891 1896 3958 Iusti
1914 3893 2074 3976 geminis.
2110 3891 2238 3976 Deinde
2259 3901 2358 3958 erant

353 3976 447 4042 vide:
475 3978 630 4058 quoniam
653 3979 722 4060 ipse
744 3976 855 4043 David
884 3975 1027 4042 rioissim
1055 3977 1184 4061 integer
1212 3979 1327 4059 fuerat,
1380 3979 1495 4061 perfidi
1518 3986 1550 4044 at
1572 3988 1755 4061 apostatae,
1789 3979 1943 4060 quoniam
1971 3978 2157 4045 defenerant
2186 3978 2301 4044 aDeo
2323 3990 2358 4044 et

351 4071 386 4128 et
407 4063 581 4146 amplexus
609 4063 715 4127 iuerat
742 4061 869 4128 sincera
895 4060 961 4126 fide
989 4063 1235 4144 promissionem
1264 4063 1328 4128 sibi
1379 4063 1452 4147 lege
1473 4063 1586 4146 ipsius.
1631 4063 1790 4129 Videmus
1813 4083 1891 4148 ergo
1912 4063 2046 4129 subesse
2074 4063 2237 4146 obliquam
2270 4065 2356 4130 anti·

353 4148 507 4216 oblatam.
552 4147 645 4214 Deus
665 4168 742 4232 ergo
765 4148 858 4230 qnasi
881 4167 947 4212 non
969 4155 1054 4212 esset
1075 4148 1138 4213 sibi
1160 4149 1326 4232 negotium
1380 4149 1491 4215 thesin
1513 4150 1600 4214 inter
1616 4148 1796 4228 Christum,
1819 4162 1852 4216 et
1874 4150 1961 4214 inter
1979 4158 2028 4213 tot
2043 4150 2138 4232 qnasi
2153 4149 2357 4216 adulterinos

354 4254 429 4301 oum
451 4232 508 4298 illo
530 4251 687 4317 perverso
702 4240 737 4297 et
757 4233 884 4316 perdito
907 4232 1033 4315 populo,
1055 4230 1113 4297 sed
1135 4253 1209 4298 oum
1233 4255 1327 4300 servo
1380 4235 1480 4312 filios,
1518 4235 1574 4316 qui
1613 4235 1746 4301 tametsi
1785 4235 1949 4318 prooreati
1988 4234 2121 4300 inerant
2154 4256 2198 4300 ex
2230 4235 2357 4302 semine

230 4345 234 4354 ’
353 4339 413 4388 suo
447 4320 593 4400 Davide,
626 4317 722 4394 dioit,
757 4317 923 4386 &soiiobo
955 4317 1077 4383 Doridi
1108 4317 1173 4401 ipsi
1203 4339 1328 4402 pumen
1380 4319 1535 4398 Davidis,
1571 4328 1680 4385 tamen
1709 4319 1839 4403 indigui
1870 4329 1942 4385 erat
1968 4317 2145 4387 honorilioo
2174 4320 2231 4386 illo
2260 4320 2357 4386 titulo

351 4407 482 4472 iustum.
526 4405 629 4486 Quasi
653 4404 785 4483 diesret
809 4403 949 4469 Etiamsi
970 4403 1093 4470 oenties
1115 4403 1242 4486 indigui
1262 4406 1329 4469 sint
1381 4415 1513 4488 propter
1534 4425 1626 4470 suam
1653 4406 1863 4488 impietatem.
1907 4404 2054 4472 Proinde
2080 4407 2233 4487 quoniam
2262 4426 2357 4491 reges

354 4491 474 4575 quibus
496 4490 669 4556 exhibeam
698 4489 917 4566 liberatorem,
949 4499 1056 4554 mmen
1078 4489 1224 4554 manebit
1245 4510 1328 4555 sem·
1379 4489 1443 4572 ipsi
1465 4488 1529 4555 Dei
1552 4491 1635 4555 iram
1663 4490 1820 4557 adversus
1850 4491 2006 4575 populum
2033 4492 2295 4568 eoneitaverant,
2323 4501 2357 4556 et

352 4599 412 4662 per
441 4576 527 4660 apud
560 4597 614 4640 me
643 4577 772 4660 integra
797 4575 938 4640 Davidis
965 4574 1139 4653 memoria,
1167 4575 1252 4639 sient
1277 4575 1327 4640 in·
1381 4577 1510 4642 luerent
1539 4595 1635 4641 eausa
1664 4578 1771 4657 exitii,
1808 4577 1887 4643 dieit
1915 4598 2003 4642 nune
2044 4577 2203 4659 propheta
2231 4577 2358 4644 Inuum

353 4673 447 4747 teger
467 4661 532 4728 fuit
553 4670 587 4727 et
609 4662 819 4744 ineorruptns
840 4665 876 4726 in
897 4659 1057 4727 servando
1087 4679 1160 4725 meo
1189 4659 1327 4726 foedere.
1379 4662 1446 4743 sore
1473 4681 1600 4744 pumen
1628 4663 1768 4745 medem,
1802 4661 1863 4729 hoe
1896 4671 1957 4744 est,
1989 4663 2139 4745 quamvis
2165 4662 2212 4726 illi
2246 4662 2355 4728 eonati

354 4749 489 4816 Nemini
512 4757 622 4814 autem
646 4746 781 4813 dubium
803 4752 862 4823 est,
891 4747 968 4828 quin
991 4746 1143 4827 loquatur
1170 4745 1224 4811 hio
1253 4766 1328 4828 pro·
1381 4761 1489 4813 essent
1518 4755 1666 4813 evertere
1689 4745 1752 4811 Dei
1786 4747 1901 4814 foedus
1932 4747 2001 4814 suis
2031 4747 2177 4814 eoelestis
2199 4747 2355 4824 mombar,

353 4833 453 4918 pheta
482 4833 522 4899 de
545 4833 687 4900 Ohristo.
731 4832 847 4898 Iudaei
876 4839 915 4897 nt
941 4831 1116 4898 obseurent
1137 4831 1328 4897 vatioinium
1381 4844 1555 4899 venturum
1585 4832 1718 4897 tandem
1748 4854 1864 4898 varum
1898 4834 2023 4916 filium,
2051 4843 2084 4897 et
2116 4835 2266 4911 nnioum,
2300 4834 2357 4916 qui

354 4919 425 5000 hoo,
448 4919 575 4986 malunt
599 4917 776 4984 extendere
798 4917 839 4984 ad
869 4937 981 4983 omnes
1003 4916 1143 4982 Daridis
1171 4926 1328 5000 posteros,
1381 4929 1516 4984 venatur
1538 4917 1615 4982 alibi
1639 4918 1877 5003 primogenitus
1905 4921 1940 4984 in
1970 4927 2037 4984 tota
2067 4930 2173 4996 terra,
2203 4918 2356 4984 stillum

352 5015 387 5071 et
413 5005 461 5070 ita
490 5006 715 5089 imaginantur
745 5013 912 5070 terrenum
941 5000 1024 5066 illud
1055 5023 1203 5085 regnum,
1233 5003 1329 5086 quale
1377 5005 1448 5087 fore
1476 5003 1593 5068 iustum
1620 5023 1753 5087 pumen.
1804 5005 1850 5069 Et
1881 5004 1943 5071 hoe
1973 5003 2148 5088 diligenter
2175 5004 2358 5070 notandum

353 5091 418 5155 luit
440 5089 503 5156 snb
521 5090 697 5156 Solomone
717 5098 750 5156 et
771 5089 853 5155 aliis.
892 5086 958 5154 Sed
981 5097 1069 5153 eerto
1091 5096 1197 5170 potest
1218 5089 1290 5153 eolli
1317 5090 1327 5152 i
1380 5099 1444 5165 est,
1467 5089 1545 5171 quia
1567 5099 1634 5154 tam
1658 5091 1762 5156 iosias
1784 5109 1883 5172 quam
1906 5090 2066 5157 Eneohias
2095 5102 2128 5155 et
2158 5090 2301 5171 similes,
2328 5089 2358 5153 si

353 5197 396 5241 ex
419 5175 599 5259 prophetae
620 5176 740 5260 verbis,
769 5175 823 5241 hie
849 5196 912 5240 nou
940 5171 1052 5238 haberi
1074 5193 1257 5238 sermonem
1287 5111 1327 5239 ἕο
1379 5176 1414 5240 in
1437 5195 1473 5240 se
1496 5181 1706 5258 reputentur,
1736 5176 1863 5260 indigni
1897 5186 2006 5241 temen
2030 5174 2162 5240 fuerunt
2183 5196 2278 5242 suero
2299 5174 2357 5239 illo

353 5261 468 5328 multis
489 5261 630 5346 regibus,
653 5262 712 5329 sed
734 5262 773 5327 de
796 5280 862 5326 uno
884 5259 1052 5324 duntaxat.
1098 5256 1225 5322 Nomen
1254 5279 1326 5343 ger·
1380 5262 1526 5338 nomine,
1555 5261 1627 5346 Ego
1656 5262 1749 5328 illum
1772 5281 1858 5343 pono
1885 5262 2141 5345 primogenitum
2180 5261 2218 5325 in
2250 5271 2357 5326 terra:

353 5347 454 5414 minis
477 5353 527 5414 est
553 5347 769 5430 oolleotivum,
799 5348 916 5413 fateor:
944 5342 1002 5410 sed
1032 5343 1109 5426 qnid
1138 5352 1249 5426 postea
1277 5344 1327 5410 di·
1381 5344 1514 5424 deinde,
1544 5345 1650 5413 Filius
1672 5368 1765 5414 meus
1787 5367 1822 5412 es
1844 5355 1897 5411 tu:
1926 5346 1988 5413 hoe
2014 5367 2080 5412 non
2102 5346 2208 5429 potuit
2230 5345 2294 5414 diei
2317 5345 2359 5411 de
