5134 6124
215 448 279 514 273
912 447 963 512 IN
985 447 1234 516 Iultltlssall.
1279 447 1378 542 OAP.
1402 447 1516 514 XVII.
2155 452 2221 518 274

214 637 272 702 illa
294 636 440 702 iuratur:
464 637 510 703 ric
532 647 582 701 est
603 636 729 702 inutilis
751 635 852 702 labor.
898 635 988 702 Dicit
1014 636 1187 720 propbeta:
1241 636 1283 702 ad
1305 658 1376 702 rem
1397 639 1525 716 attenti,
1547 645 1580 702 et
1604 637 1660 720 qui
1683 636 1826 720 undique
1844 638 1985 721 rapiunt,
2009 651 2042 704 st
2059 639 2219 706 tenaciter

215 721 284 790 Eos
305 741 408 788 onmes
430 722 485 806 qui
505 721 636 788 divitias
656 726 835 790 materensi
849 721 1015 788 subite
1029 727 1058 788 et
1072 722 1189 804 iniqtte,
1241 722 1454 806 supprimunt
1475 721 1631 805 quidquid
1654 721 1755 788 semel
1778 723 1812 788 in
1834 743 1945 790 eorum
1964 745 2082 790 manns
2100 745 2222 808 parve·-

214 809 333 874 similss
361 827 427 874 csse
450 807 650 890 perdicibus:
678 809 755 890 qaia
780 813 930 891 etpumia
957 807 1130 890 relinquare
1155 808 1191 874 in
1241 809 1300 874 nit.
1352 807 1420 874 Sed
1450 807 1611 874 Dominus
1642 807 1696 872 bic
1725 807 1884 874 stultitiae
1913 819 1945 874 et
1975 810 2132 876 vanitatis
2161 830 2217 876 eos

215 894 316 960 ιιιιιιιο
335 894 460 960 dieram
480 912 608 958 numm
629 893 761 960 diuitiae
781 894 865 960 mole
881 898 1006 974 portos.
1050 892 1191 960 Summa
1241 914 1354 960 omnes
1382 893 1589 960 condemnat.
1635 892 1830 976 Quanquam
1860 896 2011 960 existimo
2040 897 2139 962 etiam
2160 916 2217 979 pe·

215 989 279 1061 est,
302 979 447 1064 quisquis
469 998 529 1063 per
550 978 753 1060 iniustitiam,
776 977 829 1044 rel
851 999 909 1060 per
930 979 1084 1044 iniuriam
1108 978 1190 1044 dite·
1241 980 1415 1045 cuninrum
1437 979 1601 1062 mancipia
1623 981 1733 1046 vocari
1763 980 1912 1046 bominee
1942 980 2053 1058 nibili,
2083 990 2116 1048 et
2143 1002 2218 1048 eon·

214 1087 304 1134 scere
334 1067 437 1148 eupit,
472 1065 540 1129 lore
569 1064 789 1130 maledictioni
829 1064 891 1130 Dei
921 1063 1114 1140 obnoxium.
1152 1070 1190 1130 nt
1243 1065 1450 1148 temptibiles.
1495 1063 1659 1149 Sequitur,

216 1153 346 1219 tandem
377 1171 443 1216 non
477 1151 607 1216 fruatur
638 1149 733 1216 bonis
767 1149 852 1216 male
885 1151 997 1232 partis.
1046 1148 1084 1217 Si
1118 1151 1190 1233 qais

215 1240 355 1314 obiiciat,
379 1235 501 1302 multos
516 1245 627 1302 tamen
643 1256 762 1302 averna
776 1244 810 1302 et
830 1236 981 1318 perfidos,
1004 1244 1037 1302 et
1057 1256 1190 1319 rapaces
1329 1236 1379 1300 12.
1404 1235 1524 1302 Solium
1536 1236 1655 1320 pieriae
1669 1236 1823 1303 ιιιιιιιιιιι
1837 1235 1914 1322 (ιιι,
1937 1235 2111 1302 celsitudo:
2135 1249 2216 1306 nitu

216 1325 280 1391 lrni
303 1322 371 1390 auis
395 1321 535 1398 divitiis,
567 1319 747 1405 respondeo
777 1343 843 1388 non
872 1341 943 1388 asse
966 1342 1079 1388 samm
1109 1322 1190 1388 frui·
1242 1321 1327 1386 euim
1351 1333 1419 1388 tam
1449 1321 1607 1390 adiectirs
1629 1322 1770 1405 eapitur,
1802 1343 1899 1406 quam
1929 1322 2148 1404 substantive)
2177 1322 2217 1388 ob

215 1413 352 1488 tionem,
385 1408 442 1474 abi
476 1408 587 1474 nullus
620 1419 670 1474 est
703 1429 798 1486 usus,
832 1416 866 1473 et
899 1407 989 1476 nulla
1021 1407 1188 1475 securitas.
1240 1407 1333 1474 initio
1354 1408 1438 1475 lenus
1459 1409 1639 1476 sanctuarii
1658 1408 1769 1474 ιιοιινι.

216 1496 286 1562 Iam
310 1495 338 1562 si
360 1493 538 1578 prudenter
559 1492 775 1578 expendimus
797 1492 958 1576 quomodo
976 1494 1067 1559 avari
1086 1494 1189 1577 possi·
1315 1541 1320 1554 .
2076 1535 2077 1540 κ

217 1582 316 1648 deaut
338 1601 423 1664 quae
452 1589 651 1661 rapuerunt,
682 1578 865 1645 videbimus
899 1599 954 1644 eos
982 1600 1112 1662 semper
1139 1579 1189 1644 in·
1328 1578 1401 1644 Nou
1436 1578 1570 1646 dubium
1603 1589 1653 1646 ert
1682 1579 1762 1662 quin
1796 1579 1953 1663 propheta
1985 1587 2217 1646 commemoret

216 1669 309 1734 biars
342 1667 435 1732 novis
467 1664 614 1748 praedis,
654 1673 687 1730 ct
726 1685 798 1731 aeae
838 1664 1023 1748 perdicibus
1055 1664 1189 1732 similes.
1241 1663 1443 1748 singularem
1477 1665 1636 1749 qratiam,
1676 1685 1742 1748 qna
1770 1664 1862 1730 Dens
1892 1664 2031 1730 Iudaeos
2061 1663 2215 1749 dignatus

216 1753 384 1838 Gelliguut
420 1753 509 1817 euim
545 1771 608 1816 ova
643 1771 713 1828 ena,
747 1751 877 1816 interim
916 1750 1027 1816 nullus
1063 1751 1190 1818 iructns
1241 1750 1363 1834 inerat,
1394 1772 1494 1834 quum
1525 1749 1586 1816 sibi
1616 1750 1751 1835 eligeret
1773 1750 1859 1834 apud
1888 1751 1975 1834 ipsos
2004 1750 2215 1818 domicilium.

215 1839 586 2006 ttl’tttxtttt
604 1835 1190 2005 liitffldillibl'iffllt
1241 1835 1523 1988 iltaeltttt
1551 1835 1978 2006 bttlllltt'tllt.
2003 1835 2216 2006 Istis?

215 2013 339 2078 dim
370 2029 518 2088 ιιιονιιιιι,
555 2010 631 2092 qnia
670 1974 799 2091 semper
837 2019 916 2074 sunt
948 2008 1089 2076 fallaces.
1144 2009 1189 2074 Ilt
1241 2007 1360 2074 clamat
1382 2007 1542 2091 propheta
1563 2007 1677 2075 solium
1695 2009 1831 2093 plotius,
1861 2014 1889 2073 ct
1916 2007 2129 2074 edeitadincm
2150 2027 2215 2074 esse

216 2097 366 2180 quamvis
394 2094 565 2176 permittat
594 2094 660 2160 illis
688 2093 782 2160 Deus
810 2092 942 2161 divitias
972 2103 1084 2160 tenere
1111 2114 1188 2178 sup·
1240 2093 1340 2160 locum
1365 2094 1552 2175 caraussii,
1581 2115 1678 2178 quem
1706 2093 1767 2160 sibi
1788 2093 1881 2160 Dens
1905 2094 1938 2158 in
1963 2105 2050 2158 terra
2072 2093 2128 2157 illa
2149 2092 2215 2159 ele·

215 2203 359 2267 pressas,
390 2191 501 2246 ιιιιιιιι
533 2180 658 2246 nnllam
686 2181 763 2246 inde
792 2180 969 2246 utilitatem
995 2181 1188 2264 percipiunt,
1240 2187 1343 2262 gerat.
1397 2178 1466 2247 Sed
1503 2179 1681 2246 tenendum
1722 2189 1771 2246 eet
1809 2179 1990 2263 prophetae
2030 2177 2214 2245 consilium.

215 2265 486 2352 quemadmodum
528 2267 606 2332 satie
647 2274 760 2332 notum
802 2275 860 2330 est.
915 2265 987 2330 Imo
1027 2265 1190 2349 cupiditas
1242 2265 1428 2348 Aliquando
1456 2266 1543 2331 enim
1573 2266 1708 2349 spiritus
1736 2275 1869 2332 sanctus
1896 2275 2129 2332 commemorat
2152 2263 2216 2330 Dei

214 2353 346 2420 illorum
362 2362 400 2418 nt
415 2362 465 2418 est
479 2351 699 2435 inexplebilis,
718 2361 768 2418 est
784 2349 946 2435 hydrops:
970 2351 1047 2434 qnia
1061 2371 1190 2435 semper
1242 2351 1407 2429 beneficia,
1436 2362 1473 2418 ut
1495 2351 1600 2436 erigat
1629 2351 1799 2417 bominum
1829 2352 1955 2417 animoa
1984 2349 2024 2414 ad
2052 2350 2216 2430 fiduciam,

214 2440 341 2516 sitiunt,
364 2447 398 2504 et
419 2439 492 2521 ipsa
511 2438 681 2521 congeries
699 2458 796 2520 opum
820 2437 868 2502 ita
886 2436 1034 2503 accendit
1055 2436 1189 2504 illorum
1242 2436 1295 2502 vel
1310 2439 1432 2504 excitet
1446 2437 1487 2504 ad
1506 2437 1665 2504 sacrificia
1680 2437 1796 2502 laudis.
1829 2437 1894 2503 Hic
1910 2447 1962 2502 est
1975 2435 2078 2519 igitur
2092 2434 2215 2519 duplex

214 2524 398 2602 avaritiam,
421 2535 460 2590 ut
482 2525 538 2607 qui
561 2523 742 2588 ditissimus
764 2542 877 2588 eorum
900 2532 968 2602 est,
997 2522 1107 2590 minue
1129 2523 1189 2589 ha·
1241 2542 1334 2601 usas,
1357 2521 1434 2589 dnm
1457 2523 1621 2607 scriptura
1642 2522 1736 2588 nobis
1756 2524 1792 2588 in
1816 2521 1959 2588 medinm
1981 2521 2133 2605 proponit
2150 2520 2216 2588 Dei

215 2610 289 2676 beat
309 2631 407 2694 quam
430 2610 486 2693 qui
508 2618 682 2675 contentus
709 2616 759 2674 est
788 2606 941 2675 mediocri
964 2608 1108 2686 samana,
1135 2609 1190 2674 vel
1243 2608 1409 2686 beneficia,
1433 2629 1551 2692 nempe
1573 2607 1628 2674 vel
1648 2617 1796 2674 atcerte
1818 2609 1965 2692 persuasi
1988 2608 2099 2686 simus,
2122 2607 2216 2673 illum

214 2697 314 2762 otiam
337 2697 439 2762 ιιιιιιι.
474 2695 612 2762 Certum
626 2693 729 2777 igitar
750 2704 810 2772 ast,
832 2714 889 2760 eos
906 2693 962 2777 qui
984 2692 1025 2760 ad
1048 2704 1189 2760 mortem
1241 2715 1370 2778 semper
1396 2693 1489 2762 uobis
1519 2694 1588 2760 iera
1613 2705 1757 2777 patrem:
1793 2693 1871 2777 quia
1899 2694 1955 2776 qni
1985 2695 2106 2776 incepit
2133 2691 2217 2758 salet

215 2779 810 2950 tt¹¹tt⁰¹ttt¹¹tlltltttb
826 2787 1189 2932 ttbttlt‘ttlt
1240 2780 1339 2952 {tt
1351 2778 1847 2951 stitittttltltllt
1869 2778 2216 2930 ttt‘t'tl.¹'⁸²ll⁰

214 2953 354 3029 utilitas,
384 2948 659 3035 quemadmodum
691 2949 774 3030 dixi,
807 2950 872 3018 illis
898 2959 1042 3018 onustat:
1072 2951 1188 3018 deinde
1241 2950 1372 3033 qnando
1388 2917 1556 3034 ’scriptura
1583 2972 1642 3018 nos
1663 2949 1817 3016 hortatur
1845 2948 1887 3015 ad
1914 2948 2113 3014 reddendam
2139 2969 2215 3034 gra·

214 3047 351 3121 possunt
383 3038 483 3104 etiam
518 3037 626 3103 notari
662 3037 767 3121 magis
796 3036 937 3102 illustria
967 3037 1029 3102 Dei
1060 3037 1187 3103 indicia.
1242 3037 1362 3101 tiaram
1395 3038 1576 3114 actionem,
1617 3035 1696 3100 dum
1728 3034 1871 3100 ostendit
1904 3055 2001 3117 qnam
2034 3033 2216 3100 liberaliter

213 3123 299 3190 Nam
329 3133 494 3189 momento
523 3123 557 3187 in
586 3142 749 3189 summam
780 3123 965 3204 pauperiem
995 3122 1189 3207 rediguntur
1241 3122 1410 3188 nobiseum
1439 3122 1543 3208 egerit
1573 3120 1673 3188 Dens.
1728 3118 1795 3188 Sed
1831 3119 1885 3188 bie
1920 3131 1971 3186 est
1998 3118 2215 3204 exprobratio,

214 3209 272 3292 qni
300 3210 433 3275 fuerunt
462 3208 629 3274 ditissimi:
662 3219 696 3272 et
722 3208 778 3290 qni
806 3215 925 3291 putant
952 3208 1050 3274 etiam
1079 3207 1188 3274 salices
1241 3227 1343 3290 quum
1366 3208 1525 3291 propbeta
1553 3207 1634 3273 dicit
1661 3208 1777 3274 solium
1804 3205 1974 3291 ebriosum
1997 3205 2059 3272 Dei
2087 3226 2152 3273 esse
2181 3207 2217 3272 in

213 3295 285 3360 iore
307 3314 383 3360 suna
404 3293 539 3370 liberos,
567 3293 596 3358 si
627 3293 816 3375 relinquant
837 3293 980 3377 amplum
1002 3293 1066 3360 illis
1088 3293 1189 3377 patri·
1242 3293 1373 3378 Iudaea,
1395 3293 1668 3376 quemadmodum
1691 3293 1720 3359 si
1745 3293 1835 3358 Deua
1863 3292 1930 3359 illic
1959 3293 2083 3376 palam,
2109 3301 2143 3358 et
2166 3291 2216 3358 ιιι·

214 3379 376 3459 monium,
403 3378 488 3445 nihil
510 3377 597 3444 aliud
621 3387 690 3444 tota
712 3379 781 3444 vita
803 3399 901 3461 qnam
928 3379 1060 3461 laqueos
1087 3380 1188 3448 confi·
1241 3379 1329 3445 sibili
1358 3379 1462 3446 forma
1489 3389 1670 3464 appareret.
1716 3378 1797 3443 linit
1826 3379 1915 3444 enim
1937 3377 2060 3444 Iudaea
2068 3427 2077 3459 ,
2104 3389 2141 3442 nt
2169 3378 2217 3442 ita

214 3467 305 3533 ιιιιιιι
321 3465 390 3532 suis
408 3464 536 3532 liberis:
560 3464 714 3547 qnoniam
735 3463 858 3531 cedunt
874 3463 941 3530 illis
963 3485 1040 3548 opes
1059 3465 1092 3530 in
1115 3485 1187 3548 per·
1240 3463 1366 3548 loquar,
1388 3465 1482 3549 qnasi
1504 3466 1630 3532 coelum
1653 3474 1819 3542 terrestre,
1844 3463 1920 3546 quia
1943 3465 2034 3530 Dens
2056 3464 2118 3529 sibi
2140 3483 2215 3528 eon·

214 3552 342 3618 niciam.
388 3549 556 3633 Quidquid
583 3551 643 3629 sit,
677 3549 952 3632 quemadmodum
984 3552 1085 3616 veteri
1115 3571 1188 3634 pre·
1240 3560 1429 3618 sacraverat
1450 3561 1594 3616 montem
1617 3549 1699 3617 Sion
1722 3549 1778 3615 ubi
1800 3549 1974 3616 babitaret.
2018 3548 2116 3614 Nune
2138 3568 2216 3631 ergo

215 3637 326 3704 verbio
349 3635 474 3702 dictum
497 3644 558 3713 est,
586 3633 675 3702 Male
698 3647 791 3720 parta
813 3637 899 3701 male
926 3635 1042 3716 dilabi,
1073 3637 1135 3703 hoc
1156 3647 1190 3702 et
1241 3645 1391 3704 tenemus
1413 3657 1473 3703 our
1495 3635 1655 3720 propbeta
1683 3635 1737 3701 hio
1765 3635 1904 3700 extollet
1935 3635 2145 3718 dignitatem,
2174 3631 2217 3698 ad

215 3743 277 3788 usn
300 3733 333 3786 ot
353 3721 556 3805 experientia
578 3723 657 3787 satis
680 3722 845 3804 probatur.
883 3722 929 3786 Et
950 3722 1010 3788 bne
1032 3722 1189 3806 intelligit
1241 3742 1339 3804 quam
1365 3721 1530 3789 extulerat
1558 3721 1651 3788 Deus
1673 3719 1827 3798 Iudaeos,
1857 3741 1957 3804 quum
1983 3721 2127 3786 iusserat
2155 3718 2217 3784 sibi

214 3809 383 3892 propbeta,
406 3829 506 3891 quem
528 3828 584 3874 eos
606 3816 774 3888 comparat
796 3806 995 3890 perdicibus,
1024 3809 1080 3891 qui
1109 3828 1188 3890 opes
1241 3807 1400 3890 templum
1430 3807 1556 3874 exstrui
1581 3807 1616 3872 in
1646 3816 1758 3873 monte
1790 3804 1880 3874 Sion.
1926 3804 2070 3886 Quidam
2100 3804 2218 3870 suban-

215 3893 424 3960 aocumnlant
450 3913 513 3959 non
534 3894 569 3958 in
594 3893 729 3971 iudicio,
757 3893 875 3978 inquit.
920 3893 1079 3976 Exceptio
1108 3893 1188 3959 baec
1241 3893 1336 3959 diunt
1354 3893 1546 3976 particulam
1561 3892 1796 3959 similitudinis.
1835 3889 1927 3958 Sicut
1945 3891 2064 3956 solium
2083 3890 2215 3974 gloriae,

215 3977 358 4046 notanda
380 3985 438 4045 est.
472 3979 585 4044 Potest
607 3978 693 4043 euim
708 3978 790 4062 fieri,
814 3987 850 4042 ut
871 3978 1034 4062 quispiam
1052 3978 1189 4044 ditescat
1242 3980 1303 4046 boc
1323 3987 1384 4058 est,
1407 3981 1492 4046 sieut
1506 3977 1633 4044 coelum
1655 3979 1764 4063 ipsum
1779 3978 1813 4044 in
1827 3977 1970 4055 sublimi,
1992 3977 2040 4041 ita
2061 3976 2216 4043 estloena

215 4065 273 4148 qni
293 4065 391 4130 fuant
412 4065 520 4129 iustus
542 4064 609 4130 vir:
635 4062 910 4147 quamadmodum
931 4062 1022 4128 Dens
1045 4063 1187 4146 locuple·
1240 4064 1419 4132 sanctuarii
1442 4065 1564 4130 nostri:
1586 4063 1643 4130 sed
1665 4083 1839 4148 possumne
1856 4061 2049 4145 simpliciter
2070 4061 2217 4146 accipere

214 4151 297 4216 tavit
320 4148 497 4216 Abrabam.
543 4148 609 4216 Sed
632 4149 687 4214 ille
717 4169 782 4213 non
812 4147 936 4215 ditatus
965 4150 1027 4214 iuit
1053 4150 1187 4233 rapinis,
1240 4151 1341 4218 verba
1373 4159 1411 4217 nt
1444 4163 1571 4218 sonant.
1621 4150 1762 4222 Interim
1791 4147 2027 4231 repudiandum
2057 4159 2107 4212 est
2133 4145 2216 4214 illud

215 4258 275 4304 nec
296 4233 476 4314 fraudibus,
498 4255 559 4300 nec
578 4233 786 4302 crudelitate:
811 4233 990 4300 benedictio
1008 4234 1071 4300 Dei
1094 4235 1188 4302 illum
1240 4237 1443 4304 rabbininum
1476 4247 1711 4312 commentum,
1746 4232 1835 4318 quod
1865 4233 1957 4300 Deus
1990 4243 2068 4298 ante
2100 4232 2216 4299 mnndi

214 4320 342 4387 ditavit.
389 4319 454 4387 Sed
478 4322 533 4403 qui
555 4339 726 4404 paperem,
757 4330 790 4385 et
820 4341 878 4404 per
899 4321 991 4388 nefas
1020 4321 1082 4388 sibi
1110 4341 1188 4405 opes
1240 4322 1438 4391 creationem
1468 4323 1625 4405 templum
1659 4319 1857 4398 condiderit,
1887 4319 1983 4385 sicuti
2004 4320 2160 4384 Messiam
2183 4327 2217 4384 nt

214 4407 431 4486 accumulant,
462 4425 593 4472 necasse
622 4416 685 4481 est,
715 4405 788 4472 illos
816 4406 948 4472 tandem
975 4407 1139 4473 exinaniri
1169 4428 1189 4473 a
1240 4409 1313 4476 alia.
1358 4408 1474 4492 Nugae
1494 4407 1570 4472 illae
1593 4415 1671 4472 snnt
1692 4405 1790 4472 nimis
1811 4404 1980 4488 insipidae.
2015 4405 2139 4471 Tamen
2162 4403 2216 4474 hie

213 4492 296 4558 Deo.
338 4491 429 4558 Dicit
450 4491 603 4575 primum,
624 4491 732 4556 Medic
754 4491 876 4558 dicrum
904 4512 1036 4558 amram
1057 4493 1188 4560 oarctia
1240 4495 1331 4561 locus
1352 4493 1503 4577 praebuit
1524 4490 1657 4558 Indaeis
1679 4511 1792 4558 ansam
1816 4490 2001 4570 fabulandi,
2030 4491 2106 4574 qnia
2137 4489 2216 4556 diei·

214 4583 285 4660 quer
304 4577 388 4661 illas,
411 4578 472 4644 hoc
494 4585 555 4657 est,
577 4574 768 4643 etiamdum
792 4577 1078 4661 habetpecnniam
1100 4578 1188 4646 clau·
1240 4587 1313 4661 tur,
1345 4580 1385 4646 ob
1416 4580 1508 4646 initio
1535 4590 1666 4674 liutein.
1718 4577 1755 4645 Si
1787 4578 1905 4644 solium
1939 4576 2019 4659 Dei,
2055 4576 2116 4641 hoo
2155 4585 2215 4656 est,

214 4682 286 4728 sam
306 4663 342 4727 in
356 4683 442 4743 area,
465 4662 541 4728 dum
559 4662 658 4729 habet
672 4661 791 4729 horrea
806 4683 865 4728 sua
880 4664 1009 4742 referta,
1031 4674 1065 4730 et
1080 4664 1187 4743 cellas,
1240 4666 1462 4733 sanctuarinm
1485 4664 1565 4730 illud
1590 4665 1651 4730 init
1674 4663 1715 4730 ab
1731 4663 1834 4742 initio,
1857 4663 2005 4744 sequitur
2021 4681 2099 4745 ergo
2115 4662 2214 4727 luisse

214 4758 326 4814 tamen
350 4767 428 4832 opes
453 4747 528 4814 illes
558 4748 724 4813 diffluunt.
769 4748 929 4816 Videmus
959 4750 1014 4815 ubi
1044 4753 1188 4817 maxima
1239 4761 1384 4818 creatum
1408 4761 1485 4817 ente
1507 4750 1631 4816 coelum
1654 4757 1688 4814 et
1710 4759 1842 4815 terram.
1887 4747 1955 4814 Sed
1984 4748 2066 4813 illud
2094 4745 2214 4812 reselli-

214 4843 265 4900 est
286 4853 395 4898 rernm
420 4835 567 4900 omnium
589 4835 698 4916 copia,
728 4843 766 4898 ut
799 4844 909 4900 tamen
937 4833 1089 4900 dominns
1119 4837 1188 4919 ipae
1240 4847 1294 4902 tur
1316 4859 1382 4903 nno
1404 4836 1519 4912 verbo,
1553 4855 1619 4902 nou
1649 4835 1703 4920 agi
1732 4834 1785 4900 bie
1814 4833 1855 4900 de
1888 4840 2049 4918 tempore,
2083 4833 2139 4898 sed
2174 4831 2214 4897 de

214 4919 257 4986 sit
278 4918 464 4986 famelicus:
486 4941 551 4986 non
573 4927 682 5003 potest
703 4917 745 4984 ad
767 4920 951 4986 satietatem
975 4941 1060 5005 pane
1083 4922 1187 4988 vesci:
1239 4923 1369 4989 ordine:
1401 4921 1549 4988 ordinem
1583 4942 1662 4987 vero
1695 4922 1804 5004 ipsum
1838 4941 1905 4986 non
1937 4941 2009 4985 esse
2037 4919 2073 4982 in
2103 4938 2213 4983 rernm

214 5014 378 5072 ettamen
401 5005 621 5088 possetalera
643 5013 775 5070 eentum
804 5005 962 5073 homines.
1008 5004 1065 5074 Sic
1087 5007 1188 5091 igitur
1239 5007 1432 5084 substantia,
1455 5007 1512 5074 sed
1534 5009 1567 5073 in
1592 5005 1795 5090 providentia
1817 5006 1891 5071 Dei.
1928 5004 1979 5070 Ab
2000 5004 2091 5069 initio
2113 5003 2214 5087 igitur

214 5090 368 5157 dilflnnnt
386 5100 420 5158 et
437 5100 638 5158 evanescunt
656 5089 789 5156 divitias
808 5092 894 5156 inter
911 5091 1045 5158 illorum
1059 5113 1185 5160 manus.
1236 5094 1301 5178 fait
1328 5094 1440 5160 solium
1468 5093 1532 5160 Dei
1557 5092 1727 5177 pluriosum
1753 5093 1789 5158 in
1818 5091 1957 5172 Iudaeo,
1991 5109 2109 5173 nempe
2138 5091 2214 5172 quia

213 5177 333 5242 Postea
355 5177 519 5261 adiungit,
548 5176 592 5244 In
611 5179 674 5258 {inc
693 5197 751 5244 suo
771 5176 854 5242 nibil
874 5179 951 5258 erit,
980 5179 1030 5243 val
1053 5177 1117 5244 erit
1138 5179 1186 5244 lu·
1238 5180 1332 5246 Deus
1368 5189 1499 5244 aeterno
1538 5178 1674 5246 consilio
1713 5178 1866 5244 statuerit
1905 5175 2026 5259 eligere
2059 5175 2213 5242 Abrabae

213 5261 327 5342 dibrio,
358 5262 411 5330 vel
432 5262 497 5328 erit
525 5262 695 5348 insipidus.
740 5261 886 5328 Mundus
915 5263 1047 5346 quidem
1077 5264 1187 5330 existi·
1238 5284 1362 5350 genus:
1387 5264 1502 5330 deinde
1525 5265 1652 5348 erigere
1674 5264 1828 5347 ingente
1851 5261 2046 5327 illaanlium
2065 5259 2213 5340 Desidis,

213 5356 282 5412 mat
303 5348 377 5414 illos
399 5348 484 5413 solos
507 5367 629 5431 aspere,
652 5349 707 5431 qui
732 5348 858 5432 providi
876 5362 963 5429 sunt,
985 5357 1019 5416 et
1036 5350 1092 5432 qui
1110 5360 1187 5416 suut
1239 5359 1272 5416 et
1294 5350 1370 5416 inde
1392 5352 1536 5418 excitare
1558 5351 1696 5417 salutem
1720 5349 1780 5414 toti
1806 5347 1939 5414 mundo.
1984 5347 2127 5414 Proinde
2156 5345 2215 5411 illa

320 5449 431 5506 calcini
447 5463 541 5520 opera.
571 5450 630 5506 Vol.
643 5451 824 5507 XXXVIII.
1977 5450 2011 5504 18
