5134 6124
349 421 410 487 331
1161 418 1548 488 PRAELuumoNus
1628 437 1631 442 ·
2289 421 2354 488 332

346 609 426 676 urbe
448 609 519 693 ipsa
541 611 740 692 pronuntiat.
781 608 870 674 Siout
891 629 967 694 ergo
993 609 1131 694 Tbopbet
1150 611 1211 675 erit
1230 609 1324 676 vallia
1375 609 1455 674 bant
1477 608 1547 674 suis
1569 611 1773 692 oommentjs,
1807 629 1906 694 quam
1930 615 2039 677 oertue
2062 610 2217 676 veritati?
2263 610 2352 696 Ergo

345 696 583 777 intersectionis,
615 695 663 760 itu
695 699 724 760 et
756 693 940 760 Ierusalem.
994 696 1071 761 Non
1105 695 1240 761 dubium
1274 703 1324 762 est
1375 695 1492 760 merito
1514 695 1690 777 exprobrat
1712 695 1776 762 illis
1799 694 1975 780 propheta,
2005 696 2090 779 qnod
2113 695 2238 780 pudore
2259 698 2350 762 omni

346 783 426 864 quin
449 781 576 847 aunensi
598 779 720 846 luerint
742 781 776 845 in
799 781 922 846 rabiem
945 780 997 867 (ut
1018 781 1200 848 videbimus
1223 783 1322 846 etiam
1376 781 1501 847 abieoto
1529 782 1756 847 wrseceaderirst
1782 801 1878 864 super
1906 787 1998 861 uno,
2028 793 2064 846 ut
2093 783 2238 865 apertius
2268 790 2353 848 esset

346 868 495 951 proximo
523 865 641 953 eapite)
669 866 778 931 audito
808 866 869 932 hoo
900 868 1059 934 vatioinio.
1112 865 1180 934 Sed
1212 880 1323 932 tamen
1375 867 1522 949 ipsorum
1556 868 1726 950 flagitium.
1779 867 1886 946 Dioit,
1924 868 1994 934 Tati
2026 869 2160 934 militine
2190 867 2351 944 melorum.

345 952 451 1020 voluit
466 952 567 1031 Deus,
590 953 745 1036 quoniam
762 971 895 1034 prorsus
910 963 1005 1018 erant
1020 953 1192 1036 desperati,
1212 973 1324 1036 quam·
1375 952 1503 1030 Postea,
1526 951 1636 1018 Etiam
1656 954 1779 1036 fudisse
1799 952 1934 1020 libamen
1955 954 2020 1019 diis
2034 955 2158 1020 alienia
2192 953 2352 1022 Videmus

346 1038 425 1105 libet
446 1039 627 1104 retraetarii
651 1048 769 1114 essent,
798 1039 919 1104 sentire
941 1039 1029 1120 ipsos
1051 1039 1137 1123 quod
1160 1037 1321 1104 instabat:
1376 1037 1496 1104 multus
1518 1039 1759 1122 superstitionis
1782 1042 1907 1122 speeies
1930 1060 2083 1125 regnasse
2099 1040 2134 1104 in
2149 1040 2268 1123 populo
2284 1040 2350 1108 illo.

346 1131 380 1188 et
402 1125 553 1208 quamvis
575 1143 640 1188 non
663 1122 986 1190 erediderintverbis
1002 1126 1189 1208 prophetae,
1213 1133 1323 1190 tamen
1375 1123 1461 1189 Num
1491 1123 1646 1206 loquutus
1676 1137 1725 1190 est
1755 1125 1794 1190 de
1824 1125 1908 1191 Baal
1938 1125 1971 1190 in
2004 1146 2141 1192 numero
2171 1126 2349 1210 singulari:

345 1210 486 1294 pupugit
508 1209 611 1286 Deus,
634 1209 700 1274 imo
723 1210 910 1276 vulneravit
925 1209 1091 1278 lethaliter
1107 1212 1322 1278 oonsoientias
1375 1210 1482 1292 posuit
1505 1211 1602 1276 etiam
1627 1211 1754 1277 Baalim
1777 1231 1836 1293 pro
1858 1211 2013 1295 patronis.
2051 1211 2123 1276 Iam
2146 1212 2239 1278 addit
2259 1217 2353 1278 wiern

346 1316 474 1374 eorum,
505 1304 542 1360 ιιι
571 1304 647 1360 ante
677 1295 781 1377 ipsam
811 1297 1047 1380 experientiam
1070 1306 1179 1363 essent
1202 1297 1321 1362 miseri.
1374 1295 1523 1361 melorum
1544 1296 1702 1374 militium,
1725 1297 1787 1363 hoo
1809 1307 1868 1378 est,
1891 1297 2004 1379 solem,
2026 1307 2058 1363 et
2081 1297 2202 1374 lunam,
2229 1308 2262 1362 et
2283 1319 2352 1364 om·

346 1381 473 1448 Eodem
495 1401 594 1447 seusu
615 1380 715 1446 etiam
737 1380 844 1447 addit:
1375 1403 1433 1445 nes
1454 1380 1576 1446 stellas.
1622 1383 1782 1448 Videmus
1804 1404 1881 1468 ergo
1903 1392 1941 1449 ut
1967 1383 2093 1450 nullum
2124 1384 2261 1450 ieoerint
2283 1405 2351 1449 mo·

1376 1467 1455 1532 dum
1479 1466 1593 1532 Iudaei
1625 1469 1693 1533 suis
1726 1469 1921 1553 saerilegiis:
1955 1469 2041 1553 quod
2075 1469 2220 1536 aenidere
2252 1471 2351 1535 etiam

435 1549 485 1618 13.
507 1551 551 1616 Et
568 1557 659 1617 dunt
676 1553 789 1616 demea
807 1551 1018 1637 Hierrrsuiem,
1041 1558 1071 1620 et
1087 1554 1198 1621 ᾶαιιιιιι
1214 1575 1322 1639 repam
1375 1552 1458 1619 solet
1480 1555 1632 1620 omuibus
1653 1553 1771 1638 impiis.
1817 1555 1898 1619 Nam
1928 1555 2151 1639 simulatque
2181 1555 2352 1622 deflentere

346 1637 507 1718 Iebudub,
536 1638 617 1703 sieut
637 1638 722 1704 loeas
747 1637 906 1719 Tbopbetb
925 1639 1120 1706 immundae:
1152 1641 1195 1706 od
1217 1659 1322 1708 omnes
1374 1645 1552 1723 eoeperunt
1582 1640 1731 1706 homines
1761 1662 1781 1705 a
1808 1661 1891 1723 puro
1921 1650 1954 1706 et
1982 1641 2127 1726 genuino
2157 1643 2221 1708 Dei
2250 1641 2352 1722 uultu,

344 1725 450 1791 densos
470 1725 505 1790 in
527 1723 640 1807 quibus
660 1721 804 1804 suffitum
826 1724 965 1806 feserunt
992 1745 1088 1808 super
1113 1731 1190 1792 tenta
1215 1746 1322 1792 emam
1374 1724 1512 1791 demersi
1536 1727 1671 1790 suntin
1694 1725 2135 1812 profundissimasabyssos.
2173 1728 2270 1792 Hane
2290 1729 2351 1812 igi·

343 1811 509 1877 univerae
529 1809 664 1876 militiae
686 1809 854 1890 coelorum,
886 1814 914 1874 et
935 1810 1075 1878 libarunt
1102 1813 1235 1879 libamen
1256 1813 1322 1879 diis
1374 1821 1427 1875 tur
1449 1813 1675 1894 intemperiem
1695 1834 1784 1879 nuno
1800 1813 1951 1898 designat
1965 1815 2136 1897 propheta,
2159 1833 2257 1896 quum
2274 1810 2351 1878 dieit

345 1896 469 1964 alienia
787 1905 790 1910 '
1373 1897 1556 1962 cumulatos
1577 1897 1632 1962 vel
1654 1905 1862 1965 coacervatos
1884 1900 1983 1964 luisse
2012 1902 2120 1964 varios
2150 1898 2276 1979 uultus,
2305 1901 2350 1962 ita

1373 1992 1409 2047 ut
1432 1982 1566 2048 totidem
1589 1984 1651 2049 sibi
1681 1984 1882 2050 fabrioarent
1904 1985 2019 2050 ludaei
2047 1985 2138 2063 deos,
2169 1993 2248 2068 quot
2274 1997 2352 2050 sunt

430 2067 655 2149 Prosequitur,
679 2075 716 2132 ut
739 2067 815 2147 dixi,
838 2065 986 2150 pluribus
1007 2069 1117 2136 verbis
1140 2068 1224 2152 qnod
1248 2067 1320 2134 bre·
1368 2069 1406 2143 in
1429 2069 1518 2134 ooelo
1540 2068 1668 2134 stellae:
1703 2071 1798 2136 siouti
1826 2071 1924 2136 etium
1954 2070 2031 2136 alibi
2054 2071 2190 2149 dieitur,
2226 2069 2351 2136 Seoun·

345 2155 432 2218 viter
455 2153 644 2237 eomplexus
665 2153 783 2220 iuerat.
828 2152 1002 2236 Loquutus
1032 2155 1119 2219 enim
1146 2157 1253 2220 fuerat
1280 2154 1320 2220 de
1373 2153 1451 2220 dum
1479 2176 1651 2221 numerum
1684 2155 1814 2220 urbium
1842 2167 1974 2222 tuarum
1997 2156 2168 2234 lehudah,
2198 2166 2277 2221 suut
2306 2155 2352 2220 dii

345 2239 433 2306 urbe.
478 2237 545 2304 Sed
575 2239 650 2322 quia
680 2239 812 2308 dilfioile
839 2249 909 2302 erat
938 2238 1018 2304 illud
1045 2261 1220 2323 persuasu,
1253 2243 1319 2306 iam
1373 2240 1431 2307 tui.
1476 2242 1548 2326 Ego
1571 2247 1750 2306 statueram
1773 2241 1943 2308 absolvere
1964 2241 2026 2309 hoo
2049 2253 2164 2326 eaput,
2194 2241 2251 2308 sed
2284 2263 2350 2307 non

343 2324 467 2408 speeies
489 2326 577 2407 ipsas
600 2331 787 2392 enumerat:
818 2325 910 2408 quasi
932 2325 1061 2402 dioeret,
1083 2326 1320 2410 Ierosolymam
1372 2347 1511 2412 possem.

340 2430 417 2478 ‘esse
438 2410 554 2476 urbem
577 2410 676 2476 latam
700 2424 733 2477 et
754 2411 924 2494 splendide
958 2423 1167 2478 exstructam.
1214 2413 1321 2477 Erant

344 2497 433 2564 enim
464 2496 587 2562 multae
619 2496 687 2562 illio
722 2498 908 2581 praeclarae
943 2496 1059 2564 domus
1089 2505 1122 2562 et
1150 2500 1321 2583 speciosae,
1460 2498 1511 2564 14.
1533 2498 1578 2564 Et
1597 2499 1679 2564 venit
1698 2498 1867 2648 §reversus
1889 2499 1952 2585 est)
1971 2499 2125 2566 Ieremias
2143 2522 2160 2565 e
2181 2497 2350 2583 Tbopbetb,

344 2589 440 2650 erant
472 2582 564 2667 regia
594 2582 726 2667 palatia.
777 2584 867 2650 Dieit
899 2593 1007 2649 autem
1041 2605 1106 2649 non
1140 2584 1209 2648 iore
1241 2584 1321 2650 heeo
1373 2604 1434 2666 quo
1456 2587 1586 2650 ιιιιιιναι
1606 2605 1675 2651 eum
1719 2585 1836 2652 eborei:
1856 2585 1900 2651 ad
1915 2585 2184 2668 prophetandum:
2216 2591 2244 2652 et
2271 2586 2351 2650 stetit

344 2668 455 2734 omniu
476 2668 660 2747 obstaoulo,
691 2672 866 2752 quominus
888 2668 980 2735 Deus
1011 2679 1112 2736 totam
1134 2667 1248 2735 urbem
1273 2669 1320 2734 di·
1374 2672 1409 2735 ia
1430 2672 1513 2736 atrio
1534 2673 1644 2736 domur
1667 2670 1815 2736 Iebooae:
1847 2672 1978 2737 ddioit
1999 2671 2042 2737 od
2065 2677 2163 2737 totam
2186 2671 2349 2756 populeum,

344 2763 429 2820 ruat.
473 2754 520 2819 Et
553 2753 615 2822 hoo
648 2762 780 2828 notatu,
797 2756 930 2838 dignum
963 2763 1022 2821 est.
1068 2754 1199 2822 Suimus
1232 2758 1320 2820 enim
1461 2755 1512 2820 15.
1544 2755 1597 2822 Sio
1625 2757 1701 2822 dicit
1723 2757 1861 2824 Ielrovab
1888 2759 2093 2838 wadnam,
2123 2757 2213 2824 Deae
2235 2756 2350 2840 Israel,

344 2839 505 2906 Satanam
528 2839 751 2924 perstringere
773 2841 867 2908 nobis
889 2841 1000 2908 oouios
1028 2843 1155 2924 quoties
1178 2863 1250 2908 sese
1271 2843 1321 2906 in·
1374 2841 1453 2908 Erue
1474 2862 1527 2926 epo
1548 2843 1667 2908 adduco
1688 2863 1784 2925 super
1811 2843 1918 2909 urbem
1946 2843 2041 2925 boae,
2071 2849 2099 2908 et
2124 2864 2221 2928 asper
2248 2862 2351 2910 manee

344 2933 467 3012 gerunt
489 2925 600 3010 aliqua
622 2946 707 3009 quae
729 2948 820 3012 spem
843 2927 964 2992 laniant
985 2927 1189 2993 munitionis.
1233 2927 1321 2994 Nam
1373 2927 1466 2993 urbes
1497 2927 1566 2993 edes
1593 2948 1684 2994 omae
1711 2929 1832 2994 molem
1863 2930 1945 3012 quod
1976 2930 2121 3012 iuquam
2153 2949 2223 2996 aum
2255 2948 2351 3012 super

343 3010 502 3095 quidquid
524 3013 666 3078 minetur
688 3013 795 3090 Deus,
830 3021 982 3095 putamus
1012 3033 1082 3080 esse
1112 3033 1253 3092 vanum,
1287 3022 1321 3078 et
1372 3033 1451 3096 eam,
1473 3013 1552 3095 quin
1573 3014 1806 3080 obduraverunt
1825 3016 1971 3084 oervieem
1992 3036 2094 3093 saum,
2115 3020 2150 3082 ιιι
2172 3036 2235 3084 nors
2256 3015 2349 3080 oudi-

343 3099 438 3180 quasi
461 3097 653 3175 fabulosum,
676 3099 727 3162 vel
749 3098 865 3166 saltem
888 3099 986 3182 friget
1008 3100 1094 3181 apud
1118 3121 1186 3168 nos.
1232 3100 1320 3183 Ergo
1372 3105 1617 3166 recreatores
1637 3120 1728 3166 meos.

344 3188 537 3266 quamtum
571 3201 682 3248 crassa
710 3182 892 3268 hypoorisis
921 3192 1077 3268 regnaret
1105 3185 1141 3250 in
1170 3185 1341 3252 sordibus·

345 3265 457 3418 11111ἰ
464 3268 874 3420 :02⁰⁰ttt⁰tt³tlt⁰
884 3270 1062 3436 bilibit
1078 3270 1322 3424 quibibit}
1372 3270 2008 3443 ,a0mAdlll’e‘ilriuiibllffiild
2033 3281 2351 3441 tttrrttffltttt:

346 3437 573 3522 lerosolymae,
613 3459 751 3523 quarum
785 3460 906 3525 magna
947 3449 1019 3506 erat
1057 3440 1166 3524 eopia,
1206 3441 1323 3507 deinde
1374 3443 1623 3526 superstitiones
1645 3443 1835 3528 thopheth,
1858 3408 1922 3510 'aut
1953 3443 2049 3512 vallis
2071 3443 2219 3509 Hinuon.
2264 3441 2349 3508 Nam

345 3544 487 3608 magnus
509 3523 607 3588 etiam
625 3524 789 3608 splendor,
811 3526 881 3590 iore
903 3524 1014 3592 domos
1030 3547 1144 3610 regum
1160 3526 1322 3608 Iehudah,
1373 3548 1438 3611 quo
1460 3530 1621 3596 effioaoior
1643 3537 1730 3594 esset
1752 3529 1908 3609 doetrinu,
1932 3531 2038 3597 voluit
2060 3550 2136 3596 eum
2157 3528 2251 3595 Deus
2272 3548 2350 3595 oon·

344 3609 408 3680 hoo
429 3619 487 3687 est,
510 3609 633 3693 palatiu
653 3611 763 3676 omnia
785 3610 839 3676 vel
857 3612 891 3675 in
908 3610 997 3691 urbe,
1020 3612 1071 3678 vel
1087 3622 1181 3678 extra
1196 3612 1341 3694 urbem,
1373 3614 1496 3680 oionari
1519 3634 1629 3681 eoram
1652 3615 1750 3680 altari
1772 3616 1853 3698 ipso,
1877 3626 1911 3681 et
1924 3617 1960 3682 in
1976 3617 2062 3684 valle
2078 3613 2145 3696 illa,
2167 3635 2252 3698 quae
2270 3624 2352 3680 tuno

343 3696 412 3778 sore
440 3696 522 3762 siau
550 3695 651 3762 laeum
676 3695 854 3777 Tbopbetb:
886 3697 1039 3779 quoniam
1074 3698 1197 3765 soilieet
1230 3699 1323 3764 nulla
1374 3700 1510 3766 eelebris
1542 3709 1613 3766 orat
1646 3711 1779 3784 propter
1811 3703 1929 3784 impios
1962 3711 1995 3769 et
2027 3721 2199 3786 perversus
2232 3699 2350 3765 nultus.

346 3780 461 3846 domus
493 3781 650 3848 immunis
681 3782 744 3847 erit
777 3803 797 3848 a
827 3791 953 3866 strage:
994 3782 1121 3850 nullum
1163 3784 1322 3868 palatium
1375 3787 1470 3852 Nuno
1492 3794 1607 3850 narrat
1628 3808 1663 3851 se
1686 3787 1814 3860 venisse
1836 3787 1877 3853 ad
1900 3789 2077 3872 templum,
2111 3796 2144 3852 et
2173 3785 2285 3852 eadem
2315 3805 2351 3850 se

345 3866 467 3949 poterit
492 3888 569 3932 suos
600 3866 799 3934 habitatores
828 3876 1008 3952 protegere.
1053 3869 1144 3936 Dioit
1170 3871 1238 3953 fore
1265 3872 1323 3937 im·
1375 3871 1530 3937 mandata
1551 3873 1739 3954 pertulisse:
1772 3873 1849 3940 hino
1871 3873 2057 3958 oolligimus
2085 3882 2228 3958 quantus
2250 3871 2351 3936 fuerit

335 3950 496 4030 mundae,
531 3973 649 4038 nempe
670 3963 803 4037 propter
825 3974 976 4018 auersum
1000 3954 1214 4023 oaduverum:
1247 3958 1322 4040 quia
1374 3968 1497 4041 stupor,
1520 3966 1554 4022 et
1576 3967 1699 4041 quanta
1721 3960 1873 4025 venordin
1895 3961 2023 4044 populi:
2046 3961 2123 4043 quia
2147 3979 2212 4023 non
2234 3977 2351 4038 super·

345 4039 466 4121 ubique
498 4037 652 4105 iaoebunt
684 4039 834 4106 homines
864 4039 970 4105 oeoisi.
1015 4040 1090 4106 Hoo
1120 4053 1228 4108 autem
1264 4064 1322 4126 pro
1374 4065 1478 4110 vaouu
1511 4045 1574 4108 fuit
1606 4046 1758 4126 repetitio
1790 4044 1939 4112 eiusdem
1972 4045 2129 4112 vatioinii.
2174 4042 2241 4111 Sed
2275 4043 2352 4126 quia

344 4123 525 4208 pollutione
547 4124 599 4189 vel
622 4127 869 4210 inquinamento
892 4145 988 4208 saepe
1010 4129 1173 4209 scriptura
1194 4129 1320 4212 aeeipit,
1372 4131 1496 4196 soiebat
1517 4128 1608 4195 Deus
1631 4129 1770 4196 ludaeos
1793 4132 1866 4213 plns
1887 4133 1967 4197 satis
1989 4132 2100 4198 tardos
2127 4151 2212 4207 esse,
2246 4127 2352 4194 voluit

344 4220 382 4275 ut
403 4209 485 4274 satis
508 4220 621 4275 notum
645 4221 704 4276 est.
746 4212 801 4279 Ad
822 4231 927 4277 musea
948 4212 1070 4278 maor.-
1100 4213 1156 4278 alii
1178 4225 1321 4295 vertunt,
1374 4218 1423 4281 bis
1445 4217 1532 4299 ipsos
1554 4216 1797 4281 oommonefieri
1819 4239 1838 4282 a
1859 4239 1955 4283 servo
1977 4238 2049 4296 suo,
2083 4215 2269 4300 etquidem
2301 4213 2351 4278 di·

344 4294 484 4378 Propter
505 4314 619 4360 omnes
641 4295 769 4362 domos:
793 4283 861 4366 ιιι)
883 4317 981 4380 saepe
1001 4307 1053 4363 est
1067 4298 1205 4365 oausalis
1221 4301 1321 4381 parti·
1375 4303 1477 4366 versis
1499 4302 1590 4368 loeis.
1635 4301 1858 4370 aereaere:
1881 4303 2035 4370 Ieremias
2058 4324 2074 4368 e
2099 4299 2270 4383 Thopbetb,
2300 4303 2349 4364 in·

345 4380 428 4446 nula.
475 4377 541 4446 Sed
571 4379 703 4446 videtur
731 4383 838 4464 potius
868 4384 1049 4465 expositive
1080 4381 1134 4450 hio
1166 4386 1254 4468 supi:
1288 4395 1322 4450 et
1373 4387 1460 4469 quit,
1488 4406 1550 4469 que
1571 4388 1701 4454 ιιιίιεναι
1728 4407 1800 4454 eum
1821 4388 1911 4454 Deua
1941 4392 1984 4456 ud
2005 4387 2274 4472 prophetandum:
2307 4406 2351 4451 ne

336 4465 417 4536 ideo
440 4476 570 4530 vertere
593 4466 724 4549 plaonit,
755 4469 809 4534 Ad
831 4489 937 4534 omnes
958 4469 1073 4550 dmitos,
1101 4479 1140 4534 ut
1161 4472 1322 4554 propheta
1374 4482 1527 4554 putemus
1548 4474 1672 4539 soilioet
1694 4473 1838 4540 habitam
1861 4476 1960 4542 fuisse
1982 4477 2106 4558 absque
2131 4473 2251 4540 iudieio
2273 4492 2351 4537 oon-

345 4550 504 4618 extendat
526 4572 621 4617 suum
646 4573 830 4619 sermonem
852 4555 893 4619 ad
915 4575 1029 4620 omnes
1052 4555 1166 4621 domos
1191 4557 1225 4621 ia
1253 4557 1321 4639 qei-
1373 4559 1498 4624 aionem
1519 4559 1610 4623 illum
1633 4561 1668 4623 in
1691 4559 1776 4626 valle
1798 4560 1945 4628 Hinnon.
1980 4562 2072 4628 Deus
2087 4581 2165 4644 ergo
2181 4558 2351 4624 mandavit

344 4638 403 4704 bees
424 4637 567 4720 wffittrm
587 4638 731 4720 fuerunt.
776 4637 938 4719 Quoniam
962 4641 1064 4725 igitur
1085 4640 1175 4706 nulla
1205 4640 1320 4707 domus
1372 4643 1541 4725 Ieremiae,
1572 4655 1610 4708 ut
1631 4645 1698 4709 illio
1721 4649 1813 4726 quasi
1836 4647 1870 4712 in
1895 4669 1929 4712 re
1951 4648 2116 4730 praesenti
2139 4645 2351 4711 denuntiaret

344 4745 430 4807 pura
462 4736 532 4788 erat
564 4746 583 4789 a
616 4723 801 4807 sacrilegio,
834 4724 908 4789 ideo
941 4727 1019 4794 dioit
1052 4725 1231 4792 vindietam
1255 4727 1320 4793 Dei
1373 4729 1504 4796 ludaeis
1525 4749 1621 4795 suum
1643 4731 1822 4798 interitum.
1859 4731 1949 4798 Stetit
1969 4733 2004 4797 ia
2025 4733 2108 4798 atrio
2128 4733 2240 4798 ᾱοηιιιι
2261 4728 2350 4796 Iebu
2390 4735 2399 4754 ’

345 4819 592 4893 penetraturum
614 4829 685 4873 esse
705 4810 827 4893 absque
848 4812 1039 4894 exeeptione
1061 4814 1095 4878 in
1121 4833 1236 4878 omnes
1265 4813 1319 4878 do·
1372 4837 1436 4881 eae.
1492 4815 1577 4880 Num
1611 4815 1689 4897 quia
1722 4838 1787 4882 non
1828 4817 1944 4882 lioebat
1984 4817 2104 4902 populo
2143 4814 2274 4902 ingredi
2312 4817 2349 4880 in

337 4915 426 4961 mos.
472 4894 563 4961 Dieit
585 4896 700 4974 etiam,
734 4894 839 4978 Super
860 4901 949 4973 teoto,
984 4905 1020 4962 ut
1049 4896 1114 4964 illis
1144 4899 1321 4981 exprobret
1372 4902 1540 4985 templum,
1564 4901 1713 4966 solebant
1735 4902 1846 4968 haberi
1875 4903 1960 4970 saori
1989 4911 2170 4969 nonventus
2201 4903 2235 4967 in
2265 4904 2350 4967 atrio

345 5000 439 5048 suam
462 4981 707 5063 impudentiam,
729 4981 817 5063 quod
834 4981 958 5048 scilieet
973 4983 1210 5066 turpitudinem
1226 5005 1320 5050 suam
1372 4989 1462 5070 ipso,
1492 4986 1576 5068 quod
1600 4999 1670 5051 erat
1692 5007 1769 5070 pars
1792 4988 1914 5074 templi.
1959 4990 2049 5074 Ergo
2075 4990 2158 5054 stetit
2178 4987 2244 5054 silio
2265 4986 2350 5053 Iere-

345 5066 527 5130 extulerint
548 5067 652 5133 instar
676 5066 807 5146 uexilli,
838 5078 875 5132 ut
904 5068 1015 5149 prooui
1038 5070 1178 5153 spectari
1201 5082 1319 5154 posset.
1371 5073 1471 5153 mins,
1505 5072 1670 5155 quianon
1694 5072 1805 5138 debuit
1826 5093 1900 5138 oum
1922 5075 2052 5158 paneis,
2081 5075 2133 5139 vel
2154 5073 2188 5138 in
2210 5072 2350 5140 obseura

345 5151 515 5219 Putabant
546 5153 676 5235 quidem
706 5152 816 5218 Deum
846 5153 1000 5220 obleotari
1039 5155 1094 5219 tuli
1122 5155 1229 5221 uultu:
1263 5157 1320 5222 sed
1371 5159 1492 5244 angulo
1524 5159 1625 5225 verba
1656 5159 1777 5238 fauere,
1811 5160 1868 5226 sed
1899 5166 2005 5227 totum
2038 5161 2194 5245 populum
2228 5160 2350 5226 habere

345 5237 434 5304 unda
457 5247 523 5302 tam
546 5240 648 5306 stulta
668 5240 845 5323 persuasio,
869 5237 931 5304 nisi
952 5259 994 5303 ex
1012 5238 1093 5322 legis
1107 5243 1319 5327 oontemptu?
1372 5254 1490 5310 testem
1523 5246 1574 5310 sui
1596 5244 1752 5313 vatioinii.
1797 5245 1988 5327 antsrum,
2022 5245 2107 5311 nihil
2140 5264 2259 5311 novum
2296 5246 2350 5312 hio

345 5325 408 5390 nisi
431 5325 527 5389 suam
550 5345 591 5390 ex
614 5323 739 5392 furiosa
760 5324 905 5403 audaoia,
928 5325 1013 5408 quod
1036 5325 1110 5406 plus
1127 5327 1204 5393 fidei
1221 5327 1319 5394 habe·
1371 5331 1501 5416 legitur,
1524 5332 1602 5414 quia
1624 5339 1662 5397 ut
1684 5332 1807 5398 dietum
1829 5332 1901 5416 fuit,
1932 5334 1981 5398 bis
2003 5333 2111 5400 iussus
2133 5331 2196 5397 fuit
2217 5332 2348 5415 praedi·
