5118 6136
371 423 434 490 587
1182 418 1569 489 Paneheoutortss
2310 419 2375 488 588

369 613 554 680 sustineant
576 608 786 694 tyrannicum
808 607 890 672 illud
914 608 1099 691 imperium.
1144 605 1270 671 Iterum
1294 629 1344 672 re·
1397 608 1536 680 Iudaeos
1559 610 1640 674 bens
1663 611 1788 690 precari
1811 608 1996 686 Chaldaeis,
2029 609 2105 694 quia
2127 607 2249 674 addicti
2279 618 2375 673 eraut

368 701 452 782 petit
487 697 572 779 quod
605 695 701 779 paulo
733 705 810 758 ante
849 693 995 770 dixerat,
1034 712 1151 774 nempe
1191 693 1346 758 traductos
1397 694 1462 758 illis
1488 694 1528 758 ad
1556 703 1683 760 certum
1713 708 1849 777 tempus,
1878 695 1933 760 ubi
1963 695 2113 760 vivemus
2139 695 2200 760 suh
2227 693 2375 776 legitimo

368 785 488 869 sarissa:
510 782 683 847 omiseram
705 780 838 845 verbnm
863 780 955 844 illud.
1002 780 1139 844 Dixerat
1163 780 1249 842 enim
1273 781 1346 842 uui·
1398 781 1508 861 aliquo
1530 781 1686 862 principe,
1717 801 1822 862 neque
1853 780 1886 844 id
1916 779 1957 845 ad
1986 801 2107 862 paucos
2135 789 2264 844 tautum
2294 778 2374 857 dias,

370 890 485 936 versae
506 867 699 950 captivitati,
722 887 817 947 quam
841 865 903 931 leci
926 867 1067 946 migrare
1090 886 1108 928 e
1126 863 1344 941 Hierusalem,
1399 866 1490 930 nulla
1511 866 1574 930 erit
1596 866 1762 931 excusatio
1786 866 1848 930 uisi
1870 885 1978 930 coram
1995 865 2067 930 Deo
2083 875 2243 931 testemur
2258 865 2375 931 volun-

370 956 424 1020 vel
459 953 631 1032 transtuli,
665 951 714 1016 vel
753 953 915 1032 captivam
949 951 1081 1016 abduxi.
1138 949 1234 1013 Nune
1267 971 1345 1032 ergo
1398 951 1517 1015 tarium
1542 963 1691 1016 nostrum
1715 951 1869 1016 studium.
1914 950 1982 1031 Qut
2004 961 2113 1016 autem
2135 952 2241 1016 Deum
2264 969 2374 1032 proca·

370 1043 487 1108 iterum
522 1040 695 1103 confirmat
726 1036 861 1100 eandem
892 1037 1103 1114 sententiam,
1131 1020 1235 1110 ’abab
1259 1048 1344 1112 wit,
1399 1037 1487 1101 bitur
1514 1058 1572 1119 pro
1602 1037 1687 1102 felici
1719 1046 1807 1102 statu
1837 1037 1909 1102 eius
1942 1037 2092 1119 regionis,
2121 1039 2155 1100 in
2185 1056 2252 1117 qua
2282 1037 2374 1114 vivit,

370 1125 456 1209 quod
478 1125 602 1189 scilicet
624 1145 692 1188 non
715 1120 853 1188 debeant
870 1123 1032 1187 duntaxat
1055 1124 1215 1201 respicere
1238 1123 1344 1186 avari·
1398 1135 1485 1187 certe
1509 1143 1573 1186 non
1598 1123 1743 1206 negliget
1764 1123 1890 1204 reliqua
1914 1122 2030 1188 cilicia.
2075 1122 2149 1187 Hoc
2172 1123 2260 1186 enim
2283 1143 2373 1203 prae-

372 1215 451 1276 tism
467 1210 519 1275 vel
536 1210 756 1286 ambitionem,
773 1209 825 1273 vel
843 1210 1029 1289 superbiam
1051 1207 1137 1290 regis
1154 1206 1347 1271 Nabuchad·
1398 1210 1531 1288 cipuum
1551 1218 1610 1286 est,
1632 1218 1672 1272 ut
1689 1218 1846 1273 testamur
1864 1228 1973 1274 coram
1989 1208 2062 1272 Deo
2078 1207 2183 1290 qualis
2201 1209 2244 1272 sit
2262 1219 2375 1271 noster

371 1318 477 1366 nonar.
501 1295 557 1360 sed
581 1295 728 1358 attollere
753 1295 788 1359 in
817 1294 944 1358 coelum
966 1293 1085 1370 oculos,
1115 1307 1147 1356 et
1170 1313 1346 1375 agnoscere
1398 1294 1549 1359 affectus:
1599 1292 1717 1359 deinde
1768 1293 1923 1360 accedant
1967 1293 2048 1369 alia,
2097 1292 2373 1376 quemadmodum

371 1380 651 1448 Nabuchadnezer
674 1381 771 1444 luisse
795 1378 859 1443 Dei
883 1378 1058 1462 flagellum.
1089 1391 1122 1442 et
1148 1379 1262 1442 exsilio
1291 1378 1346 1443 illo
1399 1379 1622 1463 promptitudo
1650 1378 1691 1443 ad
1723 1378 1879 1462 obsequia
1912 1379 2116 1461 praestanda,
2150 1388 2183 1444 et
2216 1378 2374 1462 quidquid

372 1470 530 1550 castigata
552 1467 649 1530 luisse
672 1486 783 1530 eorum
808 1481 948 1546 peecata.
986 1467 1074 1528 Deus
1096 1485 1174 1545 ergo
1197 1488 1231 1528 se
1254 1475 1345 1528 auto·
1399 1466 1464 1529 talc
1487 1474 1545 1531 cst.
1591 1464 1689 1529 Nunc
1711 1466 1866 1547 sequitur,

372 1575 443 1620 rem
467 1551 575 1618 exsilii
598 1573 668 1616 esse
692 1563 840 1628 testatur,
869 1574 910 1614 ne
934 1565 1049 1633 putent
1070 1549 1183 1613 Iudaei
1207 1550 1266 1614 sibi
1291 1571 1345 1614 ue·

372 1640 497 1725 gotium
520 1659 591 1703 asse
612 1658 686 1702 cum
705 1636 835 1701 mortali
861 1637 999 1712 homine,
1023 1635 1078 1700 sed
1098 1638 1206 1717 potius
1224 1635 1345 1699 intelli·
1485 1636 1514 1700 8.
1545 1635 1697 1715 Quoniam
1718 1637 1764 1701 sic
1791 1635 1868 1700 dicit
1889 1634 2027 1702 choaad
2055 1635 2255 1714 wadnam,
2284 1634 2376 1700 Dan

373 1737 453 1810 gant
481 1744 517 1787 se
546 1723 716 1789 calcitrare
745 1721 903 1786 adversus
934 1722 1112 1800 stimulum,
1146 1722 1172 1784 si
1207 1722 1345 1785 nimium
1399 1721 1514 1803 Israel,
1538 1721 1588 1786 Nc
1609 1721 1764 1802 decipiant
1785 1741 1839 1784 vos
1857 1721 2023 1802 propbetas
2045 1722 2147 1797 enci,
2170 1720 2225 1800 qut'
2245 1725 2319 1785 aaut
2339 1722 2376 1784 irs

369 1811 586 1894 indignentur
608 1821 641 1872 et
662 1809 812 1886 fremant,
835 1808 920 1889 quod
944 1810 989 1871 ita
1011 1807 1132 1888 degant
1149 1809 1210 1871 sub
1230 1815 1345 1890 tyran·
1398 1808 1500 1871 medio
1520 1807 1625 1884 casiri,
1647 1812 1675 1870 et
1695 1807 1798 1872 diuini
1819 1807 1928 1872 uestri:
1948 1812 1977 1872 el
1994 1827 2032 1871 ac
2049 1807 2216 1872 otomatis
2232 1807 2275 1872 ad
2293 1826 2375 1872 sma-

371 1896 448 1960 nide
478 1895 578 1959 alieni
608 1895 704 1977 regis.
755 1894 844 1977 Ergo
875 1914 916 1958 ne
950 1895 1122 1957 turbentur
1156 1893 1248 1976 vagis
1281 1892 1346 1956 illis
1398 1893 1455 1957 rtin
1475 1899 1587 1970 uestra,
1611 1913 1690 1974 qaae
1710 1913 1764 1958 cos
1785 1892 1958 1958 somniatis.

370 1981 631 2064 cogitationibus,
665 1981 756 2044 Deus
786 2001 821 2043 se
851 1981 966 2043 statuit
995 1980 1029 2041 in
1059 1977 1174 2053 medio,
1205 1989 1238 2042 et
1267 1978 1346 2042 dicit

371 2067 521 2131 exsilium
546 2066 631 2131 iusto
654 2086 712 2130 suo
736 2065 854 2129 iudicio
882 2065 963 2145 ipsis
984 2085 1054 2128 esse
1076 2065 1278 2145 impositum,
1310 2075 1346 2127 ut
1484 2062 1648 2143 Quoniam
1678 2064 1824 2145 occupati
1852 2072 1946 2128 erant
1981 2063 2048 2128 lere
2080 2062 2227 2126 omnium
2260 2063 2375 2138 animi,

371 2163 552 2236 agnoscant
574 2171 610 2216 se
631 2150 713 2214 nihil
736 2153 936 2233 profecturos
958 2171 1018 2215 sua
1043 2151 1254 2224 contumacia,
1285 2171 1346 2214 neo
1398 2149 1493 2212 sicuti
1517 2149 1670 2226 vidimus,
1694 2170 1779 2213 vana
1801 2149 1858 2213 ills
1879 2161 1913 2214 et
1936 2169 2090 2229 perversa
2116 2146 2245 2228 fiducie,
2274 2168 2376 2228 quam

373 2239 538 2320 agitentur
572 2236 672 2300 anxia
705 2237 946 2318 inquietudine,
981 2257 1085 2317 neque
1118 2235 1262 2299 audeant
1288 2256 1344 2317 ag·
1398 2234 1596 2298 imbiberant
1618 2255 1660 2298 ex
1682 2234 1772 2299 falsis
1795 2235 1971 2313 vaticiniis,
1990 2232 2076 2316 quod
2095 2233 2219 2298 seilicet
2237 2233 2377 2298 redituri

373 2322 467 2406 gredi
506 2322 684 2404 quidquam
725 2343 864 2396 novum,
906 2322 982 2403 quia
1018 2322 1140 2386 scilieet
1178 2321 1238 2386 hoa
1275 2330 1345 2385 erat
1398 2332 1507 2385 assant
1530 2332 1604 2401 post
1626 2320 1805 2384 secundum
1827 2339 1960 2394 aunum,
1983 2319 2125 2384 occurrit
2147 2318 2317 2399 propheta,
2340 2325 2376 2383 ct

372 2429 558 2491 repugnare
580 2407 662 2490 Deo,
685 2417 717 2472 et
739 2408 834 2490 quasi
856 2407 977 2473 bellum
1000 2429 1113 2490 gerere
1142 2427 1215 2471 eum
1244 2406 1343 2471 coelo.
1398 2404 1550 2470 admonet
1573 2416 1609 2468 ut
1630 2406 1693 2470 sibi
1716 2427 1735 2469 a
1759 2405 1879 2472 talibus
1901 2404 2091 2487 imposturis
2119 2413 2267 2469 caveant.
2312 2408 2375 2468 At·

372 2493 437 2558 Hic
460 2494 584 2557 finiam.
1398 2511 1460 2572 quc
1483 2492 1529 2554 ita
1553 2491 1701 2556 videmus
1723 2512 1788 2555 non
1811 2493 1968 2566 sufficere,
1998 2490 2121 2572 siquis
2150 2489 2265 2556 doceat
2293 2490 2376 2554 sim·

1399 2575 1525 2659 pliciter
1540 2577 1624 2658 quod
1641 2588 1766 2642 rectum
1784 2589 1843 2650 est,
1866 2575 1931 2640 nisi
1945 2577 2045 2640 etiam
2061 2580 2192 2641 revocet
2207 2575 2248 2639 ab
2263 2595 2377 2640 errore

459 2665 631 2729 Postrema
649 2663 787 2729 lectione
803 2684 870 2728 non
886 2663 1084 2729 absolvimus
1099 2682 1230 2726 versum
1245 2662 1345 2744 septi·
1375 2715 1377 2720 .
1398 2662 1456 2743 qui
1474 2663 1537 2726 ism
1554 2673 1633 2727 sunt
1648 2661 1783 2742 decepti,
1805 2662 1856 2725 rel
1872 2662 1928 2743 qui
1944 2660 2181 2742 periclitantur.
2216 2665 2377 2725 Asserere

372 2771 472 2825 mum,
496 2750 551 2815 ubi
567 2750 695 2815 dicebat
710 2749 868 2831 propheta
883 2748 1032 2824 Iudaeos,
1051 2748 1240 2830 quantisper
1255 2746 1346 2812 Deus
1399 2747 1487 2811 enirn
1507 2753 1557 2812 est
1576 2757 1703 2812 tantum
1727 2747 1860 2811 dimidia
1883 2768 1959 2828 pars
1977 2745 2154 2825 doctrinae,
2176 2749 2252 2828 quia
2268 2745 2378 2812 Satan

372 2837 462 2901 volet
484 2837 570 2918 ipsos
593 2857 663 2900 esse
694 2837 832 2914 exsules,
861 2835 907 2900 sia
935 2856 1006 2899 esse
1029 2834 1191 2917 Babyloni
1221 2835 1346 2916 affixos,
1398 2852 1527 2913 semper
1549 2834 1672 2898 excitat
1693 2853 1772 2898 suos
1793 2833 1961 2897 ministros
1982 2834 2037 2914 qui
2061 2852 2174 2914 puram
2193 2831 2378 2897 doctrinam

371 2930 409 2986 ut
431 2921 693 2986 debeautomnia
711 2920 832 2986 habere
850 2921 1032 2999 coniuncta,
1055 2919 1346 3001 quoniamscilicet
1400 2917 1576 2983 mendaciis
1608 2928 1830 3000 corrumpant.
1882 2918 1958 2982 Non
1987 2918 2068 2982 satis
2099 2917 2203 2999 igitur
2230 2917 2311 2999 erit,
2347 2918 2378 2982 si

372 3009 440 3072 sint
461 3029 501 3070 ex
526 3007 638 3070 eodem
662 3027 807 3086 corpore.
852 3006 934 3071 Nam
958 3027 1058 3088 quum
1089 3004 1167 3070 dicit
1194 3004 1260 3086 fore
1280 3004 1347 3069 tttts
1400 3006 1522 3068 veritas
1542 3004 1615 3085 ipsa
1636 3004 1672 3067 in
1695 3003 1838 3068 medium
1861 3003 2021 3083 producta
2043 3004 2151 3076 luerit,
2181 3003 2244 3066 nisi
2268 3001 2377 3068 discu-

369 3113 482 3174 pocem
503 3093 540 3156 ira
556 3112 636 3173 pace
658 3091 840 3174 Babylonis,
863 3093 1026 3174 significat
1047 3113 1113 3155 non
1137 3111 1231 3172 posse
1253 3089 1346 3172 quid·
1401 3091 1525 3153 tiantnr
1543 3110 1657 3154 omnes
1675 3088 1823 3153 fallaciae
1839 3087 1969 3167 diaboli,
1987 3086 2260 3170 quemadmodum
2279 3087 2379 3154 hodic

373 3199 469 3260 quam
494 3177 560 3240 illis
582 3199 653 3242 esse
675 3190 872 3258 separatum,
906 3177 1008 3241 donec
1030 3175 1226 3258 completum
1250 3176 1349 3240 luerit
1401 3174 1588 3255 exemplum
1618 3174 1697 3240 satis
1727 3175 1934 3239 manifestum
1966 3184 2017 3240 est
2044 3174 2079 3238 in
2109 3183 2239 3255 papatu.
2290 3174 2380 3240 Nam

373 3271 504 3344 tempus
537 3263 746 3344 septuaginta
779 3283 948 3326 annorum.
1005 3260 1101 3324 lubet
1133 3263 1234 3344 igitur
1261 3262 1348 3342 ipsos
1401 3280 1501 3342 quum
1539 3259 1605 3324 illic
1642 3260 1821 3324 inebriatae
1858 3261 1927 3324 siut
1963 3260 2110 3324 omnium
2136 3261 2213 3324 ⁴lere
2249 3269 2380 3326 mentes

372 3365 465 3412 orare
480 3365 545 3426 pro
567 3351 652 3411 stota
675 3367 824 3428 prospero
846 3346 1031 3429 Babylonis.
1075 3347 1149 3413 Hoc
1171 3348 1274 3428 primo
1297 3347 1348 3410 in·
1401 3345 1514 3411 multis
1545 3346 1655 3428 pravis
1683 3346 1866 3428 figmentis,
1900 3345 1929 3411 si
1956 3346 2031 3426 quis
2064 3353 2193 3410 tantmn
2225 3345 2381 3410 ostendat

373 3435 460 3497 tuitu
484 3433 602 3496 durum
626 3446 704 3497 erat.
748 3432 834 3497 Nam
857 3434 979 3497 scimus
1002 3453 1100 3512 quam
1123 3432 1348 3496 inhumaniter
1401 3432 1462 3496 hoc
1484 3441 1517 3495 et
1540 3431 1620 3496 illud
1644 3443 1769 3496 rectum
1792 3452 1872 3506 esse,
1896 3443 1983 3496 certe
2006 3451 2175 3512 nunquam
2199 3433 2260 3495 hoo
2281 3430 2381 3496 modo

372 3527 533 3583 tractatus
571 3517 668 3582 luerit
703 3519 804 3583 miser
840 3519 896 3583 i-lle
932 3518 1071 3600 populus
1108 3539 1127 3582 a
1164 3516 1347 3583 Chaldaeis.
1401 3516 1519 3581 crollet
1555 3537 1682 3581 errores
1719 3539 1762 3581 ex
1798 3515 1950 3581 cordibus
1987 3517 2167 3580 hominum.
2222 3516 2267 3580 Et
2303 3515 2381 3582 ideo

373 3603 480 3668 Orare
506 3603 608 3686 igitur
638 3622 697 3686 pro
726 3605 926 3671 saevissimis
959 3604 1114 3679 hostibus,
1138 3602 1240 3667 videri
1270 3613 1348 3668 tuuc
1401 3603 1526 3667 Paulus
1548 3601 1626 3686 (l'it.
1651 3603 1679 3676 1,
1702 3599 1737 3686 9)
1766 3601 1856 3667 iubet
1886 3603 2055 3684 episcopos
2078 3622 2143 3666 nou
2167 3611 2296 3666 tantum
2326 3602 2380 3666 in·

372 3691 479 3771 potuit
513 3688 692 3754 absurdum
728 3700 761 3753 et
793 3691 929 3754 minime
962 3704 1227 3755 consentaneum.
1281 3687 1348 3752 Sed
1401 3698 1541 3752 structos
1564 3708 1635 3753 esse
1658 3687 1815 3765 doctrina,
1839 3707 1902 3770 qua
1918 3689 2005 3753 viam
2021 3686 2197 3752 ostendant
2212 3685 2382 3764 docilibus,

373 3776 533 3857 propheta
556 3776 686 3858 mitigat
707 3775 797 3839 illam
826 3778 1034 3858 asperitatem
1058 3796 1158 3856 quum
1181 3774 1258 3838 dicit
1281 3775 1348 3838 fore
1401 3774 1456 3837 sed
1480 3773 1576 3838 simul
1608 3785 1759 3851 armatos,
1794 3782 1831 3837 ut
1860 3773 2016 3838 resistant
2045 3772 2252 3852 adversariis,
2281 3784 2316 3838 et
2343 3794 2385 3838 os

373 3861 453 3942 ipsis
487 3862 580 3938 utile,
619 3864 646 3925 si
680 3881 740 3944 pro
774 3860 859 3926 felici
893 3873 980 3926 statu
1016 3862 1194 3945 Babylonis
1227 3861 1348 3942 precati
1401 3859 1467 3923 illis
1496 3856 1680 3924 ocoludaut.
1733 3857 1897 3938 Quoniam
1933 3865 2043 3924 autem
2074 3857 2115 3922 ab
2140 3859 2235 3922 initio
2263 3857 2385 3923 mundi

373 3946 505 4026 luerint,
529 3947 683 4028 qnoniam
707 3947 785 4012 socii
808 3958 887 4011 sunt
909 3946 1053 4011 eiusdem
1076 3949 1235 4010 fortunae.
1279 3945 1349 4011 Sci·
1402 3967 1468 4010 non
1489 3943 1617 4009 destitit
1640 3942 1754 4024 Satan,
1776 3959 1935 4026 quantum
1958 3945 1992 4008 in
2016 3965 2052 4008 se
2074 3953 2155 4020 erat,
2178 3944 2289 4008 omnia
2311 3955 2385 4008 ten-

372 4053 447 4096 mus
481 4045 680 4114 quantopere
714 4033 754 4097 ad
784 4031 1046 4115 persuadendum
1078 4032 1184 4097 valeat
1212 4032 1348 4111 utilitas,
1402 4043 1472 4096 tare
1503 4040 1536 4094 et
1564 4031 1673 4095 moliri
1704 4041 1741 4096 ut
1770 4038 1994 4112 corrumperet
2015 4028 2080 4094 Dei
2110 4029 2298 4108 veritatem,
2329 4030 2385 4094 vel

373 4139 473 4199 quum
496 4117 621 4182 scilieet
639 4130 792 4199 putamus
811 4120 893 4183 nihil
913 4139 972 4182 nos
990 4117 1153 4198 suscipere
1178 4118 1239 4182 uisi
1262 4118 1347 4201 quod
1401 4119 1589 4183 obscuraret
1607 4115 1719 4180 multis
1738 4117 1892 4196 tenebris,
1915 4116 1988 4182 ideo
2009 4136 2141 4198 semper
2164 4136 2295 4182 necesse
2318 4116 2386 4180 fuit

373 4203 465 4267 nobis
490 4203 571 4268 bene
599 4204 760 4268 succedet.
805 4205 879 4270 Hao
907 4203 1008 4286 igitur
1037 4204 1161 4266 ratione
1190 4203 1350 4285 propheta
1402 4224 1514 4268 servos
1537 4200 1601 4266 Dei
1632 4208 1764 4283 paratos
1794 4221 1865 4266 esse
1895 4202 1936 4266 sd
1971 4213 2156 4284 utramque,
2191 4221 2310 4283 nempe
2342 4208 2387 4266 ut

373 4287 511 4352 Iudaeos
545 4289 638 4354 docet
672 4290 756 4353 nihil
790 4290 831 4354 ab
858 4291 937 4372 ipsis
968 4289 1055 4370 exigi
1087 4287 1171 4369 quod
1201 4291 1350 4368 reingere
1402 4288 1543 4352 fideliter
1565 4286 1719 4352 docerent
1742 4288 1937 4370 morigeros:
1969 4287 2086 4352 deiude
2120 4298 2156 4352 ut
2185 4307 2221 4350 se
2251 4287 2387 4352 sortiter

373 4371 521 4448 debeant,
552 4395 652 4456 quum
677 4376 768 4439 Dans
795 4375 885 4440 iubet
913 4377 1002 4457 ipsos
1032 4395 1125 4438 orara
1155 4394 1214 4454 pro
1242 4373 1350 4455 Baby·
1402 4383 1606 4452 opponerent
1625 4371 1775 4438 hostibus
1794 4373 1951 4447 veritatis,
1974 4382 2139 4438 eteorum
2161 4373 2387 4452 pervicaciam

372 4458 457 4536 lone,
491 4461 567 4540 quia
597 4461 794 4542 prosperitas
829 4463 917 4526 illius
947 4462 1039 4543 regui
1068 4460 1110 4523 sit
1139 4460 1173 4522 in
1203 4459 1349 4540 ipsorum
1403 4459 1598 4539 frangerent.
1636 4458 1733 4523 Hauc
1757 4459 1905 4540 regulam
1924 4459 2180 4541 nuucsequitur
2201 4457 2386 4540 propheta:

372 4544 523 4611 salutem.
580 4545 753 4627 Significat
786 4559 902 4622 autem,
938 4543 1210 4627 quemadmodum
1245 4564 1350 4626 nuper
1402 4543 1553 4608 hortatus
1575 4553 1625 4608 est
1647 4543 1785 4610 Iudaeos
1808 4544 1848 4608 ad
1872 4545 2079 4626 tyrannidem
2104 4544 2193 4609 illam
2217 4545 2388 4626 patienter

374 4632 478 4715 attigi,
509 4631 555 4694 sic
584 4635 773 4696 coniunctos
803 4655 873 4698 esse
902 4633 1104 4716 Babyloniis,
1134 4641 1170 4694 ut
1200 4650 1265 4694 nou
1295 4631 1349 4694 de·
1402 4627 1582 4709 ferendam,
1615 4631 1769 4712 quoniam
1800 4640 1870 4695 erat
1899 4631 2014 4712 iugum
2039 4629 2115 4694 Dei:
2147 4628 2205 4694 sed
2233 4631 2310 4712 quia
2338 4652 2387 4694 ex

373 4717 473 4781 beant
494 4717 667 4800 imaginari
690 4739 724 4782 ss
751 4719 821 4783 fore
842 4719 1004 4782 immunes
1027 4718 1067 4782 ab
1089 4717 1177 4782 omni
1200 4715 1350 4780 molestia
1373 4711 1378 4778 l
1403 4717 1549 4798 opposito
1584 4716 1882 4798 pseudoprophetas
1915 4716 2080 4782 iactabant
2112 4715 2277 4781 redituros
2308 4737 2388 4782 asse

374 4815 405 4866 et
429 4803 649 4880 incommodo,
672 4803 699 4867 si
722 4803 798 4884 quid
822 4805 951 4868 adversi
971 4803 1164 4888 Babyloniis
1187 4802 1350 4879 acciderit,
1403 4801 1514 4883 elapso
1543 4803 1683 4879 biennio,
1719 4821 1852 4872 neeesse
1883 4801 1943 4866 tuit
1975 4803 2083 4883 ipsum
2113 4821 2293 4868 occurrere.
2338 4800 2389 4868 In

374 4891 526 4970 quoniam
561 4889 628 4953 siut
659 4909 700 4952 ex
733 4889 846 4955 eodem
877 4911 1022 4972 corpore.
1075 4889 1171 4954 Nune
1202 4899 1350 4952 tenemus
1404 4888 1465 4953 hoc
1488 4889 1590 4970 igitur
1611 4887 1759 4952 membro
1782 4909 1871 4954 nunc
1894 4889 2024 4952 insistit.
2065 4889 2190 4970 thuo
2208 4887 2388 4969 pluepon·

375 4975 555 5055 prophetae
577 4995 718 5040 sensum.
753 4975 820 5042 Sed
840 4975 1082 5057 hineoolligere
1102 4974 1349 5055 licetoptimam
1404 4973 1490 5038 deris
1514 4974 1633 5038 habeat
1652 4973 1810 5048 doctrina,
1834 4995 1948 5038 rursus
1966 4973 2093 5038 inducit
2116 4991 2289 5055 personam
2309 4974 2391 5054 Dei,

374 5059 565 5136 doctrinam,
597 5081 662 5123 non
693 5061 788 5126 modo
816 5062 996 5142 parendum
1026 5081 1097 5125 esse
1127 5061 1259 5144 regibus
1289 5059 1351 5124 sub
1405 5060 1455 5124 Ne
1476 5060 1632 5140 decipiant
1649 5080 1710 5142 voa,
1734 5060 1849 5141 inquit,
1866 5059 2040 5140 propterea
2059 5061 2154 5126 assiri
2174 5059 2230 5140 qai
2250 5065 2326 5124 sard
2346 5061 2390 5124 irs

296 5197 299 5204 .
374 5163 513 5225 quorum
545 5168 658 5210 sumus
688 5147 820 5226 ditione,
854 5147 910 5211 sed
944 5147 1011 5210 illis
1045 5149 1141 5210 ctiam
1175 5145 1349 5228 optandam
1403 5147 1503 5212 medio
1532 5146 1634 5210 vestri.
1679 5146 1765 5211 Nam
1794 5167 1895 5227 quum
1917 5145 2140 5228 lerosolymae
2171 5145 2307 5210 haberet
2330 5145 2390 5212 lc-

373 5251 445 5294 essc
480 5234 742 5314 prosperitatem,
773 5244 809 5298 ut
839 5233 929 5297 Deus
959 5234 1050 5296 testis
1076 5233 1120 5296 sit
1147 5232 1352 5297 voluntariae
1404 5232 1522 5296 remias
1546 5230 1665 5296 multos
1691 5230 1905 5305 adversarios,
1937 5229 2085 5296 diabolus
2114 5232 2213 5297 etiam
2243 5232 2391 5300 miseros

374 5331 507 5382 nostrae
529 5319 750 5386 subiectionis.
795 5321 880 5385 Nam
903 5319 933 5384 si
963 5318 1024 5384 hac
1053 5320 1180 5384 ratione
1208 5317 1353 5400 oportuit
1403 5317 1532 5382 exsules
1555 5315 1687 5382 fallebat
1713 5318 1748 5382 iu
1771 5314 1949 5382 Chaldaea.
1994 5316 2160 5382 Admonet
2188 5317 2293 5401 igitur
2315 5340 2390 5384 non
