5134 6124
204 475 266 543 289
621 419 623 423 Ι
907 476 957 543 IN
979 475 1229 543 IIIRIIIIIAM.
1270 474 1370 542 OAP.
1391 474 1506 541 XVII.
2044 515 2057 528 ·
2146 482 2212 548 290

203 685 266 732 aon
283 666 476 733 iaela'narnnl
492 687 602 732 aurern
616 687 720 749 mom,
742 665 1021 732 etobduraeereat
1034 664 1179 731 eereleera
1231 663 1375 731 cordiam
1410 685 1606 748 propensus,
1644 665 1737 732 vobis
1774 667 1940 752 ignoscere
1978 679 2112 753 paratus
2148 677 2208 748 eet,

204 772 304 818 amm.
349 751 414 817 His
441 751 594 836 loquendi
624 753 737 818 formis
766 752 885 817 clarius
914 750 1081 834 exprimit,
1113 770 1180 815 non
1231 747 1326 814 modo
1349 751 1470 816 relictis
1494 752 1643 834 patribus
1664 750 1706 818 ad
1728 753 1836 838 ipsum
1859 753 2011 822 redeetIs.
2055 755 2209 841 Denique

204 859 314 905 errore
337 838 390 904 vel
411 840 599 923 ignorantia
620 857 772 923 peccasse
794 847 912 922 patres,
944 835 1001 902 aed
1025 836 1179 919 quoniam
1232 837 1396 986 Homittit
1418 836 1482 902 illis
1505 838 1635 904 veniam
1664 841 1823 923 temporis
1851 843 2028 925 praeteriti,
2058 843 2087 908 si
2110 864 2145 908 se
2167 842 2209 908 ad

204 923 428 991 obduruerant
450 924 491 989 ad
514 929 737 1008 contemptum
761 924 833 992 Dei.
877 922 964 989 Nam
989 943 1086 1006 saepe
1108 943 1182 988 con·
1267 943 1341 986 eum
1364 933 1570 989 convertant.
1616 921 1846 1007 sisenando,
1876 928 1999 1010 inquit,
2029 928 2209 1010 audieritis,

205 1011 318 1094 tinget,
350 1010 449 1076 etiam
479 1013 506 1077 si
536 1011 636 1096 probe
664 1011 768 1076 edocti
792 1013 859 1077 sint
880 1009 1041 1090 homines,
1070 1017 1181 1074 tamen
1232 1027 1271 1073 ae
1291 1008 1429 1090 efferate
1455 1029 1533 1076 naue
1558 1030 1619 1094 per
1632 1017 1747 1093 portae
1775 1012 1864 1077 arlia
1888 1013 1985 1081 laiac
2006 1015 2057 1080 dle
2078 1013 2209 1094 enlbma‘,

204 1097 334 1163 inscitia
374 1096 455 1176 labi,
494 1098 647 1180 quonlam
688 1097 801 1162 multis
839 1094 1006 1161 obstaculo
1040 1103 1090 1160 est
1122 1113 1182 1159 sua
1233 1097 1260 1158 el
1288 1093 1331 1159 ad
1359 1094 1636 1176 reedificandam:
1669 1095 1789 1179 pendet
1821 1118 1863 1162 ex
1896 1099 1962 1183 illo,
1996 1101 2026 1166 ei
2054 1101 2210 1166 audiendo

205 1181 342 1261 ruditas,
369 1203 410 1247 ne
439 1184 622 1268 percipiant
643 1182 728 1266 quod
752 1181 900 1248 andiunt.
946 1180 1013 1247 Sed
1036 1180 1092 1246 nbi
1115 1199 1180 1245 non
1234 1179 1411 1246 audientia.
1447 1179 1484 1247 Si
1503 1203 1580 1264 ergo
1603 1183 1771 1248 cadmia
1792 1184 1835 1250 nd
1852 1185 2110 1268 enanifieoadam
2127 1187 2210 1252 diem

205 1268 367 1334 inclinent
407 1267 555 1335 homines
589 1289 718 1348 aurem,
759 1271 837 1352 quin
877 1268 986 1350 potius
1021 1267 1181 1332 cervicem
1233 1263 1363 1348 sabbati,
1397 1286 1436 1332 ae
1463 1268 1637 1349 quidquam
1666 1269 1770 1350 operia
1797 1271 1904 1353 opalis
1932 1273 1966 1335 in
1988 1291 2031 1351 eo,
2064 1274 2136 1337 luae
2162 1273 2210 1336 ia-

206 1375 299 1420 suam
321 1353 492 1433 obdurant,
516 1354 569 1421 bic
591 1375 626 1421 se
649 1353 758 1438 prodit
776 1353 952 1421 manifesta
968 1353 1181 1433 contumacia,
1231 1352 1412 1435 prodeatur
1433 1372 1497 1433 per
1512 1358 1626 1434 portes
1647 1353 1737 1419 urbia
1758 1353 1854 1420 baiae
1875 1376 1964 1440 repes
1984 1363 2014 1422 et
2034 1357 2208 1440 prlaelpca.

205 1441 290 1525 quod
321 1440 446 1506 scilicet
473 1442 611 1508 scientes
640 1451 674 1506 et
698 1441 844 1506 volentes
867 1441 975 1505 Deum
998 1436 1181 1520 repudient
1234 1436 1346 1502 Primo
1368 1437 1438 1503 loeo
1462 1439 1626 1521 promittit
1646 1438 1712 1504 illis
1733 1451 1929 1524 perpetuum
1960 1445 2052 1527 regni
2076 1451 2209 1509 etatum.

205 1527 318 1593 I'alem
350 1526 360 1590 i
386 1527 451 1592 'tur
479 1527 695 1611 pervicaciam
723 1525 871 1610 pluribus
894 1522 1047 1608 loquendi
1069 1523 1182 1588 formis
1234 1521 1326 1588 Haec
1348 1536 1459 1590 autem
1482 1531 1554 1590 erat
1576 1525 1750 1609 praecipua
1779 1527 1915 1594 felicitas
1937 1528 2057 1611 populi,
2089 1528 2211 1595 habere

204 1612 347 1696 explieat
361 1548 530 1694 I¹remiaa
551 1611 824 1696 quemadmodum
849 1620 881 1675 et
903 1610 977 1677 aliis
998 1609 1080 1676 locis
1099 1609 1182 1674 vidi·
1234 1628 1345 1692 regem
1379 1629 1421 1674 ex
1455 1611 1594 1692 posteris
1626 1609 1776 1677 Davidis.
1832 1613 1919 1678 Nam
1951 1614 1999 1679 ita
2031 1613 2211 1681 cernebant

205 1719 287 1764 mus.
329 1697 425 1779 Quod
447 1700 566 1764 attinet
587 1699 628 1764 ad
650 1699 800 1766 duritiem
822 1697 958 1775 cervicis,
981 1695 1080 1762 etiam
1104 1694 1182 1760 alibi
1234 1694 1329 1777 quasi
1351 1694 1454 1761 oculis
1476 1705 1681 1779 praesentem
1706 1697 1768 1763 Dei
1796 1699 1954 1784 gratiam:
1988 1698 2097 1766 David
2122 1700 2210 1766 enim

206 1783 326 1851 dictum
344 1785 406 1849 init
421 1785 678 1869 metaphoricam
694 1806 765 1851 esse
781 1784 1005 1868 loqnntiouem
1017 1791 1181 1865 sumptam
1234 1799 1309 1846 eum
1341 1780 1409 1846 suis
1443 1782 1583 1866 posteris
1620 1791 1691 1849 erat
1728 1783 1892 1866 quoddam
1927 1786 2067 1852 visibile¹
2088 1785 2211 1870 pignus

205 1891 225 1936 a
253 1870 355 1936 bobus
383 1869 560 1936 indomitis.
604 1871 690 1936 Nam
714 1870 806 1936 Deus
834 1870 939 1954 legem
970 1887 1065 1934 suam
1095 1887 1182 1932 corn·
1233 1867 1360 2016 gratiae
1382 1866 1455 1934 Dei.
1496 1869 1542 1933 ut
1563 1869 1662 1936 simul
1683 1868 1862 1936 tenendum
1886 1883 1945 1952 eet,
1968 1892 2106 1956 regnum
2128 1870 2211 1936 illud

205 1969 302 2039 parat
340 1956 435 2041 iugo,
476 1965 510 2023 et
550 1957 671 2041 optima
704 1957 840 2022 ratione.
896 1953 1181 2037 Quemadmodum
1248 1951 1334 2017 uisse
1369 1954 1441 2020 eius
1478 1955 1572 2038 regui
1609 1956 1856 2038 praestantioris
1893 1958 2087 2041 imaginem,
2125 1956 2211 2040 quod

206 2043 291 2108 enim
324 2043 423 2110 boves
452 2042 651 2127 subiguntur
682 2041 723 2107 nd
753 2041 906 2120 laborem,
937 2050 970 2107 et
999 2040 1183 2106 assuefiunt
1234 2037 1381 2104 nondum
1412 2040 1510 2124 plane
1539 2048 1711 2107 ostensum
1741 2043 1856 2109 fuerat.
1901 2043 1992 2129 Ilrgo
2014 2045 2047 2108 in
2072 2043 2210 2127 posteris

205 2128 368 2194 etiamad
392 2129 619 2210 obedientiam,
642 2148 744 2212 quum
764 2128 945 2212 imponitur
965 2126 1031 2193 illis
1049 2127 1182 2211 iugum:
1234 2123 1374 2191 Doridis
1395 2125 1610 2192 intuebantur
1630 2123 1745 2193 Iudaei
1768 2127 1949 2210 Obrietum,
1979 2129 2081 2196 donec
2104 2128 2210 2194 mani·

204 2215 252 2281 ite
279 2215 377 2280 etiam
402 2217 493 2282 Deus
520 2215 714 2298 obsequium
743 2226 892 2281 nostrum
923 2212 1049 2297 probat,
1080 2233 1182 2296 quum
1233 2211 1418 2279 sectaretur.
1463 2211 1541 2279 Ideo
1572 2212 1639 2278 dixi
1669 2215 1805 2280 miseros
1835 2214 1935 2280 inisse
1966 2216 2087 2299 absque
2116 2233 2209 2299 rege:

205 2320 263 2367 noe
294 2302 456 2386 gubernat
482 2301 555 2388 lege
578 2319 654 2367 sna:
685 2320 761 2366 nam
783 2300 905 2384 alioqui
928 2318 1088 2383 vagamur
1110 2307 1183 2383 poet
1233 2318 1374 2383 regnum
1407 2306 1518 2363 autem
1554 2299 1657 2366 fuisse
1694 2299 1758 2366 illis
1795 2301 2005 2384 praecipuam
2043 2301 2209 2366 felicitatis

204 2394 334 2453 nocuas
364 2387 526 2454 libidines.
577 2385 688 2468 Quum
719 2387 821 2471 igitur
850 2386 943 2452 Deus
973 2404 1103 2451 omnem
1132 2385 1182 2449 in·
1234 2404 1313 2448 suae
1330 2395 1481 2467 partem.
1527 2384 1619 2450 Haec
1647 2388 1730 2451 ratio
1752 2398 1802 2452 est
1824 2408 1884 2453 cur
1907 2408 1997 2453 nnnc
2031 2387 2210 2471 singularis

205 2473 397 2556 temperiem
420 2473 528 2539 carnis
550 2473 583 2538 in
607 2473 700 2538 nobie
722 2472 857 2557 corrigit
879 2472 951 2556 lege
969 2491 1038 2554 sua,
1062 2469 1182 2536 dicitnr
1234 2468 1382 2536 beneficii
1405 2470 1476 2536 loco
1497 2469 1564 2536 illis
1585 2479 1745 2555 proponat
1767 2471 1924 2538 Ieremias
1946 2481 2119 2540 aeternnm
2142 2472 2210 2537 iore

204 2558 318 2642 iugum
351 2559 446 2626 nobis
478 2561 654 2643 imponere.
709 2558 781 2625 Iam
813 2561 842 2625 si
875 2579 990 2624 sumne
1023 2558 1180 2622 intracta-
1234 2574 1373 2638 reguum
1393 2555 1534 2623 Davidis
1555 2557 1643 2622 iuter
1664 2559 1760 2642 ipsos,
1781 2558 1810 2624 si
1831 2559 2007 2625 observent
2030 2558 2115 2623 diem
2138 2558 2211 2622 sab·

205 2643 298 2724 biles,
333 2655 366 2711 et
399 2666 465 2711 non
494 2644 698 2711 admittimus
726 2644 900 2728 imperium
929 2643 1007 2723 Dei,
1041 2642 1182 2709 dicimur
1235 2641 1318 2706 bati:
1349 2641 1450 2707 etita
1471 2663 1538 2708 non
1561 2651 1687 2710 tautum
1715 2645 1820 2728 exigit
1843 2645 1986 2727 praecise
2009 2645 2101 2711 Deus
2123 2641 2211 2726 quod

203 2735 284 2798 tune
315 2731 475 2797 cervicem
508 2731 677 2797 obdurare.
732 2731 852 2796 Postea
885 2729 956 2796 sine
990 2728 1182 2811 metaphora
1233 2727 1305 2792 inre
1328 2746 1387 2792 sno
1410 2733 1545 2811 poterat,
1575 2729 1753 2795 sedetiam
1782 2728 1954 2797 dulcedine
1985 2729 2211 2814 promissionis

205 2815 352 2899 loquitar
374 2817 541 2897 Ieremias,
576 2817 663 2899 Quod
688 2837 751 2882 aaa
772 2817 939 2896 nudiemal,
969 2813 1099 2896 elqaod
1119 2833 1182 2880 aon
1234 2813 1323 2897 ipsos
1356 2812 1474 2894 allicit,
1509 2814 1783 2898 quemadmodum
1817 2815 1925 2882 faeere
1959 2816 2048 2882 solet.
2093 2816 2211 2881 Posset

204 2902 373 2984 receperint
393 2904 607 2986 sareptenam,
631 2901 685 2970 ael
706 2904 950 2969 correctionem.
984 2913 1065 2968 ‘tntu
1080 2900 1181 2985 sigui·
1234 2897 1366 2982 quidem
1398 2920 1465 2964 unc
1498 2901 1599 2969 verbo
1631 2900 1788 2966 mandare
1819 2901 1904 2985 qnod
1938 2901 2059 2985 placet:
2092 2919 2209 2966 verum

205 2988 282 3054 ficet
316 2989 547 3068 eruditionem,
580 2989 635 3056 vel
667 2989 912 3056 correctionem.
965 2984 1104 3054 Summa
1133 2993 1182 3052 est
1234 2983 1383 3068 indulget
1405 2992 1538 3051 nostrae
1560 2987 1753 3064 infirmitati,
1781 2987 1839 3052 ubi
1861 3007 1920 3054 nos
1942 2986 2209 3069 promissionibus

204 3073 345 3140 Iudaeos
379 3096 443 3141 non
478 3085 606 3140 tantum
639 3075 742 3141 fnisse
774 3074 947 3154 indociles,
980 3093 1082 3156 quum
1115 3071 1182 3136 illis
1234 3071 1364 3135 invitat
1400 3069 1468 3136 Sed
1491 3081 1600 3154 posset
1623 3072 1676 3138 hic
1698 3073 1809 3156 quaeri
1833 3093 1875 3138 au
1897 3072 1983 3138 tanti
2005 3072 2104 3138 luerit
2123 3072 2210 3155 quie·

205 3168 336 3225 ostensa
357 3170 446 3226 esset
461 3161 525 3228 Dei
548 3160 702 3227 voluntas
724 3162 803 3226 satis
826 3168 952 3243 aperte,
970 3157 1026 3224 sed
1048 3156 1182 3242 ingenio
1235 3177 1325 3222 scere
1347 3156 1399 3221 die
1421 3160 1569 3240 septimo,
1591 3163 1627 3223 ut
1648 3177 1789 3243 regnum
1812 3157 1878 3224 illis
1902 3167 2094 3243 perpetuum
2117 3158 2209 3223 Dens

206 3246 388 3329 praefracto
416 3255 447 3312 et
477 3247 649 3331 pernitani.
694 3246 780 3311 Nam
811 3265 914 3330 quum
942 3244 1110 3310 doctrinae
1140 3242 1181 3309 ad
1234 3240 1427 3325 promittat?
1456 3245 1625 3327 responsio
1653 3244 1718 3310 iam
1742 3243 1818 3309 deta
1840 3254 1898 3324 eet,
1926 3265 2043 3327 nempe
2066 3263 2209 3326 compre·

206 3351 261 3398 ece
291 3333 396 3415 magis
425 3331 621 3418 pungendoe
643 3329 772 3398 additae
794 3338 904 3398 esseut
926 3330 1179 3408 exhortationes,
1236 3327 1335 3394 hendi
1357 3327 1417 3393 sub
1440 3330 1645 3396 caeremonia
1673 3330 1775 3398 finem
1804 3331 1923 3415 ipsum,
1952 3331 2009 3415 qui
2031 3328 2212 3413 spiritualis

205 3436 306 3500 quum
336 3417 445 3483 minae
474 3419 573 3484 etiam
603 3417 801 3500 accederent,
832 3427 942 3484 tamen
971 3415 1182 3482 nullomodo
1235 3426 1315 3480 erat.
1359 3414 1444 3480 Nam
1469 3416 1561 3482 Deus
1582 3417 1679 3483 iussit
1702 3416 1857 3500 populum
1891 3438 1987 3483 snum
2021 3415 2140 3496 seriari,
2173 3418 2212 3479 ut

206 3504 313 3586 potuit
346 3501 438 3570 Dens
475 3504 607 3571 domare
639 3503 770 3570 illorum
804 3503 1030 3588 petulantiam.
1085 3502 1183 3568 Nnnc
1234 3500 1371 3567 baberet
1392 3511 1515 3567 certum
1540 3503 1725 3588 symbolum
1757 3524 1836 3570 suae
1864 3501 2142 3579 sanctificationis,
2174 3507 2211 3564 ut

206 3589 364 3672 sequitur,
1233 3585 1358 3652 dietum
1390 3587 1462 3654 fnit.
1509 3586 1622 3669 Quum
1650 3608 1729 3673 ergo
1763 3609 1851 3656 nunc
1885 3590 1932 3654 ita
1962 3588 2106 3671 loquitur
2134 3605 2211 3668 pro·

1234 3673 1342 3756 pheta,
1373 3670 1412 3738 st
1432 3693 1493 3739 aaa
1514 3675 1651 3756 efferatis
1676 3693 1755 3746 onus
1777 3695 1839 3756 per
1861 3679 1973 3758 portas
1994 3672 2084 3738 urbis
2104 3671 2210 3751 lmine,

292 3760 345 3826 24.
373 3761 418 3826 Et
439 3762 505 3840 crit,
527 3762 558 3827 ci
580 3761 738 3828 audiendo
760 3762 929 3828 audieritis
949 3782 1006 3844 me,
1037 3763 1114 3828 aire
1135 3762 1184 3826 Ie·
1234 3761 1296 3824 hoc
1318 3765 1377 3838 eet,
1400 3759 1427 3823 ei
1449 3759 1564 3826 colatis
1586 3759 1670 3826 diem
1695 3760 1832 3842 sabbati,
1854 3758 2000 3826 manebit
2022 3759 2115 3842 regni
2138 3777 2211 3840 per·

207 3844 315 3926 Moab,
338 3867 377 3913 ae
398 3848 535 3930 efferate
556 3867 635 3914 enac
663 3867 724 3931 per
747 3853 860 3932 perine
888 3848 978 3914 erbis
1008 3849 1105 3914 baiae
1133 3847 1184 3912 da'e
1233 3845 1376 3928 petuitas
1398 3845 1485 3928 apud
1503 3866 1580 3911 voa:
1603 3867 1704 3930 quum
1723 3848 1769 3912 ita
1788 3847 1943 3930 loquitur,
1965 3854 2003 3911 ut
2021 3844 2100 3923 dixi,
2123 3842 2210 3908 haud

207 3931 337 4017 ramni,
359 3939 388 3998 et
406 3933 825 4016 wcaadifiecadumdiem
847 3932 1000 4018 (honest,
1019 3933 1183 3999 sisnncti·
1235 3931 1332 3996 dubie
1356 3931 1488 4013 respicit
1510 3929 1551 3995 ad
1574 3953 1686 3998 veram
1716 3931 1995 4000 observationem:
2030 3951 2114 4015 qnae
2144 3950 2210 3995 non

207 4017 312 4085 ficetis
345 4017 444 4104 diem)
477 4020 614 4104 sabboti,
647 4039 708 4086 aea
740 4019 857 4104 rependo
886 4019 922 4084 in
949 4039 983 4084 ec
1012 4019 1184 4101 quidquam
1234 4014 1406 4082 constabat
1435 4015 1525 4083 nuda
1555 4020 1775 4085 caeremonia:
1804 4018 1862 4084 sod
1890 4018 1996 4083 maius
2025 4015 2149 4100 aliquid
2177 4024 2211 4082 et

208 4104 322 4184 operia.
1235 4101 1452 4186 praestantius
1482 4103 1516 4167 in
1541 4104 1800 4182 recontinebat,
1834 4125 1952 4190 nempe
1982 4111 2018 4169 ut
2048 4101 2212 4169 discerent

292 4190 344 4256 25.
378 4189 467 4254 Tuae
495 4189 626 4275 (copula
653 4190 740 4256 enim
771 4190 825 4257 hio
855 4189 1013 4273 accipitur
1041 4210 1100 4273 pro
1126 4187 1183 4253 ad·
1235 4189 1451 4273 abnegatione
1481 4187 1532 4254 sni
1561 4211 1606 4256 se.
1626 4191 1755 4257 tradere
1779 4189 1852 4256 Deo
1882 4189 2051 4275 regendos.
2095 4189 2211 4271 Neque

206 4274 319 4342 verbio
341 4275 511 4361 temporis)
536 4277 751 4360 ingredientur
767 4299 827 4360 per
844 4281 956 4359 perles
977 4274 1185 4341 molebatur
1236 4274 1325 4340 euim
1347 4274 1535 4357 operabitur
1556 4275 1648 4343 Deus
1670 4278 1705 4343 in
1728 4276 1831 4354 nobis,
1861 4276 1925 4342 nisi
1954 4277 2045 4358 prius
2075 4269 2210 4340 deeieri·

207 4381 302 4445 reyes,
325 4362 540 4446 etprincipea,
563 4362 699 4428 sedentes
720 4383 815 4446 seper
835 4363 950 4430 solium
968 4361 1087 4446 David,
1109 4362 1185 4427 necti
1236 4381 1309 4426 mue
1332 4362 1422 4442 sequi
1445 4371 1478 4426 et
1499 4363 1664 4445 propriam
1694 4371 1840 4428 nestram
1863 4370 2009 4428 nostram
2039 4361 2209 4436 rationem,

208 4465 306 4513 carra
328 4453 356 4513 et
377 4449 476 4531 epate,
507 4449 572 4531 ipsi
594 4453 622 4513 et
644 4469 789 4530 proceres
811 4469 927 4534 eoram,
957 4450 1008 4514 eir
1031 4445 1184 4531 Ielradalr,
1235 4457 1268 4513 et
1291 4447 1438 4530 proprios
1467 4449 1576 4513 carnis
1598 4449 1742 4516 affectae.
1786 4447 1865 4514 Ideo
1893 4446 1953 4514 snb
1983 4447 2211 4514 observatione

209 4535 378 4600 etlaeolae
401 4533 585 4614 Ierusalem,
611 4533 848 4601 ementitur
869 4535 945 4601 arbe
966 4535 1039 4600 haee
1060 4535 1096 4600 ia
1113 4553 1185 4620 per·
1235 4531 1362 4599 sabbati
1393 4533 1535 4600 breviter
1557 4533 1844 4616 comprehenditur
1869 4553 1998 4600 summa
2020 4534 2120 4599 totius
2143 4531 2211 4614 pie·

202 4624 344 4702 penam.
1236 4620 1322 4686 tatis.
1373 4618 1465 4685 Dicit
1493 4641 1587 4704 ergo,
1621 4620 1844 4705 Ingredieatar
1872 4639 1959 4704 repes
1991 4624 2020 4685 et
2046 4617 2212 4702 principes

1234 4707 1371 4772 aenam
1392 4705 1499 4787 'cuper
1524 4707 1640 4772 saliam
1665 4706 1816 4773 Doridis.
1860 4705 2016 4771 Notanda
2048 4713 2098 4770 est
2128 4712 2210 4766 tem·

295 4789 505 4875 Interposuit,
528 4790 801 4877 quemadmodum
825 4792 928 4872 docui,
950 4792 1107 4860 Ieremias
1129 4814 1185 4859 ex·
1235 4792 1323 4875 poris
1345 4791 1599 4858 circumstantia.
1633 4792 1718 4858 Nam
1740 4813 1778 4858 eo
1798 4803 1940 4876 tempore
1963 4813 2015 4857 ree
2038 4787 2210 4854 admodum

208 4877 450 4961 probrationem
482 4878 571 4944 illam
599 4879 639 4944 de
669 4878 828 4961 patribus,
858 4900 920 4963 quo
950 4876 1106 4961 pudorem
1133 4880 1183 4944 in·
1235 4877 1395 4958 collapsae
1419 4885 1521 4953 erant,
1552 4887 1585 4942 et
1605 4899 1745 4962 regnum
1769 4878 1866 4944 valde
1889 4886 1960 4944 erat
1982 4877 2143 4951 attritum,
2175 4881 2212 4939 ut

210 4969 336 5029 cnteret
362 4963 494 5030 Indaeis
523 4966 639 5030 aetatis
667 4984 754 5043 suae,
784 4987 826 5032 ne
856 4966 980 5032 scilicet
1010 4969 1184 5049 pergerent
1235 4961 1379 5047 quotidie
1418 4963 1684 5045 periclitarentur
1723 4985 1817 5049 reges
1857 4969 1890 5029 et
1931 4971 2019 5028 totus
2061 4959 2210 5043 populus.

210 5049 246 5113 iu
279 5049 462 5116 imitatione
495 5061 643 5135 patrum,
676 5071 757 5134 quos
790 5050 947 5116 videbant
978 5050 1078 5116 inisse
1110 5051 1184 5116 Deo
1236 5048 1347 5131 Quum
1370 5068 1447 5131 ergo
1469 5049 1553 5115 nihil
1576 5065 1633 5114 aut
1654 5071 1770 5134 parum
1793 5061 1878 5118 eseet
1900 5046 2054 5133 praesidii
2077 5047 2110 5110 in
2131 5047 2211 5112 urbe

209 5135 451 5219 immorigeros:
475 5147 585 5202 tamen
607 5136 752 5203 ostendit
771 5137 877 5202 Deum
897 5138 965 5202 iore
983 5135 1184 5217 placabilem,
1236 5134 1367 5212 tuenda,
1399 5143 1432 5198 et
1454 5137 1679 5202 conservando
1709 5139 1801 5222 regui
1830 5145 1930 5216 statu,
1958 5133 2114 5199 Ieremias
2137 5154 2211 5216 pro·

210 5221 238 5286 si
261 5241 302 5286 ex
325 5222 435 5286 animo
460 5223 671 5307 resipiscant:
701 5224 793 5307 quasi
816 5222 946 5303 diceret,
975 5221 1091 5288 Patres
1114 5226 1183 5306 qui·
1236 5221 1327 5288 mieit
1348 5229 1507 5302 tanquam
1529 5222 1697 5307 singulare
1719 5223 1782 5288 Dei
1805 5221 2005 5295 beneficium,
2026 5240 2121 5305 reges
2142 5219 2211 5285 fore

211 5307 285 5372 dem
307 5308 411 5374 vestri
440 5317 660 5392 provocarunt
691 5310 803 5375 multis
835 5310 942 5387 annis,
976 5315 1075 5391 atque
1105 5309 1184 5373 adeo
1236 5305 1370 5374 stabiles
1393 5325 1466 5371 num
1490 5309 1557 5372 suis
1584 5309 1779 5393 proceribus.
1823 5308 1907 5373 Nam
1931 5328 1971 5372 ex
1994 5305 2121 5371 familia
2144 5306 2211 5370 Da·

210 5391 348 5459 eaecnlis
371 5394 435 5459 Dei
459 5393 652 5460 vindictam:
684 5394 741 5462 sed
766 5405 800 5460 ut
823 5404 874 5460 est
895 5396 964 5478 ipse
993 5395 1034 5460 ad
1058 5394 1184 5460 miseri·
1236 5393 1322 5460 vidis
1345 5400 1441 5463 erant
1462 5394 1545 5477 regii
1567 5394 1753 5473 consiliarii,
1784 5403 1821 5459 ut
1843 5393 1921 5459 satie
1944 5401 2061 5458 uotum
2083 5399 2148 5457 est:
2179 5396 2213 5454 et

309 5495 422 5552 Oaleim'
436 5511 531 5566 opera.
562 5495 623 5552 Vol.
638 5497 821 5554 XXXVIII.
1973 5494 2008 5549 19
