5118 6136
205 445 265 512 561
884 446 932 512 IN
954 446 1203 513 lectulum.
1245 445 1346 515 OAP.
1367 443 1516 512 XXVII.
2131 447 2196 512 562

203 636 260 702 ille
282 636 433 720 loquatur
455 655 639 701 sermonem
669 657 788 701 meum.
834 637 887 702 Ex
910 635 975 701 illis
997 638 1174 718 prophetae
1226 634 1333 701 adhuc
1362 634 1427 700 ulia
1450 654 1536 714 vasa,
1566 632 1622 700 sed
1644 632 1767 717 species
1789 632 1867 700 istos
1888 646 2127 714 commemorat,
2157 647 2194 703 ut

204 721 313 788 verbis
336 721 479 786 diximus
502 740 596 803 posse
622 723 723 787 statui
745 722 878 805 quinam
907 723 1095 787 mereantur
1116 742 1173 786 no·
1226 741 1285 786 rex
1312 740 1377 784 una
1406 741 1480 786 cum
1513 721 1629 804 populo
1658 717 1820 802 intelliget
1852 718 1935 786 nihil
1964 722 2033 787 lore
2061 742 2193 805 prorsus

205 829 281 874 men
302 807 539 890 propheticum.
562 827 679 890 nempe
697 807 783 890 opud
802 827 882 891 quos
904 817 954 873 est
975 827 1082 872 sermo
1101 806 1173 871 Dei.
1225 805 1386 889 reliquum
1416 806 1450 870 in
1481 806 1609 888 templo.
1657 804 1703 868 ut
1730 802 1879 889 adiungit
1908 806 2005 872 etiam
2032 808 2194 874 residuum

204 893 298 960 Idem
326 894 495 959 confirmat
517 893 672 960 Ieremias
702 893 861 959 hocloco
892 913 991 978 quum
1020 893 1107 970 dicit,
1137 891 1175 958 Si
1224 913 1378 969 oosorum,
1407 911 1487 973 quoe
1512 891 1612 957 Mbruc
1634 895 1803 972 semusuut
1821 892 1857 955 iu
1879 890 1938 956 boc
1958 893 2042 958 urbe.
2087 891 2193 970 Quum

204 984 277 1046 utut
291 977 469 1062 prophetoe,
500 984 528 1043 et
549 980 578 1044 st
598 985 643 1045 est
669 997 768 1046 sermo
799 979 932 1046 Ieboooe
959 979 1046 1062 opud
1073 981 1175 1061 specs:
1225 979 1382 1062 adiungit,
1409 977 1494 1058 Quos
1509 997 1570 1044 uou
1588 976 1714 1044 atoue
1732 975 1997 1044 Nobuobodueeer
2012 999 2071 1044 reu
2086 978 2194 1065 Bolu-

205 1065 286 1131 haec
307 1066 504 1131 coniunctim
527 1066 665 1150 legenda
695 1075 782 1145 sunt,
812 1066 887 1149 quia
913 1064 1073 1148 posterior
1097 1084 1174 1147 pars
1225 1065 1321 1145 lour's,
1357 1063 1409 1129 hic
1441 1062 1570 1146 oblique
1603 1061 1792 1147 perstringit
1820 1061 1976 1148 Iudeeos,
2008 1065 2092 1148 quod
2125 1088 2192 1132 nou

204 1157 256 1218 est
277 1151 455 1235 exegetica,
486 1151 601 1232 idest,
630 1152 811 1233 expositive
839 1151 966 1234 prioris.
1011 1149 1079 1217 Sed
1110 1169 1173 1214 non
1226 1157 1404 1234 agnoscunt
1433 1156 1646 1231 temperatam
1668 1149 1767 1214 tuisse
1788 1147 1958 1214 saevitiam
1981 1149 2084 1216 hostis
2110 1152 2193 1218 divi·

204 1257 336 1320 possum
365 1255 452 1302 nuuc
479 1237 588 1302 omnia
617 1236 802 1303 absolvere:
833 1237 981 1302 differam
1010 1236 1113 1320 igitur
1141 1237 1174 1299 iu
1226 1238 1322 1302 uitus.
1375 1233 1503 1302 Scimus
1533 1236 1617 1298 enim
1647 1254 1743 1317 quem
1776 1233 1923 1302 crudeles
1951 1245 2061 1302 esseut
2081 1237 2192 1322 Baby·

203 1325 390 1391 orastinum.
1225 1323 1314 1398 lonii,
1338 1320 1453 1386 deiude
1476 1341 1576 1404 quum
1595 1318 1800 1403 inexplebilis
1816 1329 1901 1387 esset
1916 1338 2029 1386 eorum
2045 1325 2192 1404 avaritia,

1225 1429 1267 1474 an
1298 1408 1445 1473 relictum
1475 1405 1649 1490 quidquam
1674 1407 1788 1471 luisset
1809 1407 1844 1471 in
1867 1407 1999 1491 templo,
2029 1410 2093 1473 nisi
2116 1411 2194 1492 quia

292 1493 342 1559 19.
369 1493 451 1574 Quia
472 1494 517 1560 sio
538 1494 614 1560 dicit
635 1493 769 1559 Iebooob
792 1494 980 1559 euuoituum
1001 1495 1039 1560 de
1060 1492 1174 1558 colum-
1225 1495 1416 1560 constrictae
1446 1497 1541 1557 erent
1567 1492 1802 1576 quodammodo
1831 1493 1975 1575 ipsorum
2005 1514 2121 1560 manus
2143 1517 2194 1560 ar-

203 1581 265 1660 ole,
286 1585 315 1645 et
335 1580 373 1646 de
393 1579 487 1662 mori,
509 1585 536 1645 et
556 1581 595 1646 de
616 1578 743 1645 basibus
765 1578 918 1666 (ntum),
941 1584 969 1646 et
989 1580 1027 1645 de
1048 1579 1174 1644 residuo
1225 1603 1305 1647 eano
1325 1579 1390 1644 Dei
1413 1578 1556 1644 consilio.
1598 1577 1768 1644 Debebunt
1791 1578 1852 1643 hoc
1875 1600 1983 1644 secum
2008 1579 2193 1663 expendere

203 1685 359 1749 oosuuru,
382 1686 461 1747 quoe
480 1670 649 1749 supersunt
668 1667 705 1731 iu
725 1665 803 1731 urbe
824 1665 890 1747 boe,
1224 1666 1354 1733 Iudaei:
1389 1674 1421 1728 et
1452 1664 1524 1728 ideo
1558 1664 1715 1748 propheta
1748 1663 1801 1729 bio
1829 1665 2099 1749 ingratitudinem
2127 1666 2193 1733 illis

288 1751 340 1818 20.
366 1751 453 1833 Quos
473 1772 535 1817 uou
557 1751 682 1817 uentu
705 1750 972 1818 Nobueboduerer
992 1771 1047 1817 ree
1065 1748 1174 1834 Baby·
1224 1752 1349 1831 obiicit,
1382 1749 1460 1814 dum
1492 1759 1603 1815 narrat
1634 1749 1897 1816 Nabuchodonosor
1924 1771 2003 1817 uoeu
2030 1751 2103 1818 bueo
2131 1773 2193 1818 uou

203 1838 291 1917 motis,
320 1857 415 1919 quum
436 1838 566 1902 obducet
586 1838 742 1920 sumtuum
764 1837 944 1902 leodonium
961 1837 1065 1918 filium
1087 1835 1174 1900 Iebo-
1224 1838 1395 1920 ebetutu‘sse,
1425 1856 1523 1919 quum
1551 1843 1661 1902 tamen
1689 1835 1822 1902 trobuet
1850 1855 1951 1920 repom
1973 1839 2136 1919 captiuum,
2166 1843 2195 1904 et

201 1924 300 1989 iolttru
331 1943 433 2006 regem
469 1922 611 1988 Iebudob
638 1943 654 1989 e
687 1922 873 2006 Ierusalem,
908 1922 1113 2006 Babyloueru,
1147 1927 1174 1987 et
1223 1945 1326 1990 omues
1349 1941 1492 2005 proceres
1519 1927 1585 1987 tom
1611 1921 1700 1987 urbis
1727 1942 1823 2004 quum
1852 1924 1945 1988 totius
1974 1928 2082 1988 terroe.
2127 1923 2192 1990 Hic

202 2029 305 2075 uuues
321 2028 466 2092 proceres
488 2007 633 2074 Iebudob
654 2014 681 2074 et
702 2008 892 2074 Ierusalem:
1224 2013 1311 2076 euim
1341 2008 1452 2075 subest
1480 2008 1679 2092 temperatio
1705 2009 1840 2072 minoris
1870 2019 1902 2072 et
1924 2008 2069 2074 maioris:
2099 2009 2191 2092 quasi

289 2095 341 2161 21.
372 2094 458 2159 Certe
490 2095 535 2159 sio
567 2095 643 2160 dicit
676 2092 811 2160 Iebooob
844 2096 1046 2174 exuuituum,
1085 2093 1174 2159 Deus
1225 2099 1360 2175 diceret,
1401 2113 1467 2158 non
1506 2095 1620 2160 luisset
1659 2104 1725 2158 tam
1765 2102 1955 2159 mensuetus
1995 2093 2192 2160 Nebuched-

204 2179 319 2263 Isroel,
345 2181 382 2244 de
402 2181 498 2257 vose,
528 2201 608 2263 quoe
628 2185 795 2262 supersunt
816 2180 850 2245 tu
871 2182 958 2247 domo
981 2179 1119 2260 Isbouoe,
1147 2185 1175 2245 et
1225 2203 1337 2258 neser,
1371 2180 1434 2246 uisi
1463 2179 1555 2245 Deus
1587 2178 1775 2245 moderatus
1807 2191 1892 2245 esset
1925 2180 1995 2245 eius
2028 2180 2189 2247 affectum.

202 2267 238 2331 iu
257 2267 344 2332 domo
365 2267 457 2348 repis,
479 2268 560 2331 etto
583 2265 763 2350 Ierusalem,
1225 2269 1311 2334 Num
1340 2269 1409 2350 regi
1439 2274 1546 2331 vestro
1576 2286 1640 2330 non
1667 2266 1821 2349 pepercit,
1852 2267 1953 2330 traxit
1981 2266 2015 2331 iu
2039 2267 2192 2332 exsilium

289 2353 340 2417 22.
365 2351 555 2435 Babylonem
576 2352 811 2431 trousfereutur,
834 2356 862 2416 et
882 2350 948 2416 illle
970 2355 1060 2416 eruut
1079 2371 1175 2433 usque
1197 2378 1200 2443 q
1224 2374 1337 2420 omncs
1365 2371 1512 2435 proceres
1541 2363 1681 2417 vestros:
1712 2352 1765 2434 qui
1796 2353 1917 2417 lactum
1946 2361 1995 2417 est
2016 2352 2126 2435 igitur,
2156 2363 2193 2417 ut

202 2438 246 2503 od
266 2438 350 2503 diem
371 2458 430 2520 quo
451 2437 584 2502 visitabo
607 2459 643 2502 eo
665 2437 741 2524 (vel,
763 2457 826 2514 eos,
857 2438 941 2518 quod
964 2437 1045 2501 mihi
1070 2439 1173 2521 magis
1197 2460 1199 2505 l
1225 2440 1402 2525 duidquam
1424 2437 1574 2503 relictum
1597 2438 1751 2502 fueritin
1774 2438 1877 2503 urbe?
1901 2447 1938 2503 ut
1960 2458 2026 2502 non
2044 2438 2191 2503 sublatae

203 2524 333 2609 planet),
366 2524 442 2587 dicit
471 2522 625 2588 Iebooob:
656 2527 684 2588 et
716 2523 876 2589 oscetdue
904 2522 1021 2605 faciem
1050 2543 1114 2608 eos,
1148 2526 1346 2595 obfuerint
1375 2523 1565 2588 columnae?
1595 2543 1638 2588 an
1667 2543 1721 2588 ces
1750 2522 1968 2605 contempsit?
1998 2525 2086 2606 atqui
2116 2537 2193 2590 sunt

203 2610 348 2676 reducam
370 2628 420 2674 eos
442 2611 485 2675 od
506 2609 604 2674 lotum
625 2609 715 2674 burto.
1197 2656 1200 2723 ἱ
1226 2633 1299 2714 raro
1329 2611 1480 2756 artifici}
1495 2609 1630 2709 polites:
1660 2609 1798 2758 mssteria
1826 2611 1924 2674 etiem
1955 2610 2025 2693 ipse
2050 2619 2099 2674 est
2119 2631 2192 2710 pre·

290 2781 429 2846 Dixerat
462 2781 533 2845 heri
563 2780 718 2846 Ieremias
750 2783 857 2863 potius
885 2780 1064 2862 optandum
1094 2803 1173 2860 esse,
1198 2758 1200 2823 l
1225 2695 2047 2864 ibdbfflffibericbiidlbb,erbbodeblliqbiidlugalddbm
2062 2696 2193 2846 bbtbgbl

204 2883 241 2933 ut
270 2866 355 2948 quod
382 2866 549 2932 residuum
571 2876 642 2931 erat
664 2867 882 2952 lerosolymae
905 2866 997 2932 Deus
1018 2877 1172 2948 servaret,
1226 2883 1293 2935 tam
1323 2870 1356 2932 in
1387 2867 1465 2931 urbe
1496 2887 1592 2948 quem
1622 2867 1656 2930 in
1688 2865 1816 2948 templo.
1862 2867 1930 2931 Vos
1960 2873 2069 2932 nutem
2096 2888 2194 2949 repu-

204 2973 300 3038 quum
329 2960 368 3017 nt
396 2953 649 3018 restituerentur
678 2972 761 3035 quse
791 2953 899 3019 ablate
920 2954 1066 3028 fuerant,
1096 2955 1173 3034 quie
1226 2955 1322 3020 distis
1349 2953 1413 3017 tale
1441 2961 1635 3034 tantumque
1657 2950 1721 3016 Dei
1751 2951 1952 3017 beneficium.
1998 2949 2086 3032 Quid
2116 2973 2193 3038 ergo

203 3037 347 3105 nondum
370 3039 545 3104 transierat
566 3060 688 3120 poenae
710 3048 855 3122 tempus:
878 3048 910 3102 et
931 3041 977 3102 ita
999 3039 1172 3121 exprobro·
1227 3040 1356 3106 tendem
1386 3038 1477 3104 vobis
1506 3036 1694 3121 continget?
1739 3038 1901 3104 'Ienemus
1925 3039 2096 3104 consilium
2119 3059 2193 3122 pro·

204 3141 295 3190 verat
317 3125 414 3190 felsis'
431 3123 624 3199 doctoribus,
651 3126 735 3208 quod
760 3133 825 3190 tam
849 3123 986 3206 superbe
1008 3133 1041 3188 et
1062 3145 1174 3188 secure
1225 3127 1342 3210 phetae
1371 3126 1404 3189 in
1435 3125 1487 3188 his
1517 3123 1624 3189 verbis
1653 3144 1753 3207 quum
1789 3124 1867 3189 dicit
1894 3144 1973 3189 aoso
2004 3144 2066 3190 uou
2093 3123 2195 3205 fuisse

203 3212 433 3296 promitterent
451 3210 583 3274 brevem
602 3210 741 3276 reditum
761 3223 827 3275 tam
845 3210 932 3293 regis
950 3229 1046 3292 quam
1061 3229 1173 3274 eornm
1225 3213 1339 3295 oblato,
1368 3231 1467 3294 quum
1489 3220 1598 3274 tamen
1621 3231 1681 3274 rex
1703 3218 1788 3276 esset
1809 3212 1967 3294 captivus,
1990 3217 2023 3274 et
2046 3231 2194 3292 proceres

204 3297 260 3379 qui
300 3297 397 3362 simul
431 3317 506 3362 cum
546 3297 617 3379 ipso
651 3297 746 3362 tracti
780 3298 812 3360 in
847 3295 1000 3360 exsilium
1033 3296 1173 3360 fueraut.
1196 3291 1201 3376 l
1226 3299 1323 3363 totius
1352 3305 1457 3362 terrae
1479 3296 1511 3360 in
1535 3295 1686 3360 exsilium
1708 3304 1816 3361 esseut
1838 3297 1942 3362 tracti.
1986 3296 2075 3361 Hinc
2096 3297 2195 3361 etiam

203 3384 301 3450 Nunc
331 3384 501 3447 coufirmat
523 3383 659 3447 eandem
683 3383 890 3460 sententiam,
922 3402 958 3446 ec
981 3380 1058 3446 dicit
1080 3381 1173 3464 quid·
1225 3384 1389 3468 colligitur
1411 3381 1499 3447 utilis
1520 3380 1674 3460 doctrina,
1705 3383 1832 3465 quoties
1854 3381 1946 3448 Deus
1967 3403 2027 3447 nos
2049 3384 2195 3466 castigat,

203 3468 279 3552 quid
312 3468 417 3534 adhuc
450 3468 601 3534 munebet
634 3467 799 3534 residuum
833 3467 1068 3552 Ierosolymue‚
1108 3469 1173 3532 iam
1225 3490 1354 3553 semper
1383 3467 1601 3551 reputandum
1632 3489 1702 3533 esse
1731 3467 1809 3550 quid
1838 3467 1879 3532 ad
1905 3475 2069 3533 extremas
2093 3468 2194 3533 afflic-

204 3554 401 3620 dcstiuatum
424 3575 494 3620 esse
517 3556 665 3621 hostibus
687 3553 877 3639 babyloniis,
900 3561 934 3617 et
955 3553 1086 3617 illorum
1106 3553 1173 3617 Iure
1226 3558 1331 3622 tiones
1354 3555 1445 3620 desit.
1490 3553 1573 3618 Nem
1596 3553 1674 3620 hinc
1696 3553 1844 3618 fremitus
1866 3552 2023 3618 adversus
2048 3573 2132 3634 eum,
2163 3562 2195 3618 et

203 3641 368 3724 praedam.
429 3640 625 3724 Peperceret
662 3639 940 3705 Nabuchadueeer
985 3639 1095 3721 aliqua
1133 3661 1174 3702 ex
1226 3661 1322 3723 saepe
1356 3639 1554 3723 desperatio,
1597 3638 1682 3722 quod
1722 3649 1873 3720 putamus
1911 3650 2056 3704 extremo
2089 3639 2196 3723 rigore

204 3736 297 3811 parte
319 3726 440 3808 templo
461 3737 494 3792 et
516 3728 605 3792 urbi:
635 3727 813 3792 abstulerat
835 3747 914 3792 vasa
936 3725 1078 3790 maxime
1101 3746 1173 3810 pre·
1226 3728 1318 3792 illum
1342 3726 1509 3793 nobiscum
1532 3745 1637 3808 egere.
1683 3723 1747 3791 Sed
1772 3725 1832 3792 hoe
1858 3725 1976 3792 oceidit
1998 3724 2140 3808 maligno
2164 3735 2196 3790 et

205 3812 304 3891 tione,
343 3813 399 3876 sed
432 3832 497 3876 nou
527 3813 727 3894 spoliaverat
759 3833 890 3894 prorsus
924 3811 1081 3893 templum
1116 3830 1175 3875 suo
1227 3833 1381 3896 perverso
1412 3819 1525 3878 nostro
1547 3809 1681 3876 iudicio:
1717 3811 1793 3894 quia
1823 3831 1989 3894 uunquam
2014 3809 2104 3876 Deus
2127 3819 2196 3876 tam

204 3906 332 3964 ornatu.
377 3897 487 3977 Quum
519 3919 595 3981 ergo
625 3898 732 3963 adhuc
760 3898 828 3962 illic
855 3897 1095 3978 conspiceretur
1116 3897 1171 3960 ali·
1227 3899 1350 3963 duriter
1383 3917 1442 3962 nos
1475 3895 1608 3981 affligit,
1643 3897 1719 3979 quin
1749 3918 1877 3979 semper
1905 3905 2060 3980 appareat
2088 3897 2196 3979 alique

204 3983 276 4066 quis
305 3981 470 4066 splendor,
500 3991 649 4065 poteraut
675 3983 827 4066 colligere
856 3981 970 4047 Iudaei
1000 3981 1175 4047 clementer
1228 4005 1301 4067 pars
1334 3983 1522 4048 clementiae
1555 3991 1588 4048 et
1620 3983 1865 4048 moderationis:
1905 3982 2044 4066 denique
2077 3981 2196 4048 iudicia

205 4089 314 4135 secum
349 4070 447 4133 luisse
478 4081 595 4134 actum.
639 4069 710 4133 Iam
733 4069 809 4134 dleit
839 4069 997 4151 templum
1027 4069 1173 4134 excisum
1228 4073 1298 4135 eius
1338 4089 1465 4149 semper
1504 4077 1581 4132 sunt
1613 4069 1741 4136 condita
1773 4068 1925 4134 bonitate.
1980 4067 2018 4134 Si
2059 4066 2195 4150 quisque

204 4154 255 4234 iri,
286 4162 319 4218 et
347 4153 444 4218 simul
475 4155 599 4230 urbem,
629 4157 705 4237 quia
735 4155 958 4237 potestatium
983 4154 1044 4217 hoo
1066 4152 1174 4236 colligi
1228 4176 1304 4240 ergo
1327 4154 1504 4238 prudenter
1525 4155 1559 4220 in
1582 4167 1724 4219 montem
1748 4163 1916 4220 revocaret
1933 4161 2091 4237 quantum
2111 4153 2195 4219 absit

204 4261 247 4305 ex
268 4239 339 4304 eius
356 4238 473 4318 verbis
496 4241 550 4304 ubi
569 4241 648 4305 dicit
666 4240 747 4305 nihil
766 4261 900 4323 prorsus
916 4240 982 4304 lore
998 4239 1172 4305 residuum.
1228 4242 1268 4308 ab
1299 4241 1453 4305 extremis
1482 4241 1587 4318 malis,
1617 4250 1703 4306 certe
1735 4240 1795 4305 hoc
1817 4239 1857 4305 ad
1879 4239 2046 4305 leniendos
2069 4239 2195 4304 dolores

206 4326 260 4391 Sic
288 4345 365 4408 ergo
393 4327 469 4390 dlor't
497 4326 631 4391 Iebooob
659 4327 696 4393 de
725 4327 882 4392 columnis.
934 4324 1008 4390 Non
1038 4324 1175 4390 dubium
1227 4349 1291 4393 noo
1322 4346 1436 4409 parum
1471 4325 1648 4410 prodesset.
1693 4324 1759 4391 Sed
1782 4327 1856 4409 quia
1880 4327 2043 4391 reiicimus
2064 4345 2195 4391 emnem

205 4421 265 4488 est,
288 4412 366 4494 quin
390 4432 525 4494 magnos
548 4425 696 4495 sumptus
715 4413 842 4478 fecisset
857 4411 989 4478 Solomo
1004 4413 1038 4476 in
1053 4411 1175 4477 colum·
1228 4423 1360 4498 gustum
1393 4412 1548 4477 bonitatis
1580 4411 1659 4488 Dei,
1697 4422 1730 4476 et
1762 4420 1887 4477 tautum
1920 4412 2194 4495 apprehendimus

205 4499 269 4576 nis,
304 4497 400 4562 sicuti
430 4499 527 4562 etiem
559 4500 718 4580 scriptura
747 4498 953 4563 commendat
981 4519 1061 4578 opus
1083 4497 1173 4562 illud.
1228 4503 1297 4564 eius
1325 4499 1541 4576 severitatem,
1575 4496 1647 4562 ideo
1676 4498 1726 4562 vel
1756 4497 1981 4580 obstrepimus,
2012 4499 2064 4565 vel
2095 4499 2193 4562 etism

206 4582 324 4660 Addit,
363 4584 401 4649 cle
433 4584 525 4647 court
579 4584 663 4648 Erat
694 4593 802 4648 eutem
837 4606 894 4648 ves
928 4583 1173 4667 amplissimum,
1227 4587 1365 4652 furimus
1395 4582 1629 4668 quodammodo
1658 4582 1815 4648 adversus
1843 4605 1928 4649 cum.
1974 4585 2073 4666 Atqui
2101 4583 2194 4648 docet

204 4669 292 4735 unde
314 4689 429 4750 aquam
453 4667 624 4734 sumebant
646 4671 838 4748 secerdotes,
861 4691 926 4752 qua
949 4690 983 4732 se
1006 4667 1174 4734 abluerent
1227 4672 1279 4738 hio
1302 4672 1400 4748 locus,
1423 4691 1522 4754 quum
1545 4668 1637 4733 Deus
1659 4668 1781 4752 aliquid
1804 4668 1970 4734 residuum
1993 4670 2086 4734 nobis
2108 4669 2193 4746 facit,

205 4757 330 4838 quoties
354 4755 508 4838 templum
531 4755 799 4839 ingrediebantur
817 4755 856 4822 ad
874 4753 1058 4837 peragenda
1072 4774 1173 4819 sacre.
1227 4759 1287 4822 hcc
1316 4757 1538 4820 testimouium
1567 4775 1637 4820 esse
1662 4757 1790 4838 paterni
1812 4756 1880 4821 eins
1902 4757 2037 4820 favoris:
2065 4760 2099 4820 ct
2120 4753 2193 4820 ideo

205 4843 288 4906 Erat
306 4851 414 4906 eutem
433 4862 473 4906 ex
493 4861 567 4906 uere
583 4841 810 4907 fabrefactum:
834 4841 889 4907 sed
907 4844 1037 4925 propter
1052 4842 1174 4926 magni·
1227 4845 1299 4926 plus
1327 4842 1449 4924 aliquid
1479 4840 1686 4922 sperandum,
1714 4840 1809 4906 modo
1831 4865 1872 4907 ex
1895 4843 2002 4907 auimo
2024 4841 2194 4925 resipisce·

204 4927 352 4992 tudinem
375 4938 445 4992 erat
466 4948 531 4992 uon
552 4928 633 4992 levis
656 4939 712 4992 sut
734 4927 879 5012 vulgaris
902 4928 1012 5010 pretii:
1042 4935 1074 4991 et
1104 4925 1174 4991 ideo
1226 4951 1307 4994 mus.
1342 4927 1383 4991 In
1406 4928 1495 4991 hunc
1515 4928 1615 5012 igitur
1632 4929 1730 4992 finem
1750 4928 1903 4994 tendebat
1921 4928 2001 4993 heco
2016 4928 2193 5013 prophetae

205 5015 392 5163 {aposittfim
423 5011 528 5076 luerat
557 5014 811 5164 marist'tnbndffl
858 5012 960 5114 Addit
968 5013 1076 5162 htertm
1106 5012 1174 5161 lutoso
1226 5014 1411 5166 ῧάειοηίιίῐε,
1436 5013 1600 5080 utIudeei
1624 5013 1897 5163 ampleotgreutnr
1919 5012 2080 5164 resigutam
2095 5015 2192 5164 tillam

262 5119 301 5162 ee.
377 5119 564 5181 leronymus
587 5121 669 5164 verr
763 5151 770 5177 ,
814 5120 944 5164 uoniam
992 5121 1021 5165 ro
1043 5119 1175 5180 pourur
1260 5123 1288 5164 er
1340 5119 1472 5177 raram,
1512 5120 1571 5164 nec
1626 5121 1761 5165 ereren
1813 5123 1845 5164 ru
1876 5119 1936 5164 sua
1964 5121 1982 5162 o
2006 5119 2192 5177 sinaroue,

206 5169 262 5252 blo:
286 5184 341 5247 sed
361 5184 500 5248 sumitur
519 5184 653 5268 proDe,
677 5119 950 5268 quemadmodum
967 5185 1174 5250 setisnotum
1227 5122 1338 5271 usqueg
1361 5184 1438 5250 dnm
1471 5187 1588 5250 iterum
1605 5121 1708 5250 1›Degus
1742 5206 1874 5251 manum
1907 5206 1999 5250 suum
2029 5195 2193 5251 exsereret

205 5277 262 5335 est.
309 5270 505 5335 Pronuntiet
535 5271 636 5354 igitur
665 5273 859 5337 sententiam
884 5270 946 5335 Dei
971 5279 1037 5334 tam
1061 5270 1099 5334 de
1122 5288 1173 5333 co·
1227 5273 1266 5338 ed
1297 5272 1370 5337 illos
1392 5272 1583 5354 perdendos.
1628 5271 1780 5338 Secundo
1803 5272 1929 5354 repetit,
1959 5270 2020 5349 Sto,
2053 5274 2193 5363 inquom,

205 5355 324 5422 lumnis
351 5375 448 5438 quam
478 5354 517 5420 de
547 5359 628 5420 mari
659 5368 691 5422 et
720 5357 860 5423 basibus.
910 5358 1014 5423 Erant
1044 5357 1172 5440 quidem
1226 5360 1301 5424 dicit
1327 5356 1417 5442 (nam
1449 5358 1606 5440 particula
1628 5373 1667 5436 tn,
1697 5358 1758 5424 hoc
1785 5356 1855 5423 loco
1878 5358 1973 5424 debet
1995 5361 2040 5426 ita
2063 5358 2193 5452 resolvi)

313 5457 423 5514 Coloiuu'
440 5473 532 5526 opero.
563 5459 620 5513 Vol.
634 5459 813 5515 XXXVIII.
1959 5462 1993 5516 36
