5134 6124
210 431 274 499 229
611 443 616 452 ’
928 431 978 498 ΙΝ
1001 429 1251 498 luuutsssm.
1296 429 1397 496 OAP.
1420 430 1499 495 XV.
2155 437 2219 502 230

292 623 358 690 Hic
391 621 525 687 liberius
560 622 721 704 propheta
759 621 902 686 declarat
939 641 974 686 se
1007 620 1081 686 ideo
1114 640 1185 684 esse
1232 623 1364 700 propter
1385 637 1514 683 manum
1535 623 1633 701 tuam,
1656 619 1718 686 hoo
1738 632 1797 698 est,
1821 621 1980 707 quiacge
2005 633 2036 688 ta
2059 626 2216 705 spectavi,

206 710 354 776 odiosum
383 708 445 772 toti
475 705 604 790 populo,
637 708 715 790 quia
738 707 810 773 Dec
840 707 975 788 placeat.
1020 704 1106 771 Nam
1135 705 1185 768 in·
1238 712 1272 768 at
1294 703 1383 768 volui
1407 723 1459 768 ma
1482 711 1588 767 totum
1611 703 1670 769 tibi
1698 705 1858 772 subiicere
1881 717 1915 772 et
1938 706 2106 774 addicere:
2141 708 2217 775 [deo

208 795 339 862 rebitur
360 801 475 859 contra
496 793 696 875 impietatem
719 814 844 869 eorum,
868 793 923 874 qui
943 801 1021 856 tuno
1040 788 1186 855 domina·
1237 808 1377 854 seorsum
1409 788 1485 856 sedi.
1542 790 1607 854 Hie
1639 789 1730 856 locus
1765 799 1880 858 notatu
1913 793 2062 876 apprime
2096 793 2215 878 dignus

208 881 335 947 bantur.
379 878 445 944 Hic
474 898 539 943 nou
573 877 702 962 plebem
735 878 898 944 duntaxat
930 877 1094 960 coarguit,
1127 873 1185 939 sad
1238 883 1297 940 est.
1342 874 1427 940 Num
1457 873 1619 959 propheta
1641 875 1862 962 lerosolymae
1890 892 1961 944 erat
1990 879 2079 944 inter
2109 901 2215 946 sacer·

207 968 295 1050 ipsos
317 985 475 1050 proceres,
499 975 598 1046 penes
617 984 697 1047 qnos
716 973 787 1030 erat
806 973 947 1045 potestas
965 974 998 1028 et
1016 959 1184 1028 iudicium.
1238 960 1340 1038 dotes,
1363 972 1397 1026 et
1418 981 1505 1026 uuus
1527 960 1624 1025 etiam
1647 981 1690 1027 ex
1712 963 1802 1047 ipsis,
1826 963 2099 1046 quemadmodum
2119 965 2215 1032 initio

207 1052 292 1119 Nam
310 1071 409 1136 quum
429 1051 580 1115 decoctu
603 1052 776 1134 impiorum
799 1050 953 1132 loquitur,
977 1045 1065 1113 haud
1087 1046 1184 1112 dubie
1237 1046 1387 1112 vidimus.
1432 1044 1593 1112 Sacerdos
1619 1047 1719 1130 igitur
1749 1069 1849 1131 quum
1880 1060 1980 1126 esset,
2014 1051 2143 1135 cogitur
2166 1051 2216 1116 di·

207 1138 358 1223 designat
385 1136 503 1219 impios
533 1135 777 1220 gubernatores.
821 1135 907 1200 Nem
934 1147 991 1202 uto
1020 1133 1184 1216 significat
1237 1133 1377 1197 sortium
1412 1133 1533 1210 iacere,
1572 1145 1606 1196 et
1639 1135 1830 1199 renuntiare
1862 1155 1994 1201 omnam
2027 1139 2214 1204 societatem

207 1244 372 1302 areanum,
396 1221 559 1305 significat
580 1223 678 1287 etism
701 1220 884 1288 concilium.
920 1221 965 1286 llt
984 1219 1094 1286 David
1112 1216 1183 1303 (seu
1236 1219 1305 1283 suis
1326 1217 1459 1302 collegis
1480 1223 1514 1282 at
1537 1216 1700 1285 iratribus.
1735 1219 1848 1300 Quum
1871 1241 1950 1305 ergo
1974 1222 2035 1287 boc
2058 1221 2214 1289 acciderit

207 1310 352 1394 quisquis
382 1308 482 1372 luerit
503 1319 599 1373 autor
620 1307 745 1374 Psalmi
774 1307 971 1391 sexagesimi
995 1304 1086 1390 noni)
1116 1324 1182 1369 non
1235 1313 1348 1370 sancto
1370 1303 1556 1388 prophetae,
1584 1324 1642 1369 our
1664 1324 1724 1371 nos
1747 1306 1920 1372 terrebunt
1942 1307 2087 1391 papistae
2109 1329 2211 1391 quum

207 1397 284 1462 dicit
306 1416 341 1461 se
362 1393 503 1460 ludibrio
526 1394 625 1460 luisse
647 1393 734 1477 apud
759 1393 926 1478 ignobiles,
957 1391 1014 1458 sed
1037 1411 1073 1456 se
1095 1388 1182 1455 deri·
1234 1389 1463 1456 dimensionem
1489 1389 1583 1454 nobis
1604 1389 1771 1468 obiiciunt,
1795 1403 1953 1476 tanquam
1975 1395 2099 1458 crimen
2124 1403 2211 1459 atro·

206 1503 278 1550 sum
301 1481 402 1547 fuisse
425 1479 466 1545 ab
489 1480 541 1545 bis
570 1479 627 1563 qui
657 1478 815 1546 sedebant
843 1479 877 1543 in
901 1488 1005 1562 porta,
1037 1477 1099 1542 hoc
1121 1485 1181 1551 cst,
1234 1475 1424 1542 pissimum?
1454 1474 1585 1540 Vocant
1608 1496 1666 1541 nos
1688 1490 1860 1560 apostatas,
1891 1479 1968 1561 quia
1998 1478 2212 1546 defecerimus

206 1589 241 1634 se
262 1566 496 1633 contumeliose
529 1570 707 1632 tractatum
740 1564 842 1631 luisse
864 1565 904 1629 ab
928 1564 1036 1646 impiis
1066 1560 1181 1627 iudici·
1234 1563 1274 1626 ab
1297 1581 1408 1626 eorum
1438 1573 1549 1627 coetu:
1583 1582 1699 1645 nempe
1727 1565 1753 1628 si
1782 1572 1930 1648 apostata
1960 1563 2022 1629 luit
2044 1564 2213 1645 Ieremias,

207 1655 277 1733 bus,
309 1673 411 1736 penes
438 1671 519 1734 quos
549 1657 621 1717 erat
648 1670 767 1735 magna
789 1650 957 1716 autoritas.
1003 1647 1060 1716 Sic
1082 1649 1181 1713 ctiam
1233 1667 1275 1712 ne
1304 1647 1424 1731 pudeat
1452 1667 1511 1712 nos
1540 1647 1633 1730 sequi
1663 1650 1733 1714 aius
1761 1649 1968 1734 exemplum:
2002 1650 2058 1716 sed
2087 1651 2115 1716 si
2137 1649 2211 1715 Dec

205 1740 266 1807 boc
288 1738 359 1806 loco
382 1748 479 1822 negat
496 1737 653 1804 Ieremias
673 1758 706 1803 se
726 1737 846 1803 sedisse
864 1737 900 1801 irs
917 1735 1043 1802 concilio
1064 1734 1181 1800 deiso-
1234 1733 1389 1817 probatus
1411 1734 1487 1809 luit,
1517 1753 1619 1816 quum
1649 1742 1759 1800 tameo
1790 1743 1961 1818 separatus
1993 1740 2082 1802 esset
2103 1747 2214 1803 atoto

204 1847 286 1892 rum.
321 1823 421 1892 Aliud
443 1833 494 1889 est
513 1824 647 1890 verbum
670 1843 768 1905 quam
789 1821 922 1887 Psalmo
945 1823 1059 1905 primo.
1094 1820 1179 1884 Nam
1233 1820 1363 1903 populo,
1387 1827 1420 1884 st
1437 1819 1546 1902 impiis
1568 1819 1666 1883 etiam
1688 1819 1927 1887 sacerdotibus:
1950 1821 2047 1886 hodia
2069 1823 2212 1905 ingenus

206 1911 363 1995 accipitur
393 1908 560 1976 interdum
590 1909 651 1975 hoc
673 1928 792 1974 nomen
815 1921 871 1976 ‘tto
893 1907 928 1973 in
951 1910 1071 1972 bouum
1105 1925 1179 1987 par·
1232 1915 1266 1970 ct
1283 1903 1446 1988 intrepide
1463 1903 1549 1970 idem
1568 1905 1738 1983 fateamur,
1762 1928 1821 1972 nos
1840 1905 2068 1974 discessionem
2087 1908 2207 1974 lesisse.

205 2009 288 2064 tem:
315 1995 447 2062 sedhic
469 1996 555 2061 male
577 2003 682 2062 sonat.
727 1994 891 2078 Loquitur
912 1993 1001 2059 enim
1023 1992 1180 2058 Ieremias
1233 1991 1322 2076 Ergo
1351 2001 1401 2058 est
1430 1989 1521 2056 nobis
1552 1989 1740 2069 divortium,
1771 1994 1959 2076 etquidem
1990 1993 2209 2060 irreconcilia-

205 2087 245 2150 de
281 2082 426 2168 profanis
465 2082 526 2146 Dei
566 2079 844 2163 contemptoribus
883 2080 939 2164 qni
975 2079 1181 2145 subsannant
1232 2077 1314 2143 bile:
1355 2089 1389 2143 et
1421 2076 1587 2144 maledicti
1620 2097 1781 2155 essemus,
1820 2079 1849 2144 si
1883 2078 2041 2144 vellemus
2061 2081 2208 2145 ‘manum

205 2168 360 2254 quidquid
385 2169 420 2232 in
443 2167 587 2233 medium
615 2167 753 2234 affertur
776 2165 839 2232 Dei
869 2163 1011 2244 nomine,
1039 2163 1180 2230 Necesse
1233 2163 1399 2248 porrigere
1429 2163 1574 2246 papistis.
1618 2162 1778 2248 Cogimur
1806 2165 1907 2248 igitur
1937 2163 2011 2230 illos
2040 2165 2148 2247 palam
2176 2177 2209 2230 et

205 2264 314 2321 autem
337 2256 399 2320 fuit
421 2264 534 2320 sancto
555 2255 626 2320 viro
648 2255 694 2318 its
721 2271 918 2335 exasperare
947 2251 1065 2333 impios
1094 2248 1179 2316 illos.
1232 2263 1346 2333 aperte
1375 2249 1558 2333 repudiare,
1588 2257 1621 2316 et
1643 2250 1776 2316 turbare
1797 2252 1906 2333 potius
1935 2250 2061 2316 coelum
2084 2264 2118 2315 et
2141 2261 2209 2316 ter·

204 2341 290 2407 Nam
313 2340 479 2424 pollebant
501 2349 535 2406 et
557 2341 663 2424 gratia
686 2347 718 2403 at
741 2337 814 2416 fide,
845 2351 878 2403 et
899 2338 1053 2421 opinione
1080 2337 1179 2400 etiam
1232 2355 1433 2419 remquam
1456 2344 1494 2401 ut
1515 2334 1580 2400 illis
1602 2336 1829 2401 assentiamur.
1874 2335 2006 2402 Scimus
2028 2333 2081 2403 hio
2102 2336 2209 2422 legem

205 2427 375 2513 gravitatis
398 2425 485 2510 apud
503 2427 674 2509 populum:
695 2423 968 2507 quomadmodum
985 2423 1106 2489 scimus
1124 2423 1179 2504 qui
1233 2421 1326 2486 nobis
1349 2421 1465 2488 dicturi
1482 2442 1503 2485 a
1520 2423 1636 2505 spiritu
1659 2433 1771 2488 sancto
1788 2442 1848 2504 per
1865 2421 2083 2488 osleramiae.
2117 2421 2209 2505 Ergo

205 2534 314 2580 rerum
348 2513 528 2598 potiuntur,
562 2509 801 2594 quodammodo
834 2511 1054 2594 perstringere
1088 2507 1179 2591 vulgi
1232 2508 1273 2572 ad
1292 2507 1481 2573 refutandas
1501 2528 1612 2573 eorum
1636 2506 1827 2587 calumnias,
1850 2507 1904 2590 qni
1926 2508 2019 2573 nobis
2041 2507 2209 2574 discessio·

203 2600 314 2666 oculos
346 2619 406 2665 suo
435 2597 619 2681 splendore.
671 2596 724 2662 Ita
753 2616 854 2679 quum
888 2595 1000 2662 lucum
1033 2593 1179 2660 facerent
1232 2614 1309 2659 nem
1339 2593 1512 2674 obiiciunt,
1545 2592 1686 2660 sufficiat
1719 2593 1773 2659 hic
1804 2593 1903 2660 locus.
1956 2593 2028 2677 Ego
2062 2614 2210 2659 seorsum

204 2685 414 2768 simplicibus,
449 2684 608 2768 propheta
631 2683 756 2748 larvam
786 2681 852 2748 illis
874 2680 1028 2759 detraxit,
1057 2700 1099 2745 ex
1121 2701 1179 2761 op·
1232 2678 1316 2760 sedi,
1348 2699 1465 2745 verum
1495 2689 1562 2744 est:
1596 2693 1628 2744 et
1659 2692 1768 2744 tamen
1803 2700 1867 2744 non
1898 2699 1985 2744 unus
2019 2679 2082 2746 hoc
2113 2678 2209 2744 bodie

205 2773 311 2855 posito
344 2769 491 2838 clamans
523 2789 556 2835 se
581 2790 643 2835 cors
672 2767 789 2834 sedisse
816 2769 853 2832 io
881 2767 1010 2833 morum
1041 2767 1178 2850 macilis,
1232 2765 1326 2831 dicet.
1372 2765 1458 2830 Nam
1482 2766 1644 2830 Dominus
1673 2765 1805 2848 collegit
1834 2764 1897 2830 sibi
1925 2773 1959 2829 et
1980 2763 2102 2830 multos
2131 2763 2208 2830 doo-

203 2878 299 2941 neque
330 2856 512 2922 esmllusee.
557 2855 725 2922 Describit
756 2863 865 2918 autem
898 2856 1042 2936 ipsorum
1073 2873 1180 2918 mores
1232 2861 1330 2930 tores,
1360 2863 1393 2916 et
1415 2850 1526 2933 plures
1555 2851 1653 2915 etium
1682 2849 1864 2933 discipulos.
1911 2849 2001 2933 Ergo
2025 2851 2087 2931 qui
2111 2849 2208 2916 hodie

204 2955 237 3008 et
259 2943 440 3026 ingenium,
471 2941 526 3008 ubi
556 2951 656 3025 negat
678 2961 714 3006 se
737 2941 837 3006 luisse
864 2940 929 3005 illis
960 2937 1177 3005 coniunctum.
1232 2939 1429 3020 profitentur
1451 2935 1659 3018 evangelium
1683 2955 1748 3000 non
1770 2934 1886 3002 sedent
1907 2935 1978 3012 soli,
2001 2935 2207 3018 quemadmo-

206 3028 378 3114 Signiflout
399 3028 501 3112 igitur
523 3047 588 3104 eos,
619 3045 812 3110 quacunque
834 3023 995 3110 dignitate
1025 3024 1179 3108 polleant,
1233 3024 1312 3088 dum
1335 3021 1502 3088 Ieremias.
1547 3022 1648 3104 Atqui
1676 3032 1842 3105 utcunque
1872 3040 1984 3086 omnes
2013 3022 2120 3103 ipsum
2150 3023 2208 3086 de·

204 3127 313 3181 tamen
347 3133 418 3179 esse
450 3114 567 3196 impios
597 3112 661 3178 Dei
696 3121 953 3193 contemptores,
986 3119 1021 3176 et
1050 3120 1179 3174 tantum
1232 3115 1395 3174 sererent:
1426 3127 1491 3172 non
1519 3107 1680 3173 dubitarit
1711 3119 1820 3172 tamen
1843 3127 1878 3172 se
1899 3105 1941 3171 ab
1961 3106 2114 3171 omnibus
2143 3106 2208 3173 dis-

204 3200 330 3266 ludera:
353 3200 448 3266 sicuti
466 3198 562 3265 bodie
580 3199 729 3283 cogimur
747 3207 835 3262 recta
856 3196 1015 3280 impetere
1037 3195 1179 3261 larvatos
1232 3195 1378 3277 iungere.
1422 3191 1488 3260 Sed
1511 3194 1540 3259 si
1561 3213 1642 3277 opus
1663 3203 1750 3259 esset
1771 3211 2036 3275 unumquemque
2058 3199 2208 3258 nostrum

204 3289 282 3354 istos
304 3287 549 3370 gubernatores,
579 3285 635 3368 qui
658 3284 765 3348 inflati
788 3295 864 3349 sunt
886 3302 946 3347 sua
968 3281 1124 3365 potentia,
1146 3289 1180 3346 et
1232 3301 1303 3347 esse
1335 3291 1540 3363 separatum,
1573 3287 1606 3344 ot
1638 3298 1784 3345 seorsum
1817 3279 1948 3357 vivere,
1980 3279 2010 3343 si
2043 3278 2208 3344 Dominus

204 3372 360 3458 populum
393 3371 491 3436 etiam
526 3370 619 3454 quasi
656 3369 851 3435 fascinatum
886 3377 1007 3434 teuent.
1064 3366 1180 3450 Neque
1231 3365 1380 3450 singulos
1402 3365 1603 3449 dispergeret
1625 3385 1682 3447 per
1699 3385 1814 3430 omncs
1831 3362 1944 3429 mundi
1964 3363 2086 3448 plagas,
2106 3365 2153 3429 ita
2172 3375 2209 3428 ut

204 3459 293 3524 enim
322 3477 423 3540 usque
446 3455 526 3522 adeo
549 3465 699 3538 proterve
728 3453 872 3519 illudunt
895 3454 965 3519 Deo
987 3474 1121 3519 scurrae
1142 3453 1178 3519 in
1231 3473 1328 3518 nemo
1350 3463 1459 3536 posset
1480 3450 1619 3518 alterum
1645 3451 1839 3516 confirmare
1869 3460 1901 3514 et
1923 3449 2064 3515 bertari:
2096 3459 2207 3514 mmen

204 3545 318 3629 ganeis
340 3553 372 3607 et
394 3543 560 3625 cauponis,
594 3541 690 3607 sicuti
720 3541 844 3606 iaciunt
872 3540 970 3606 aulici
998 3539 1064 3603 illi:
1098 3539 1178 3605 dum
1230 3538 1384 3605 standum
1403 3547 1490 3604 esset
1507 3539 1540 3602 in
1556 3535 1619 3602 hac
1636 3537 1830 3616 constantia,
1852 3535 1937 3619 quod
1960 3535 2056 3600 hodie
2074 3547 2208 3618 proptor

204 3631 390 3696 consultant
423 3629 464 3694 de
496 3638 585 3694 statu
620 3627 720 3692 totius
756 3640 876 3705 tarrae,
910 3637 944 3690 et
977 3626 1105 3710 agitant
1138 3626 1178 3692 de
1229 3643 1364 3690 manum
1384 3621 1446 3690 Dei
1464 3643 1611 3688 seorsum
1634 3622 1815 3688 sedeamus.
1849 3620 1898 3687 Dr
1921 3642 1940 3686 o
1962 3621 2110 3706 papistae
2132 3641 2208 3686 ocn-

202 3717 352 3782 omnibus
381 3714 538 3797 imperiis,
568 3713 724 3778 videntur
746 3711 814 3778 illic
838 3710 957 3779 habero
986 3712 1046 3778 sub
1077 3731 1176 3776 manu
1230 3723 1409 3792 querantur
1431 3721 1469 3773 ut
1491 3709 1595 3775 velint
1618 3728 1677 3773 ons
1706 3729 1777 3774 esse
1806 3643 1972 3790 superbos,
2002 3717 2035 3771 et
2057 3705 2207 3772 turbasse

203 3824 261 3868 sua
291 3813 393 3865 totam
421 3800 486 3866 Dei
514 3801 703 3883 potentiam.
748 3797 883 3863 Interea
915 3809 1024 3862 autem
1055 3798 1177 3863 scimus
1230 3816 1341 3878 pacem
1365 3795 1466 3859 totius
1489 3795 1585 3871 orbis,
1608 3792 1704 3859 modo
1725 3792 1818 3860 nobis
1835 3794 1869 3858 in
1888 3803 2041 3876 promptu
2063 3792 2108 3856 sit
2125 3791 2207 3859 buco

203 3908 257 3954 eos
286 3888 385 3969 impie
415 3885 537 3951 ludere.
582 3884 668 3950 Nam
698 3884 791 3949 aulas
820 3883 1006 3966 principum
1037 3884 1093 3947 vix
1116 3903 1177 3947 uu·
1231 3880 1409 3964 responsio,
1440 3899 1499 3945 nos
1521 3890 1649 3946 tantum
1672 3900 1818 3946 seorsum
1844 3878 1966 3944 sedisse
1988 3882 2118 3960 propter
2139 3898 2207 3942 mc·

203 3995 299 4058 quam
333 3971 517 4056 ingreditur
549 3973 670 4055 pietas,
704 3990 741 4034 ae
774 3970 838 4034 Dei
871 3968 1074 4046 reverentia,
1110 3969 1178 4032 imo
1229 3971 1425 4045 sumtuum,
1453 3965 1515 4030 boo
1537 3975 1595 4042 est,
1624 3967 1777 4048 qnoniam
1801 3963 1964 4030 voluimus
1987 3985 2101 4047 parare
2123 3962 2205 4040 Deo,

203 4059 394 4143 praesertim
435 4059 467 4120 iu
508 4057 573 4122 illis
613 4055 835 4123 conciliabulis
875 4062 991 4136 regnat
1031 4053 1178 4119 diabolus
1230 4062 1263 4118 et
1285 4051 1377 4135 sequi
1398 4051 1506 4134 ipsum
1529 4063 1710 4127 vocantem,
1740 4049 1827 4115 unde
1849 4069 2022 4132 possumus
2044 4048 2206 4131 intrepide

203 4146 294 4229 quasi
326 4144 496 4225 desperato
525 4143 631 4208 modo.
676 4139 833 4225 Cogimur
860 4160 938 4224 ergo
960 4159 1057 4223 saepe
1080 4138 1177 4205 valre-
1230 4149 1262 4204 et
1284 4157 1398 4204 secure
1425 4157 1580 4218 spernere
1602 4159 1639 4204 ac
1661 4136 1768 4202 ridere
1797 4137 1908 4200 omnia
1936 4134 2056 4220 probra
2087 4135 2205 4217 quibus

203 4230 347 4296 mentius
370 4227 607 4294 excandescere
630 4227 788 4294 adversus
812 4225 991 4291 nebulones
1013 4224 1096 4303 illos,
1122 4226 1178 4308 qui
1230 4243 1290 4289 nos
1312 4222 1395 4289 ialsc
1418 4234 1570 4306 gravant.
1613 4222 1734 4288 Postea
1755 4221 1923 4304 adiungit,
1950 4219 2033 4302 Quia
2053 4226 2089 4285 tu
2108 4221 2205 4303 reple-

203 4318 284 4384 lalso
311 4315 372 4381 sibi
403 4322 564 4396 usurpant
591 4313 656 4378 Dei
688 4333 819 4389 nomen,
853 4320 886 4377 et
915 4311 977 4376 hoo
1005 4321 1177 4395 praetextu
1230 4311 1305 4376 cicli
1320 4329 1369 4376 tue
1382 4309 1605 4392 indignatione.
1635 4306 1818 4373 Oculirmat
1835 4306 1920 4391 quod
1941 4305 2090 4391 proximo
2107 4326 2205 4372 versu

203 4403 355 4469 miseram
384 4399 513 4483 plebem
543 4398 717 4481 decipiunt.
763 4399 836 4464 Hac
859 4397 959 4463 etiam
983 4397 1178 4464 necessitate
1231 4396 1322 4473 dixit,
1347 4415 1463 4478 nempe
1482 4416 1516 4460 se
1531 4393 1710 4460 comedisse
1727 4413 1909 4459 sermonem
1922 4393 2002 4458 Dei:
2025 4413 2090 4456 non
2107 4392 2205 4458 luisse

203 4486 362 4572 impulsus
385 4484 636 4562 tristaremini,
664 4496 702 4549 ut
724 4492 860 4569 uegarm
882 4505 918 4549 se
940 4483 1039 4550 fuisse
1061 4484 1094 4548 in
1118 4483 1177 4549 tali
1230 4482 1408 4566 impulsum
1431 4482 1497 4545 leri
1519 4479 1628 4562 aliquo
1650 4489 1757 4544 motu:
1789 4479 1846 4544 sed
1873 4480 2026 4563 quoniam
2050 4478 2119 4544 nelo
2142 4478 2206 4544 Dei

204 4594 365 4640 consessu.
411 4573 531 4638 Postea
560 4569 667 4648 addit,
704 4569 838 4652 Propter
866 4589 996 4636 morsm
1023 4574 1112 4636 tucca
1144 4567 1178 4650 (a
1229 4586 1384 4634 accensus
1406 4567 1515 4632 luerit.
1554 4565 1667 4648 Neque
1690 4565 1778 4630 enim
1799 4585 1975 4648 possumus
1997 4563 2129 4631 cordate
2151 4585 2206 4629 ex·

204 4659 388 4743 praesentia
411 4679 528 4723 muniis
551 4654 638 4740 tuae)
667 4675 807 4722 seorsum
826 4657 903 4739 sedi,
933 4656 1012 4738 quic
1032 4655 1178 4738 indigae-
1229 4655 1322 4736 sequi
1345 4661 1454 4736 partes
1478 4650 1570 4716 nobis
1593 4651 1773 4728 mandatas,
1805 4651 1868 4716 nisi
1891 4652 1993 4717 simus
2016 4650 2132 4733 repleti
2154 4649 2205 4713 in·

202 4745 282 4811 tione
303 4744 461 4827 replevisti
481 4763 539 4809 me.
584 4742 650 4808 Hic
672 4741 829 4807 Ieremias
856 4743 977 4807 latetur
998 4762 1033 4807 se
1056 4739 1176 4806 disces·
1229 4738 1426 4822 dignatione,
1460 4737 1521 4803 hoe
1544 4749 1602 4817 est,
1636 4738 1699 4803 nisi
1721 4737 1811 4803 aelus
1834 4737 1898 4803 Dei
1928 4747 2002 4803 urat
2025 4755 2083 4801 nos
2104 4735 2205 4810 intus,

203 4833 328 4897 sionem
355 4828 484 4911 quidem
515 4829 628 4895 iecisse
651 4849 670 4892 a
693 4828 826 4911 populo,
856 4829 912 4893 sed
936 4827 1088 4910 quoniam
1112 4849 1175 4892 nou
1229 4827 1306 4908 quia
1332 4823 1559 4908 propheticum
1590 4845 1710 4889 munus
1743 4823 1882 4906 requirit
1915 4822 2012 4888 talem
2044 4817 2204 4884 ardorem.

128 4916 131 4924 ’
204 4925 331 5002 potarat
360 4914 455 4980 aliter
478 4915 550 4981 Deo
576 4915 718 4998 obsequi.
763 4913 849 4980 Nam
878 4935 1014 4979 manum
1043 4912 1175 4996 quidam
1229 4911 1347 4977 Postea
1369 4908 1469 4988 addit,

204 5006 461 5085 interpretantur
483 5001 698 5085 prophetiam,
721 4998 777 5064 alii
800 5019 878 5063 vero
902 4999 1046 5083 plagam:
1075 5008 1108 5063 et
1129 5000 1177 5064 ita

204 5108 301 5170 saepe
330 5086 486 5168 accipitur
516 5088 745 5170 metaphorice.
790 5083 858 5151 Sed
888 5085 1027 5150 libenter
1055 5085 1176 5168 accipio
1314 5081 1365 5147 18.
1400 5080 1440 5148 Ut
1461 5080 1540 5163 quid
1561 5081 1620 5146 erit
1640 5078 1729 5145 dolor
1755 5098 1842 5144 meus
1869 5078 1964 5160 sortis
1991 5073 2056 5153 (vel
2080 5076 2205 5164 durus),

203 5195 261 5259 pro
284 5173 433 5257 imperio:
460 5171 590 5255 Propter
610 5191 738 5239 meum
759 5177 846 5237 luam
867 5170 1011 5253 Domine,
1034 5171 1095 5236 hoc
1118 5180 1177 5251 est,
1228 5174 1254 5233 et
1270 5167 1370 5252 pleps
1391 5186 1460 5233 meu
1481 5187 1578 5250 aegra
1600 5165 1669 5252 (aut
1693 5165 1811 5248 valida,
1838 5171 1896 5228 sut
1919 5162 2119 5240 insanabilis,
2149 5162 2205 5228 dc·

204 5261 293 5412 tlt
309 5267 542 5409 ttltttlt
561 5257 1039 5427 .l¹t.td,t¹¹.¹trttttttt
1072 5277 1176 5426 ”tlt
1229 5255 1307 5426 litt
1325 5248 2207 5421 tlt¹¹²..l¹⁰.⁰ttt..t⁰tt.ltttlltttl'ttt

1952 5436 2002 5491 15*

629 5581 638 5627 l
