5158 6124
366 437 431 503 475
1032 429 1037 442 ’
1179 424 1566 494 rainusorrorvus
2306 423 2372 490 sve
2409 491 2422 510 ,

366 626 563 712 gravitatem
594 619 756 688 malorum
786 637 931 684 snorum.
976 612 1067 698 Ergo
1095 611 1136 677 cd
1167 633 1283 678 verum
1311 622 1344 679 et
1391 613 1469 688 ,Non
1492 614 1626 680 dubium
1647 625 1697 681 est
1714 612 1795 698 quin
1814 611 1875 679 hoc
1896 615 1993 679 verbo
2015 615 2207 680 confirmare
2229 613 2372 680 voluerit

331 761 335 770 .
366 712 534 778 sincerum
562 707 782 792 poenitentiae
811 701 955 770 studium
986 699 1168 782 requiritur
1198 697 1260 764 hoc
1289 720 1344 783 pe-
1397 699 1554 783 propheta
1574 701 1660 782 quod
1684 700 1762 776 dixi,
1789 719 1907 781 nempe
1928 697 2144 764 idololatriam
2167 719 2238 764 esse
2259 719 2372 764 coram

366 797 490 864 euliare
513 815 662 868 examen,
686 798 724 856 ut
746 790 882 874 quisque
896 787 1021 855 scilicet
1036 785 1215 868 resipiscat,
1239 805 1344 866 noque
1397 787 1468 850 Dec
1489 786 1596 852 scelus
1618 785 1832 852 intolerabile.
1874 785 1920 850 llt
1941 784 2040 849 simul
2062 783 2205 850 ostendit
2227 805 2282 850 eos
2304 805 2371 850 con

368 882 521 966 respiciat
543 881 646 947 socios
669 896 755 943 suos.
790 874 901 957 Quum
920 873 1006 950 dicit,
1029 871 1178 938 Habitute
1197 870 1232 934 in
1249 875 1344 952 tarra,
1396 891 1547 955 peccasse
1576 871 1714 953 inscitie,
1744 869 1896 953 quoniam
1927 870 2058 935 tuerent
2080 871 2114 935 in
2137 881 2284 953 tompore
2314 870 2373 937 ad·

368 967 497 1034 tametsi
521 965 637 1031 modus
661 963 753 1028 verbi
783 971 833 1028 est
862 958 1097 1042 imperativus,
1127 961 1239 1020 tamen
1270 976 1343 1039 pro·
1397 956 1515 1022 moniti
1537 957 1577 1023 de
1600 957 1771 1024 atrocitate
1801 955 1941 1022 sceleris
1987 954 2083 1036 Quod
2110 977 2188 1041 ergo
2212 975 2275 1021 ucu
2299 955 2372 1022 des·

367 1054 480 1120 missio
502 1061 552 1118 est
581 1072 645 1134 qua
668 1047 760 1115 Deus
789 1048 932 1114 affirmat
960 1065 995 1110 se
1024 1052 1175 1127 paratum
1206 1042 1274 1107 lore
1303 1041 1344 1106 ad
1398 1044 1534 1107 titerant
1556 1064 1577 1108 a
1598 1043 1668 1109 suis
1690 1040 1988 1125 superstitionibus,
2017 1041 2052 1104 in
2074 1061 2112 1106 eo
2133 1041 2271 1108 movisti
2301 1042 2373 1107 fue·

367 1138 573 1222 recipiendos
594 1135 734 1202 Iudaeos
755 1134 960 1218 ingratiam,
983 1127 1344 1211 modoipsiexanimo
1397 1139 1476 1192 runt
1504 1128 1655 1195 diabolici
1687 1129 1817 1204 luroris,
1850 1125 1981 1211 quando
2011 1148 2075 1191 non
2105 1129 2202 1192 veriti
2235 1127 2373 1192 luerunt

367 1226 515 1292 redeant
567 1221 766 1307 Symbolum
799 1218 928 1303 paterni
962 1217 1012 1281 sui
1040 1215 1162 1280 favoris
1192 1215 1345 1297 proponit
1396 1213 1507 1279 Deum
1530 1215 1564 1278 in
1587 1236 1623 1281 se
1645 1234 1829 1298 provocare.
1875 1211 1983 1293 Dicit,
2016 1209 2060 1278 Iu
2087 1233 2176 1293 opere
2204 1232 2373 1278 munaum:

368 1323 477 1378 terrae
510 1309 755 1375 habitationem.
809 1305 897 1371 Nam
931 1311 1020 1368 terra
1055 1301 1113 1366 illa
1149 1310 1219 1366 erat
1252 1300 1345 1382 quasi
1398 1309 1431 1364 et
1453 1302 1498 1364 ita
1520 1302 1747 1383 contemptim,
1778 1297 1832 1364 vel
1854 1299 2008 1380 probrose
2031 1297 2141 1380 potius
2163 1298 2309 1381 loquitur
2332 1296 2374 1365 de

368 1398 489 1482 pignus
510 1394 713 1478 adoptionis:
736 1405 770 1456 et
792 1389 914 1468 Iudaei,
937 1408 1040 1472 quum
1057 1387 1124 1452 illic
1147 1384 1344 1464 habitarent,
1397 1385 1501 1452 idolis.
1536 1386 1625 1451 Deos
1644 1384 1815 1467 vocabant,
1840 1405 1906 1449 non
1929 1383 2007 1466 quia
2028 1385 2192 1450 nescirent
2213 1406 2283 1450 esse
2305 1392 2373 1450 sta·

367 1489 520 1566 poterant
549 1489 692 1546 statuere
721 1476 831 1543 Deum
859 1475 921 1542 sibi
948 1495 1019 1540 esse
1046 1480 1183 1556 patrem.
1232 1470 1345 1554 Addit,
1398 1481 1472 1536 tuas
1494 1472 1687 1538 fabrefactas
1706 1493 1748 1537 ex
1766 1471 1856 1554 ligno
1875 1479 1908 1535 et
1924 1467 2042 1552 lapide,
2066 1468 2119 1534 vel
2138 1469 2202 1535 alia
2219 1471 2372 1536 materia:

368 1569 403 1635 A
430 1567 554 1633 soeculo
585 1585 684 1647 usque
711 1565 747 1630 iu
776 1562 947 1629 saccutum:
983 1560 1074 1642 quusi
1103 1558 1235 1635 diceret,
1269 1557 1344 1622 Non
1397 1557 1453 1626 sed
1478 1565 1586 1622 tamm
1610 1557 1771 1642 putabant
1793 1555 1999 1623 divinitatem
2023 1554 2090 1622 illio
2109 1577 2179 1622 esse
2201 1555 2374 1634 inclusam,

369 1675 435 1720 nno
458 1661 584 1718 tantum
609 1651 672 1728 die,
700 1649 754 1716 vel
784 1658 930 1731 tempore
962 1648 1082 1729 exiguo
1108 1651 1244 1727 paratus
1272 1664 1344 1708 sum
1398 1644 1552 1726 quoniam
1574 1663 1767 1726 persuasum
1789 1641 1955 1719 illiserat,
1978 1640 2088 1706 Deum
2111 1641 2172 1706 hoo
2193 1641 2290 1707 modo
2312 1645 2375 1708 rite

368 1738 462 1806 vebis
484 1737 684 1812 benefacere,
706 1733 765 1802 eed
788 1754 966 1818 prosequor
983 1731 1121 1815 gratiam
1140 1749 1248 1794 meam
1267 1749 1346 1812 erga
1398 1728 1468 1796 coli.
1521 1729 1552 1794 N
1554 1749 1617 1794 uno
1649 1729 1751 1813 igitur
1785 1735 1879 1794 vocat
1912 1725 2070 1809 propbeta
2103 1747 2182 1808 opus
2212 1748 2374 1810 mesum,

369 1845 430 1891 vos
452 1845 473 1890 u
495 1819 974 1903 recompensassent».
1019 1818 1163 1882 Tantum
1186 1834 1264 1898 ergo
1287 1835 1347 1898 per
1398 1816 1491 1899 quasi
1519 1815 1658 1894 diceret,
1692 1813 1730 1879 si
1754 1813 1869 1880 ludaei
1891 1813 1953 1896 ipsi
1976 1811 2059 1876 nihil
2080 1813 2162 1888 sint,
2195 1812 2281 1878 idola
2303 1835 2375 1880 esse

368 1931 428 1977 vos
450 1910 569 1990 stabit,
603 1908 779 1991 quominus
801 1906 911 1972 felices
933 1902 1015 1983 sitis,
1049 1910 1083 1968 ct
1105 1901 1243 1967 felicitas
1265 1900 1346 1967 haec
1398 1903 1507 1966 minue
1537 1921 1637 1982 quam
1672 1900 1764 1979 nihil,
1799 1898 1875 1982 quia
1903 1898 1970 1963 sint
1998 1919 2081 1982 opus
2111 1919 2267 1964 manuum
2291 1900 2374 1964 dun·

367 2003 516 2062 transeat
539 2017 557 2060 a
580 1993 674 2060 vobis
697 1992 738 2059 ad
766 1991 853 2057 filios
875 1998 1003 2056 vestros
1025 1995 1058 2052 et
1082 1996 1226 2070 nepotes.
1271 1985 1346 2067 Quo
1399 1996 1502 2052 taxat.
1546 1987 1592 2052 Et
1614 1985 1668 2050 hio
1690 1985 1843 2072 loquendi
1867 1984 1983 2049 modus
2013 1983 2201 2066 frequenter
2230 1985 2374 2052 occurrit

368 2091 477 2148 autem
503 2079 629 2148 dulcior
651 2087 701 2146 est
722 2077 803 2144 haee
824 2077 985 2153 invitatio,
1017 2095 1054 2140 eo
1077 2073 1182 2156 magis
1205 2072 1345 2138 detesta-
1399 2071 1485 2155 apud
1509 2072 1701 2155 prophetas:
1723 2091 1789 2154 quo
1811 2069 1885 2136 vult
1903 2068 1996 2136 Deus
2018 2080 2171 2136 excutere
2193 2070 2375 2136 socordiam

369 2167 445 2234 bilis
467 2167 529 2232 tuit
549 2166 700 2249 impietas
722 2163 844 2247 populi,
867 2159 1137 2246 quemadmodum
1161 2163 1276 2241 postea
1298 2157 1346 2222 di·
1398 2158 1603 2239 homiuibus,
1648 2158 1702 2240 qui
1741 2157 1978 2241 obstupescunt
2014 2155 2050 2219 in
2087 2157 2155 2221 suis
2193 2156 2373 2241 figmentis.

368 2261 473 2319 oetrm.
518 2251 612 2318 Nune
635 2250 797 2334 adiungit,
1399 2243 1504 2325 Quasi
1529 2244 1668 2322 diceret,
1698 2241 1737 2312 Si
1759 2263 1824 2324 qua
1845 2250 1940 2325 gutta
1961 2260 2060 2308 sanae
2081 2240 2316 2325 intelligentiae
2340 2243 2375 2308 in

1399 2329 1491 2396 vobis
1518 2339 1621 2411 esset,
1650 2349 1760 2394 annon
1789 2327 1916 2394 sciretis
1937 2325 1998 2392 hoc
2020 2347 2091 2392 esso
2113 2346 2194 2411 epos
2215 2348 2376 2394 manuum

456 2425 487 2489 6.
511 2422 557 2490 Et
576 2443 615 2488 rte
636 2421 802 2488 ambuletis
817 2424 892 2502 post
912 2419 983 2486 deos
1004 2417 1124 2482 ulmeos
1150 2417 1193 2482 ed
1214 2416 1347 2484 sermea
1399 2426 1584 2482 vestrarum
1607 2416 1695 2496 quod
1717 2411 1846 2480 colitis?
1870 2411 1948 2495 quid
1966 2419 2076 2478 autem
2098 2420 2237 2498 possunt
2256 2434 2376 2478 manus

369 2510 446 2575 ἀωη
467 2510 566 2590 ipsis,
596 2513 625 2572 et
652 2509 696 2574 ud
717 2526 773 2572 uos
800 2504 1031 2572 intereundum
1055 2522 1161 2568 uorum
1191 2502 1273 2583 ipsis
1299 2499 1346 2585 (id
1400 2499 1552 2567 vestrae?
1576 2502 1710 2584 quinam
1729 2500 1806 2567 estis
1822 2497 1900 2565 vos?
1922 2497 2020 2563 Nunc
2040 2508 2187 2564 tenemus
2205 2498 2376 2562 consilium

368 2603 431 2674 ast,
455 2593 497 2658 ad
519 2614 574 2658 eos
596 2589 804 2676 adorandos),
832 2595 860 2657 et
883 2611 921 2656 rte
939 2589 1111 2670 monetatis
1132 2606 1180 2652 me
1201 2588 1237 2651 tu
1257 2592 1348 2668 opere
1399 2587 1578 2670 prophetae
1596 2588 1630 2651 in
1649 2586 1711 2651 hoe
1726 2584 1834 2650 verbo.
1869 2584 1995 2648 Iterum
2013 2584 2184 2666 promissio
2205 2585 2375 2667 repetitur,

368 2699 523 2747 muttum
544 2683 729 2762 maturum,
751 2681 779 2742 et
799 2695 862 2744 uun
883 2674 1081 2756 emissarium
1101 2671 1196 2739 outre.
1401 2672 1477 2738 Nos
1497 2669 1697 2753 molesmo
1718 2671 1814 2736 tobia.
1858 2669 1946 2736 Nam
1969 2668 2020 2734 his
2044 2669 2152 2734 verbis
2183 2671 2376 2752 pronuntiat

1400 2756 1492 2824 Deus
1513 2759 1677 2823 immunes
1695 2756 1766 2823 fore
1781 2757 1821 2822 ab
1837 2756 1925 2820 omni
1944 2753 2093 2820 molestia
2111 2765 2144 2820 et
2159 2755 2377 2835 incommode,

457 2850 523 2918 Hic
553 2848 695 2933 speeiem
726 2868 827 2913 unam
857 2846 1017 2931 propheta
1047 2844 1152 2926 ponit.
1202 2843 1348 2908 Tametsi
1400 2842 1607 2909 eimanoent
1628 2843 1664 2907 in
1683 2863 1761 2910 vera
1783 2842 1914 2925 pietatis
1936 2839 2066 2924 regula:
2089 2849 2124 2906 et
2140 2841 2185 2908 ite
2203 2841 2378 2924 signifieat,

372 2938 462 3002 enim
483 2933 598 3002 Iudaei
620 2932 771 3017 pluribus
793 2933 908 3010 modis,
931 2939 965 2996 et
987 2950 1087 3013 prope
1109 2930 1247 2996 infinitis
1263 2929 1347 2995 iram
1400 2927 1556 3012 quidquid
1578 2928 1739 2995 malorum
1762 2927 1903 2994 antehac
1925 2925 2013 3008 paesi
2035 2926 2173 3002 tuerent,
2203 2939 2237 2992 et
2258 2926 2377 2995 deinde

372 3021 437 3088 Dei
458 3021 491 3087 in
515 3041 551 3090 se
572 3019 799 3099 accenderant,
822 3028 934 3084 tamen
948 3015 1235 3100 superstitionibus
1257 3035 1349 3098 prae-
1402 3015 1529 3098 pessuri
1559 3021 1644 3094 sunt,
1678 3034 1745 3079 non
1768 3033 1862 3096 posse
1891 3012 2045 3094 imputari
2075 3013 2138 3077 nisi
2166 3031 2277 3076 eurum
2301 3033 2377 3096 per·

372 3108 467 3190 cipue
499 3107 740 3174 accersiverant
781 3105 843 3170 sibi
875 3104 1011 3187 gravius
1042 3101 1207 3168 iudicium.
1263 3100 1348 3166 Nam
1402 3100 1557 3168 vicaoiae:
1593 3099 1672 3184 quia
1700 3099 1787 3164 ultro
1816 3097 1981 3183 pellicitus
2009 3098 2117 3164 inerat
2140 3098 2230 3164 Deus
2253 3119 2287 3164 so
2309 3097 2377 3164 illis

373 3190 564 3267 scortando,
608 3189 750 3258 furando
787 3200 820 3255 et
859 3187 1015 3271 rapiendo
1058 3186 1238 3270 prodebant
1277 3186 1348 3269 qui·
1402 3206 1585 3270 parsurum,
1609 3184 1704 3252 modo
1727 3185 1923 3253 desisterent
1940 3204 1961 3248 a
1979 3183 2047 3249 suis
2064 3183 2250 3250 sceleribus.
2282 3182 2377 3249 Hace

374 3276 448 3342 dem
469 3283 697 3357 contemptum
713 3275 788 3353 Dei,
810 3271 868 3340 sed
890 3278 1047 3340 nontam
1071 3272 1202 3338 directe.
1236 3270 1349 3352 Quum
1402 3281 1511 3339 autam
1533 3292 1608 3355 spes
1631 3270 1725 3336 debet
1756 3291 1814 3336 noe
1844 3269 1987 3335 maxime
2018 3270 2166 3336 animare
2193 3268 2234 3334 ad
2263 3269 2378 3351 resipi-

374 3371 485 3430 sutem
512 3381 584 3428 sese
615 3358 656 3425 ad
686 3360 936 3443 superstitiones
964 3357 1112 3442 gentium
1142 3359 1349 3440 proiiesrsnt,
1402 3358 1571 3436 scentiam,
1605 3357 1659 3422 ubi
1690 3355 1839 3422 videmus
1869 3356 1977 3421 Deum
2007 3355 2100 3421 nobis
2130 3375 2309 3438 occurrere,
2344 3362 2379 3420 et

373 3447 434 3515 boo
456 3445 554 3514 modo
568 3445 778 3512 excutiebant
793 3445 909 3530 iugum
926 3444 999 3525 Dei,
1017 3463 1055 3510 ac
1069 3443 1098 3509 si
1113 3443 1220 3526 palam
1240 3444 1351 3508 testati
1402 3465 1559 3528 quaerere
1592 3442 1891 3508 reconciliationem
1923 3440 2108 3506 nobiseum:
2142 3440 2258 3506 deinde
2292 3440 2379 3506 velle

373 3540 487 3601 essent
509 3553 574 3600 uon
598 3532 738 3616 emplius
761 3530 822 3598 sibi
845 3531 914 3597 iore
935 3530 970 3595 in
993 3529 1113 3596 Deum.
1152 3528 1200 3596 Et
1220 3529 1351 3610 scimus,
1401 3529 1549 3596 oblivisci
1581 3529 1730 3596 emnium
1766 3528 1926 3602 scelerum
1964 3535 2166 3604 nostrorum,
2206 3525 2302 3591 modo
2336 3525 2380 3594 ad

367 3619 448 3686 ,Deo
469 3616 554 3684 nihil
572 3637 643 3685 csse
660 3617 842 3699 pretiosius,
866 3635 964 3698 quam
982 3635 1102 3699 purum
1122 3623 1154 3679 et
1171 3613 1352 3700 legitimum
1403 3615 1510 3696 ipsum
1534 3613 1707 3680 redeamus
1729 3635 1771 3680 ex
1795 3614 1915 3690 animo,
1941 3621 1980 3676 ut
2002 3612 2058 3695 qui
2081 3633 2145 3676 non
2169 3612 2232 3678 nisi
2254 3613 2380 3678 invitus

373 3704 506 3786 pietatis
527 3702 692 3770 studium:
713 3713 748 3770 et
763 3702 837 3772 ideo
859 3701 967 3785 priore
989 3701 1070 3786 legis
1093 3700 1204 3766 tabula
1222 3699 1263 3766 ad
1282 3701 1352 3766 eius
1402 3700 1444 3766 ad
1467 3719 1589 3783 poenas
1621 3700 1800 3785 exigendae
1832 3697 1989 3784 procedit.
2033 3697 2125 3784 Ergo
2154 3697 2231 3764 hinc
2258 3699 2378 3764 iterum

374 3789 501 3856 cultum
530 3788 716 3854 instituitur
744 3787 888 3854 eeclesia.
933 3787 1026 3856 Hace
1055 3786 1140 3854 ratio
1170 3786 1272 3872 igitur
1301 3792 1353 3854 est
1403 3785 1538 3870 gravius
1566 3785 1772 3852 convincitur
1792 3784 1904 3869 pepuli
1931 3783 2088 3865 impietas,
2121 3782 2208 3866 quod
2230 3804 2298 3853 non
2322 3805 2379 3866 po·

371 3893 434 3944 cur
455 3874 616 3960 propheta
637 3873 781 3948 maxime
802 3879 1043 3952 commemoret,
1070 3871 1210 3939 Iudaeos
1232 3871 1294 3938 hac
1316 3871 1352 3937 in
1403 3871 1467 3936 tuit
1499 3869 1673 3938 admittere
1706 3875 1775 3936 tem
1807 3869 1982 3955 optabilem
2015 3870 2156 3954 gratim
2188 3868 2262 3936 Dei.
2315 3869 2378 3935 Se·

373 3966 468 4044 parte
490 3959 592 4026 tuisse
614 3958 686 4026 Deo
715 3957 869 4036 rebelles,
901 3957 987 4041 quod
1015 3977 1081 4024 non
1110 3963 1238 4042 poterat
1265 3959 1351 4041 ipsos
1403 3958 1524 4041 quitur,

373 4065 529 4114 revocare
551 4065 571 4108 a
592 4045 703 4129 pravis
725 4042 1021 4130 superstitionibus.
1053 4042 1187 4110 Interea
1208 4064 1274 4109 non
1296 4043 1351 4110 ab·

374 4130 473 4199 solvit
502 4150 568 4206 eos,
600 4140 759 4212 quantum
789 4130 831 4195 ad
862 4128 925 4200 alia
954 4135 1085 4211 peccata
1118 4138 1258 4214 spectat:
1292 4127 1351 4196 sed
1488 4131 1518 4193 l.
1549 4128 1593 4193 Et
1614 4149 1675 4194 non
1696 4128 1834 4196 audetis
1855 4147 1903 4192 nae
1929 4124 2010 4211 (non
2033 4124 2242 4192 auscultastis
2270 4125 2378 4212 mihi),

373 4217 517 4301 speciem
538 4215 625 4281 hane
647 4217 759 4296 sumit,
783 4221 822 4280 ut
842 4214 1030 4299 intelligant
1051 4234 1117 4282 non
1141 4219 1271 4282 tuntum
1293 4214 1351 4280 ali·
1401 4216 1478 4282 dicit
1500 4213 1646 4297 Iehouutr,
1675 4219 1710 4280 ut
1729 4213 1940 4296 provocaretis
1961 4233 2010 4278 me
2038 4209 2114 4298 (hoc
2136 4223 2195 4291 est,
2221 4211 2298 4294 quia
2322 4233 2378 4276 vo·

374 4321 440 4386 qua
461 4303 495 4366 in
518 4311 612 4386 parte
634 4301 790 4376 sciuisse
813 4302 884 4369 Deo
913 4300 1059 4378 rebelles,
1090 4299 1147 4365 scd
1170 4300 1205 4365 in
1228 4305 1350 4366 totum:
1402 4300 1511 4364 luistie
1534 4320 1588 4364 me
1610 4300 1755 4384 irritare)
1787 4302 1822 4366 iu
1843 4319 1932 4380 opere
1953 4318 2106 4366 manuum
2127 4301 2313 4378 cedrorum,
2343 4298 2379 4364 tn

375 4388 452 4471 quia
473 4407 608 4469 prorsus
625 4385 667 4452 ab
684 4387 755 4470 ipso
779 4385 987 4466 desciverint,
1008 4406 1109 4469 quum
1128 4385 1174 4450 ite
1194 4385 1352 4451 vitiarunt
1401 4386 1523 4451 motum
1544 4385 1636 4452 eodm.

374 4473 446 4540 eius
468 4471 596 4538 cultum
618 4471 728 4554 impiis
750 4472 1046 4555 superstitionibus.
1091 4471 1182 4555 Ergo
1211 4470 1273 4536 hoc
1303 4479 1351 4536 te·

375 4557 519 4626 nendum
542 4564 607 4637 est,
635 4557 776 4624 Iudaeos
797 4579 864 4622 non
888 4556 1037 4624 damnari
1058 4555 1100 4620 ob
1121 4557 1194 4622 leve
1222 4555 1352 4643 aliquod
1488 4555 1637 4622 Inculcat
1656 4555 1742 4638 quod
1761 4555 1852 4638 prius
1871 4555 1962 4636 dixit,
1982 4576 2100 4640 nempe
2115 4554 2255 4622 Iudaeos
2275 4556 2378 4622 fuisse

375 4644 549 4720 delictum,
587 4642 644 4709 sed
677 4644 845 4711 convictos
879 4664 950 4710 esse
987 4642 1177 4728 gravissimi
1209 4641 1350 4720 sceleris,
1402 4661 1535 4726 prorsus
1563 4641 1802 4726 immorigeros,
1833 4661 1935 4725 quum
1957 4641 2049 4709 Deus
2082 4649 2151 4706 tam
2178 4641 2316 4708 comiter
2343 4663 2378 4708 sc

375 4729 463 4813 quod
485 4727 608 4795 tuerint
629 4728 800 4813 foedifragi
819 4737 856 4794 et
873 4736 1050 4810 apostatae,
1072 4729 1225 4796 etDeum
1244 4728 1351 4812 ipsum
1402 4727 1481 4811 ipsis
1503 4729 1646 4808 offerret,
1669 4736 1700 4792 et
1719 4727 1905 4796 ostenderet
1926 4748 1962 4793 se
1980 4729 2049 4795 toro
2071 4727 2150 4809 ipsis
2173 4727 2378 4807 placabilem,

375 4814 568 4898 reliquerint
590 4834 657 4880 una
680 4834 753 4880 cnm
776 4817 847 4880 eius
869 4813 950 4896 lege.
994 4813 1094 4895 Dicit,
1118 4813 1168 4878 Ne
1189 4811 1353 4880 ambulatis
1403 4812 1499 4879 medo
1528 4835 1570 4880 cx
1596 4813 1707 4879 animo
1736 4823 2019 4880 converterentur.
2064 4811 2161 4893 Quod
2190 4833 2268 4896 ergo
2297 4813 2379 4880 haee

371 4907 443 4982 port
463 4902 536 4966 dece
558 4900 686 4980 alienos,
713 4904 750 4963 ut
770 4899 918 4966 scamis
938 4900 1029 4982 ipsis,
1051 4904 1079 4965 et
1100 4901 1186 4984 ipsos
1208 4899 1351 4968 admotis
1403 4899 1610 4984 legationen
1633 4898 1696 4963 tuit
1715 4898 1859 4964 admissa
1881 4897 1968 4982 apud
1987 4897 2137 4976 Iudaeos,
2160 4897 2292 4982 signum
2314 4899 2380 4964 fuit

376 4985 479 5067 Quasi
502 4985 604 5071 digito
626 4985 832 5053 demonstrat
853 5005 951 5068 quam
972 5005 1082 5052 crassa
1107 4985 1209 5051 tuerit
1238 5007 1351 5050 eorum
1403 4994 1572 5050 extremae
1603 4988 1637 5049 et
1665 5005 1800 5068 prorsus
1830 4984 2017 5067 deploratae
2046 4984 2282 5050 obstinationis
2333 4986 2380 5051 Et

376 5072 537 5153 impietas,
559 5071 644 5155 quud
667 5069 790 5138 seilicet
811 5091 846 5137 se
869 5069 1096 5152 prostituerint
1116 5069 1213 5136 idolis
1232 5072 1266 5136 in
1289 5070 1353 5136 soe·
1402 5080 1580 5155 exaggerat
1599 5069 1724 5135 odmen
1743 5069 1824 5137 illud
1843 5091 1944 5153 quum
1964 5070 2052 5152 dicit,
2078 5069 2118 5136 Ut
2133 5089 2182 5136 mo
2198 5071 2378 5136 irritaretis.

377 5155 454 5221 dam
485 5157 693 5234 servitutem,
728 5153 815 5239 quod
847 5154 926 5239 ipsis
958 5177 994 5221 se
1024 5154 1217 5222 dediderint.
1261 5155 1352 5240 Ergo
1403 5154 1576 5240 Significat
1608 5157 1696 5222 cuim
1725 5157 1910 5222 voluntario
1943 5157 2064 5221 ellectu
2095 5165 2206 5242 raptos
2236 5177 2307 5224 esse
2336 5157 2378 5222 ad

376 5261 442 5308 non
465 5241 528 5306 tuit
549 5263 640 5308 error
669 5239 878 5318 excusabilis,
912 5237 970 5308 sed
998 5239 1174 5308 manifesta
1203 5241 1351 5325 pertidia.
1403 5241 1536 5321 malum,
1558 5242 1652 5325 quasi
1675 5241 1798 5307 vellent
1820 5241 1928 5308 Deum
1951 5242 2058 5323 ipsum
2081 5261 2270 5324 provocare.
2309 5241 2377 5307 De-

376 5325 492 5406 Addit,
517 5327 567 5394 Ne
582 5329 756 5409 provocetis
772 5348 820 5394 me
835 5326 871 5392 tu
887 5346 977 5408 opere
997 5347 1148 5392 murum
1168 5329 1350 5394 vestorum.
1403 5325 1574 5392 liberatam
1597 5326 1698 5412 igitur
1720 5327 1866 5412 ipsorum
1893 5326 2053 5393 malitiam
2075 5326 2129 5393 hic
2150 5337 2283 5393 accusat
2303 5349 2378 5412 pro·
