5038 6118
359 381 380 445 3
1166 381 1551 450 Pauunuoulouus
2333 384 2356 446 4

359 569 490 652 turpius
512 578 571 648 est,
594 569 681 653 quod
704 569 826 635 soilioet
848 569 1035 636 addixerint
1052 590 1087 636 se
1105 569 1166 636 soli
1183 581 1217 637 st
1234 571 1331 637 lunae
1384 571 1502 654 inquit,
1528 591 1613 637 more
1634 590 1717 652 prae
1744 572 1809 636 aito
1838 569 1877 634 ub
1904 569 2044 636 omuibus
2064 571 2219 654 reliquiis.
2264 573 2355 639 Hine

359 666 394 719 ει
424 653 529 720 stellis
558 656 593 720 in
621 655 823 721 servitutem.
875 656 985 722 'l'ertio
1013 657 1083 722 looo
1112 657 1216 739 ponit,
1249 657 1333 740 qaod
1384 657 1549 741 colligitur
1577 676 1677 740 quarn
1704 659 1814 740 gravis
1843 656 1942 720 fuerit
1970 655 2028 722 illa
2050 657 2194 724 vindieta
2215 657 2295 723 Dei:
2324 660 2354 722 si

359 739 588 806 ambulaverint
622 745 694 824 posi
734 742 829 823 ipsos.
885 743 989 824 Atqui
1021 741 1114 808 Deus
1148 743 1234 807 vium
1267 741 1333 808 illis
1384 742 1515 824 quidem
1544 742 1628 806 nihil
1651 743 1796 807 futurum
1819 742 1862 806 eit
1883 741 2008 825 melius,
2035 743 2089 807 vel
2111 744 2217 828 magis
2239 754 2354 828 opten-

360 835 599 894 monstraverst
629 839 661 891 ει
684 835 892 910 praeceperat
913 839 951 892 ut
972 828 1079 910 ipsum
1102 839 1332 911 sequerentur:
1385 827 1462 892 dnm
1492 848 1590 910 quam
1604 904 1606 908 .
1619 827 1752 911 defungi
1780 848 1860 903 una,
1892 837 1925 892 et
1952 828 2091 910 simplioi
2121 839 2239 909 morto,
2267 829 2354 912 quod

360 913 452 994 atqui
486 911 598 978 relioto
630 911 703 977 Deo
738 912 816 978 dioit
854 914 1015 996 propheta
1047 923 1200 996 sequutos
1231 913 1333 978 fuisse
1385 913 1509 979 soilieet
1525 915 1594 978 vita
1612 913 1693 977 nihil
1708 913 1796 978 aliud
1812 925 1898 979 esset
1916 933 2012 995 quam
2028 914 2202 979 eontinnus
2217 916 2357 998 languor

360 997 470 1064 stellas
499 996 587 1063 ooeli.
634 997 761 1078 Quarto
790 997 860 1064 looo
888 1001 988 1082 ponit,
1018 999 1100 1081 quod
1126 1000 1333 1082 quaesierint:
1385 998 1438 1064 vel
1470 999 1642 1064 erudiatur.
1694 997 1867 1080 Expeletm
1899 1001 2001 1082 igitur
2032 1019 2115 1064 more
2146 1001 2182 1065 in
2213 1001 2357 1066 aurbus

360 1103 427 1183 quo
453 1082 551 1233 εεεξο
582 1083 748 1232 signifieatl
772 1085 996 1234 pertinalqiam.
1042 1084 1138 1232 (quod
1167 1085 1256 1184 enim
1277 1084 1332 1149 alii
1386 1083 1458 1150 loeis
1479 1083 1534 1235 agi
1552 1085 1672 1234 faegiut
1688 1085 1880 1234 εηηενειίιᾟε,
1903 1085 2123 1232 ‘fdwlw
2140 1105 2193 1205 ego
2209 1086 2356 1186 expulero

361 1187 510 1320 tttttlt
536 1189 889 1337 ttulitltll
910 1180 1334 1354 tltlttlllbtttt
1386 1190 1451 1320 iil
1471 1183 1602 1320 letti
1617 1179 1813 1321 tellit
1829 1190 1994 1354 obli,
2008 1190 2356 1355 {tultellae

361 1341 440 1423 quin
470 1340 630 1423 propheta
658 1339 711 1406 hio
733 1340 866 1405 denotet
886 1352 1079 1406 oontrnuum
1102 1340 1334 1424 perseverandi
1386 1349 1484 1424 atque
1506 1342 1539 1404 in
1562 1342 1632 1424 ipso
1654 1341 1769 1405 exsilio
1792 1351 1934 1406 sentient
1958 1360 2092 1406 manum
2116 1341 2180 1406 Dei
2202 1343 2263 1407 aibr
2286 1363 2356 1407 esse

361 1423 505 1525 studium
513 1427 562 1574 fiu
577 1425 718 1504 Iudaeis,
741 1425 1333 1578 (1211(ἲάεοεᾶεεὲεείιοιεειιιωὶὶιωρείιίε
1386 1426 1550 1504 infestam,
1573 1448 1611 1492 eo
1633 1428 1662 1492 ei
1685 1427 1748 1492 hue
1770 1438 1804 1491 et
1825 1425 1904 1492 illue
1925 1445 1980 1490 eos
2003 1436 2257 1509 persequeretur.

420 1519 490 1575 uutr
527 1512 637 1576 uerint
660 1531 721 1578 sua
742 1513 753 1575 i
776 1532 837 1590 oa,
868 1532 903 1576 se
946 1532 965 1577 o
1004 1513 1109 1577 tiuuts
1130 1513 1199 1577 sei
1227 1512 1255 1575 is
1276 1532 1332 1576 a·

362 1532 521 1673 biberim,
560 1605 593 1662 ει
633 1598 755 1662 fuerint
794 1597 887 1680 quasi
928 1597 1029 1662 affixa
1062 1607 1129 1662 tam
1161 1617 1333 1679 perversae
1470 1597 1502 1662 4.
1525 1595 1569 1661 Er
1594 1597 1679 1664 disee
1705 1597 1747 1662 od
1775 1617 1834 1680 eos,
1864 1595 1918 1663 Sic
1946 1597 2023 1663 dicit
2044 1597 2188 1674 Iebouab,
2218 1599 2274 1662 Αη
2302 1599 2357 1679 qui

356 1679 719 1850 tibttttpbtt
746 1682 1335 1849 &materialitate
1385 1681 1647 1833 mim
1673 1681 1857 1767 'mim
1887 1684 2011 1764 &²⁴⁴⁸
2029 1703 2160 1748 “vm
2179 1684 2275 1764 '‘W“
2296 1704 2358 1748 ’'⁰''

364 1863 477 1920 tutem.
510 1851 604 1918 Idem
626 1855 713 1918 enim
732 1861 781 1918 est
799 1852 876 1918 dare
895 1853 956 1918 hoo
973 1855 1104 1937 signum
1123 1854 1333 1927 reverentiae,
1472 1853 1502 1918 b.
1537 1854 1640 1934 Quare
1678 1852 1799 1920 rebeliis
1831 1859 1876 1919 esi
1902 1853 2040 1936 populas
2070 1853 2120 1920 bie
2152 1853 2359 1937 Ierosoiymee

363 1939 419 2006 ubi
448 1937 599 2004 homines
625 1959 660 2004 εε
689 1948 899 2020 prosternunt
921 1960 1031 2006 eoram
1054 1938 1158 2016 idolis,
1187 1943 1283 2021 atque
1306 1939 1334 2004 si
1386 1938 1548 2004 rebellione
1571 1939 1745 2022 pepone?
1775 1937 1873 2023 (forti,
1901 1935 2125 2023 adverbum),
2153 1939 2358 2006 adbaeserurst

363 2023 539 2174 ἓεξνίεεεὲ
580 2023 671 2174 tlgent
700 2024 761 2090 hoo
790 2034 894 2090 totum
925 2025 1100 2176 zozomin
1122 2025 1334 2175 oomlprehstu·
1384 2024 1500 2174 frogndi
1530 2024 1611 2110 (vel,
1652 2024 1940 2108 apprehenderunt
1977 2023 2154 2110 fraudem),
2194 2025 2358 2091 aduerunt

387 2130 461 2175 ror.
540 2129 578 2174 ae
613 2130 685 2175 rum
737 2130 817 2174 uum
868 2131 905 2175 ro
951 2131 969 2176 e
1033 2129 1099 2175 uno
1128 2131 1186 2175 ver
1209 2132 1228 2174 ο
1255 2130 1335 2175 εειε
1387 2129 1438 2175 rev
1487 2133 1509 2175 τ.

365 2195 549 2278 exprimere
567 2205 675 2277 posset
692 2130 891 2278 irbbpietatepm
905 2129 1021 2279 bopuli
1039 2196 1099 2273 eui,
1121 2195 1216 2278 plura
1235 2195 1336 2260 verba

365 2280 461 2346 simul
484 2281 657 2346 eoniunxit
674 2280 893 2363 amplifioandi
909 2302 1015 2356 eausa,
1038 2287 1075 2346 ut
1089 2280 1212 2347 soilioet
1226 2281 1334 2363 palem
1472 2279 1668 2364 Quanquam
1689 2279 1780 2346 Deus
1807 2281 1999 2365 prophetam
2021 2301 2116 2347 suum
2146 2281 2359 2346 admonuerat

365 2368 458 2433 fieret
479 2366 586 2449 turpis
606 2365 665 2431 illa
686 2367 797 2449 populi
821 2366 1031 2451 ingratitudo,
1060 2365 1146 2448 qnod
1167 2366 1336 2432 maluisset
1388 2366 1428 2431 de
1450 2376 1581 2446 eventu,
1605 2375 1715 2432 tamen
1737 2367 1856 2432 iterum
1878 2365 2017 2433 Iudaeos
2038 2366 2079 2432 ad
2101 2366 2358 2451 resipieoentiam

366 2452 428 2519 sibi
452 2451 630 2518 edeoisoere
653 2451 730 2517 deos
752 2451 815 2518 sibi
837 2452 1029 2537 incognitos,
1058 2461 1092 2516 et
1114 2451 1241 2534 erigere
1262 2473 1334 2534 per·
1387 2453 1515 2535 invitat,
1545 2472 1609 2516 non
1642 2451 1728 2533 quod
1750 2452 1946 2536 sperandum
1969 2454 2013 2518 sit
2034 2472 2128 2535 posse
2150 2451 2295 2518 revooari
2316 2452 2358 2516 ad

366 2557 479 2603 versos
501 2546 533 2602 et
555 2536 686 2602 fietitios
714 2537 831 2616 uultus,
856 2558 954 2621 quem
976 2547 1143 2621 praestare
1164 2536 1236 2602 Deo
1259 2557 1336 2602 voro
1388 2556 1502 2602 sanam
1521 2548 1664 2601 mentem
1683 2535 1781 2621 (dixit
1798 2540 1886 2602 enim
1906 2557 2040 2622 prorsus
2057 2559 2128 2602 sess
2148 2537 2358 2622 desperatos),

367 2623 557 2706 obsequium
588 2633 620 2687 et
647 2624 852 2705 aoquiaeuero
882 2623 919 2688 in
946 2623 1016 2689 eius
1042 2623 1123 2707 lege,
1153 2643 1236 2706 quae
1266 2632 1336 2688 erat
1389 2621 1445 2686 sed
1479 2632 1516 2687 ut
1548 2624 1657 2687 minue
1687 2622 1880 2688 exousebilis
1913 2634 1998 2689 esset
2028 2645 2138 2688 eorum
2170 2624 2359 2705 pertinaoia.

367 2717 456 2776 serta
481 2707 609 2791 regula,
638 2717 672 2771 ει
701 2729 783 2790 quae
812 2707 925 2774 fallere
953 2729 1017 2774 non
1048 2718 1166 2793 posset.
1217 2708 1338 2774 Postea
1388 2706 1517 2773 Deinde
1529 2708 1632 2772 voluit
1647 2709 1744 2772 etiam
1759 2708 2197 2792 oonsulersexiguopiorum
2210 2726 2358 2784 numero,

367 2793 529 2877 adiungit,
553 2791 626 2858 Non
646 2792 834 2877 εεῐῑὶρεηιιη,
857 2798 885 2858 e
905 2814 966 2859 ηεη
986 2794 1189 2876 sepeliemur:
1210 2795 1245 2859 τή
1260 2797 1338 2864 ειη,-
1390 2794 1445 2876 qni
1474 2791 1580 2857 adhue
1608 2792 1729 2858 residui
1758 2806 1861 2859 erant.
1912 2794 2026 2877 Neque
2057 2795 2143 2859 eninr
2176 2815 2289 2858 omnes
2316 2793 2359 2857 ad

367 2899 423 2948 otte
444 2882 533 2944 muel
552 2899 647 2962 suaper
666 2879 782 2961 faeiem
803 2883 913 2958 terroe
944 2879 1006 2945 hoo
1027 2888 1085 2958 εει,
1106 2879 1141 2943 in
1165 2879 1337 2963 superfioie
1389 2899 1492 2944 uuum
1525 2898 1630 2960 usque
1661 2878 1845 2945 defecerant
1878 2879 1918 2944 ad
1950 2881 2167 2962 impietatem,
2191 2880 2359 2962 ,quamvis

369 2977 485 3034 terrae.
538 2962 721 3030 Confirmat
753 2985 890 3049 poenam
925 2964 1030 3043 illam,
1064 2965 1104 3030 de
1135 2985 1200 3047 qua
1232 2984 1337 3047 nuper
1391 2973 1494 3028 totum
1524 2964 1632 3047 populi
1659 2984 1776 3047 eorpus
1804 2977 1890 3030 esset
1918 2975 2117 3048 surruptum.
2162 2965 2253 3030 Dens
2280 2985 2360 3049 ergo

368 3050 579 3118 oonoionatue
600 3058 658 3126 εει,
683 3071 800 3133 nempe
822 3050 1095 3133 quemadmodum
1114 3049 1338 3116 oontumelioei
1390 3049 1508 3132 partim
1532 3059 1569 3113 ut
1590 3048 1718 3132 eulpam
1740 3050 1833 3133 impii
1856 3049 1966 3134 populi
1988 3059 2156 3134 aggravet,
2180 3051 2300 3133 purtim
2321 3063 2361 3114 ut

368 3137 500 3203 fuerant
521 3134 679 3201 adversus
693 3136 811 3212 Deum,
833 3146 867 3199 et
887 3156 958 3202 sese
974 3136 1211 3219 prostituerant
1227 3155 1337 3202 soram
1390 3135 1538 3200 oonsulat
1559 3134 1707 3200 fidelibus
1724 3137 1801 3212 suis,
1825 3137 1975 3202 hortatur
1993 3136 2035 3201 ud
2055 3137 2285 3219 poenitentiam
2304 3155 2359 3200 eos

369 3221 473 3305 idolis,
495 3223 541 3286 ita
562 3230 635 3304 post
656 3231 793 3287 mortem
813 3220 881 3285 lore
898 3220 1130 3305 ignominiosos
1147 3230 1180 3286 et
1199 3220 1338 3286 detesta-
1391 3220 1446 3303 qui
1469 3231 1578 3285 temen
1600 3232 1695 3286 erant
1716 3242 1848 3304 prorsus
1869 3221 2100 3288 iutraotubiles.
2144 3222 2189 3286 Ει
2211 3221 2265 3288 hio
2282 3241 2359 3286 eon-

369 3308 460 3384 bilee,
483 3315 519 3372 ut
541 3305 664 3372 soilieet
685 3327 778 3372 mone
801 3328 821 3372 a
838 3307 897 3372 tali
914 3306 1097 3390 speetaoulo
1112 3315 1145 3371 et
1159 3317 1226 3372 tam
1244 3307 1338 3372 ioedo
1391 3305 1563 3371 siderenda
1584 3317 1635 3372 eet
1656 3305 1750 3371 nobie
1764 3305 1828 3372 Dei
1846 3307 1984 3390 bonitas,
2007 3328 2070 3390 qua
2087 3307 2235 3389 quisquis
2253 3307 2360 3372 abuti·

369 3393 553 3459 abhorreat.
594 3391 687 3458 Haeo
708 3411 835 3458 summa
856 3402 916 3458 eet.
960 3391 1129 3475 Sequitur,
1392 3400 1456 3466 tur,
1477 3393 1613 3490 aooemit
1634 3393 1694 3458 sibi
1716 3392 1821 3492 multo
1843 3393 1977 3476 grevim
1994 3393 2158 3492 iudioinnr.
2175 3391 2360 3492 'Quodam‘-

454 3565 485 3630 e.
515 3562 560 3628 n
591 3561 718 3647 eree
749 3561 820 3663 (ts
839 3562 977 3662 ,essm
1010 3570 1113 3644 eet,
1142 3543 1245 3628 ees
1276 3561 1340 3648 se
1390 3475 2225 3664 llll.‘lambibiDeltsllffltllttlt?
2240 3477 2362 3662 bib

368 3647 826 3816 uitur.
849 3649 1341 3832 eiurata
1391 3647 2114 3832 {serutatureursu:
2147 3671 2218 3800 τε
2242 3649 2360 3800 ‘teu

363 3841 470 3906 mooe
501 3821 624 3886 notione
657 3817 691 3904 (a
722 3819 852 3884 natione
883 3819 945 3885 heo
977 3819 1093 3901 male),
1133 3838 1170 3884 τη
1201 3820 1349 3904 τ)τητττ”ἱ>ηεΙ
1392 3817 1543 3884 oeseabre.
1585 3818 1643 3884 Aa
1670 3840 1726 3901 qur
1751 3819 1926 3885 maderent
1950 3821 2133 3904 resurgeat?
2177 3821 2285 3919 Varie·
2303 3840 2362 3918 en-

369 3908 444 3976 lotia
471 3905 525 3972 ubi
552 3905 674 3971 residui
701 3905 835 3987 fuerint,
864 3905 907 3971 od
933 3925 1012 3986 qaae
1033 3903 1179 3984 aptaro
1208 3923 1257 3970 eos
1286 3903 1339 3990 (ed
1392 3904 1525 3986 ponitur
1546 3905 1599 3969 hie
1616 3905 1716 3971 loeus.
1748 3904 1856 3969 Maior
1869 3924 1946 3986 pars
1961 3907 2175 3988 interpretum
2191 3917 2362 3988 restringit

370 4013 452 4078 quae
473 3990 560 4057 illoo.
594 3988 660 4057 Sed
683 4002 737 4058 uu
759 4000 811 4056 εει
827 3989 1089 4074 superationem),
1112 3989 1188 4055 dieii
1205 3989 1341 4056 Iebouub
1392 3989 1432 4054 ed
1462 3991 1546 4056 soloe
1567 3988 1714 4055 ludaeos.
1760 3993 1813 4054 An
1835 3989 1950 4055 Iudaei
1979 4012 2045 4056 non
2074 4003 2246 4075 resurgent
2271 4003 2359 4074 poet·

370 4079 568 4147 aretam.
1392 4095 1489 4157 qnam
1521 4075 1727 4141 aediderunt?
1777 4073 1873 4156 Quod
1901 4075 1941 4140 ad
1969 4077 2147 4142 seeundum
2178 4075 2362 4142 membrum

705 4247 711 4260 Ι
762 4245 769 4260 ·
935 4246 942 4258 .
1392 4170 1527 4243 speetat,
1556 4161 1688 4242 quidum
1716 4161 1763 4224 ita
1791 4162 2362 4312 exponuntbAn?si1sraelrever·

371 4247 869 4415 ...tittltttttltlf‘t
889 4265 1085 4398 ttttlt
1102 4255 1212 4410 till,
1227 4265 1342 4396 ‘tut
1392 4254 1802 4409 {tllttttltlr
1818 4249 2363 4432 ‚libbeu⁰l¹⁸.e,'¹⁰i⁰l⁰,lidii

370 4421 465 4500 mori,
494 4440 592 4502 quam
621 4416 788 4516 tabeeoere
817 4417 853 4481 in
882 4416 1050 4517 diuturnis
1078 4417 1182 4483 malie.
1226 4416 1342 4516 Neque
1393 4423 1482 4480 tatur
1503 4415 1615 4493 Israel,
1639 4438 1682 4482 an
1705 4437 1771 4480 non
1795 4437 1936 4517 yrorssrm
1959 4427 2127 4484 avertetur
2143 4417 2260 4519 Deus?
2294 4419 2360 4484 Alii

370 4508 458 4574 enim
480 4505 636 4570 videntur
658 4501 741 4569 mihi
763 4522 892 4584 assequi
913 4501 1096 4602 prophetae·
1112 4522 1256 4583 aeneum,
1286 4523 1342 4603 qur
1392 4513 1567 4601 utrumque
1588 4501 1769 4568 membrum
1792 4501 1981 4601 intelligunt
2002 4502 2042 4569 de
2059 4504 2179 4587 populo
2196 4525 2285 4605 rpso:
2307 4504 2361 4570 An

371 4593 436 4660 alio
465 4597 620 4673 torquent
650 4584 760 4654 verba.
805 4587 945 4655 Summa
974 4598 1026 4654 est
1054 4596 1161 4673 igitur,
1191 4608 1341 4671 quamvrs
1393 4607 1421 4651 ει
1450 4608 1584 4652 aversus
1616 4586 1718 4652 semel
1751 4588 1852 4651 luent
1883 4588 2037 4672 populus,
2071 4610 2136 4655 non
2168 4589 2288 4655 redrbrt
2320 4591 2361 4656 ad

369 4676 574 4745 formidabile
607 4675 650 4740 sit
681 4673 836 4740 iudioium
871 4672 952 4738 illud
985 4673 1066 4750 Dei,
1099 4672 1186 4756 quod
1219 4673 1343 4739 soilieet
1393 4673 1527 4738 Deum?
1581 4672 1666 4739 Nam
1698 4672 1760 4738 hoo
1792 4674 1926 4739 verbum
1959 4685 2020 4740 :tv
2053 4677 2230 4740 eontrarias
2263 4676 2362 4741 habet

372 4764 509 4830 edentm
527 4761 647 4843 ubique
662 4767 798 4844 strages,
821 4758 940 4825 deinde
955 4759 1171 4825 extrahentur
1184 4758 1343 4824 oadavera
1394 4759 1658 4842 significationes.
1708 4758 1877 4838 Aeoipitur
1909 4761 1995 4825 eninr
2028 4780 2087 4842 pro
2120 4760 2269 4836 delirare,
2303 4782 2361 4844 pro

372 4869 453 4933 quae
482 4847 610 4932 pridem
637 4845 763 4927 sepulta
790 4845 931 4922 inerant,
960 4853 1071 4909 tumen
1100 4844 1161 4911 boo
1182 4847 1250 4909 fore
1271 4843 1342 4909 levo
1394 4842 1560 4927 rebellare,
1589 4863 1650 4927 pro
1678 4845 1727 4910 ire
1753 4845 1786 4907 in
1811 4844 2009 4910 eontrarium
2031 4854 2173 4928 partem:
2203 4848 2362 4928 aooipitur

372 4955 506 5018 praesa
523 4950 635 5017 poena,
658 4949 754 5014 quam
772 4929 936 4997 Dominus
954 4929 1081 5014 infliget
1098 4930 1239 5013 reliquie,
1262 4950 1343 5012 quoe
1394 4932 1491 4995 etiam
1522 4949 1580 5012 pro
1608 4931 1738 4995 reverti.
1791 4929 1856 4996 Sed
1885 4928 1963 4994 dum
1991 4931 2126 5014 propius
2155 4933 2302 5013 expendo
2328 4945 2362 4996 et

372 5032 483 5085 tamen
502 5018 648 5084 servabit
664 5016 864 5098 superstites.
897 5016 1049 5098 Denique
1064 5016 1224 5098 signifieat
1240 5017 1343 5080 vitam
1395 5013 1505 5092 verbe,
1534 5025 1568 5079 ει
1595 5014 1766 5080 eonsilium
1786 5016 1974 5098 prophetae,
2003 5017 2153 5080 existimo
2176 5017 2361 5101 generalem

373 5106 575 5171 miseriorem
604 5104 672 5169 fore
692 5108 799 5167 morte
820 5103 902 5184 ipsa,
931 5100 985 5167 vel
1006 5101 1106 5166 etiam
1128 5100 1238 5167 deoem
1260 5120 1344 5165 mor·
1395 5120 1465 5168 esse
1494 5099 1704 5165 seutentiam:
1733 5101 1827 5183 quasi
1856 5099 2002 5181 dixisset,
2031 5100 2069 5168 si
2100 5101 2174 5185 quie
2199 5100 2360 5179 eeoiderit,

373 5190 470 5256 tibus.
526 5189 615 5272 Ergo
654 5209 694 5252 ne
734 5187 923 5252 existiment
954 5206 989 5252 se
1022 5186 1197 5270 quidquam
1230 5187 1344 5252 lesisse
1395 5185 1506 5252 statim
1528 5187 1649 5269 eogitat
1671 5185 1711 5250 ds
1732 5185 1921 5268 corrigendo
1944 5186 2050 5270 lapsu:
2078 5188 2106 5252 si
2128 5187 2200 5270 quie
2221 5186 2361 5253 deelina-

371 5275 455 5344 luori
470 5276 525 5360 qui
541 5285 679 5340 mortem
695 5272 862 5356 effugient,
882 5271 960 5338 dioit
974 5271 1142 5355 prophete,
1168 5271 1344 5355 Optabilur,
1396 5273 1480 5340 verit
1507 5291 1527 5336 a
1555 5282 1642 5338 reete
1669 5272 1801 5350 itinere,
1829 5282 2001 5355 postquam
2031 5271 2215 5340 admonitus
2244 5285 2295 5340 εει
2322 5274 2361 5338 de
