5038 6118
371 429 413 494 39
1174 422 1561 492 Pueuauoulortas
2323 423 2365 487 40

370 617 468 684 titulo
488 615 589 694 abuti,
612 621 645 678 et
666 613 794 679 nullum
822 611 965 678 fideliter
994 622 1027 676 et
1055 611 1183 678 sineere
1211 611 1345 695 defungi
1396 633 1481 690 men,
1504 620 1578 694 post
1598 612 1813 695 eogitutionee
1833 611 1925 698 ergo)
1945 611 2047 677 cordia
2063 611 2125 694 rai,
2148 615 2265 692 etpost
2279 607 2364 676 Boo

371 723 431 770 auo
452 722 597 780 munere,
626 697 699 764 ideo
720 719 755 765 se
782 697 933 765 omnibus
958 697 1024 762 illis
1053 697 1223 781 opposuit:
1251 697 1345 780 quasi
1395 698 1461 782 lim,
1482 717 1559 781 quos
1580 698 1748 764 ἅοιιιιιιιιιι
1763 703 1874 779 patrea
1893 699 2050 780 ipreorum:

372 789 503 865 diaeret,
526 786 615 853 Satis
633 785 678 851 sit
695 783 780 867 quod
798 784 958 849 Dominus
979 784 1042 848 hoo
1059 782 1141 847 mihi
1162 781 1344 848 mandavit:
1483 783 1533 849 15.
1558 782 1730 866 Propterea
1747 785 1793 849 eie
1810 784 1887 850 didit
1903 782 2040 848 ranas
2056 784 2257 865 ειιιιιὲιιιιιιιι,
2278 781 2364 848 Deae

372 895 433 959 ego
454 874 554 958 igitur
576 870 732 937 denuntio
752 868 846 936 vobis
869 868 1003 946 alodem,
1032 889 1130 951 qnam
1152 888 1265 935 seonre
1287 889 1344 933 ox·
1396 869 1509 953 Iaroel,
1532 868 1620 950 ane,
1643 890 1697 954 epo
1717 869 1824 936 odone
1844 868 1984 956 (oibabo)
2126 890 2157 934 m
2178 867 2260 933 tuno
2281 887 2364 932 orno-

372 961 541 1042 speetatis,
580 957 658 1040 quia
697 977 755 1022 voe
794 955 959 1040 perversis
996 955 1065 1019 suis
1103 953 1345 1020 adulationibus
1395 956 1543 1036 rttudiae,
1564 960 1593 1022 et
1611 956 1726 1038 potato
1746 957 1840 1038 uqaie
1859 956 1968 1021 ιιιιιιιιιΙ
2011 955 2073 1036 vol,
2094 955 2280 1020 venenatis:
2310 953 2365 1017 alii

372 1044 538 1128 deoipinnt
556 1043 629 1109 talei
647 1042 802 1108 dootoree.
839 1041 901 1124 Qui
918 1041 1090 1124 annuntiet,
1112 1041 1229 1124 inquit,
1247 1059 1345 1122 quere
1397 1051 1540 1120 vertunt,
1558 1043 1652 1124 aquis
1669 1041 1762 1108 tellis.
1795 1041 1878 1106 Nam
1893 1052 1969 1109 rtur
1988 1049 2163 1122 utrumque
2181 1038 2364 1124 signifieat).

371 1135 456 1196 terro
483 1130 625 1213 peterit,
657 1132 779 1193 vastata
807 1128 848 1194 eit
876 1128 978 1192 inetur
1005 1127 1128 1205 deserti,
1156 1131 1191 1190 at
1218 1146 1279 1191 ιιοιι
1303 1127 1345 1191 eit

371 1215 556 1282 dubitator?
599 1215 779 1279 Possumus
809 1212 871 1279 hoe
893 1213 1016 1278 referre
1038 1211 1079 1275 ad
1102 1211 1166 1276 duo
1188 1221 1343 1294 tempora.
1483 1211 1668 1278 Confirmat
1690 1231 1777 1278 nuno
1798 1212 1955 1278 Ieremias
1978 1211 2062 1294 qnod
2086 1212 2163 1292 dixi,
2184 1220 2217 1276 st
2238 1209 2365 1292 plenius

370 1301 457 1367 Nam
469 1322 568 1384 quum
580 1299 771 1382 loquebatur
781 1296 947 1374 Ieremias,
959 1297 1067 1362 adhue
1078 1297 1185 1362 stabat
1195 1317 1342 1382 regnum,
1397 1298 1553 1381 explieat,
1587 1318 1705 1382 nempe
1739 1299 1838 1363 stiam
1871 1298 1899 1363 si
1929 1317 2026 1364 nemo
2059 1299 2102 1362 sit
2130 1298 2165 1362 in
2195 1305 2284 1361 terra
2314 1295 2365 1360 vel

371 1396 405 1452 et
420 1384 694 1470 quemadmodum
716 1386 780 1449 iam
797 1384 874 1461 dixi,
898 1385 1044 1449 nondum
1059 1403 1098 1447 eo
1113 1382 1234 1448 redaoti
1250 1394 1345 1447 erant
1397 1382 1518 1462 dootor,
1542 1384 1595 1449 vel
1619 1382 1812 1466 disoipulus:
1835 1393 1945 1450 tamen
1968 1384 2048 1449 satis
2070 1405 2141 1448 esse
2161 1384 2197 1447 in
2220 1382 2289 1447 solo
2304 1381 2364 1446 Dei

370 1472 495 1551 Iudaei,
518 1482 554 1537 ut
571 1491 643 1538 sese
661 1469 875 1536 humiliarent
892 1489 998 1534 eoram
1017 1470 1097 1534 Deo.
1130 1466 1248 1534 Adhue
1267 1488 1344 1552 ergo
1395 1469 1497 1535 verbo
1520 1470 1689 1548 eitioaoiae,
1715 1478 1747 1534 et
1769 1491 1835 1536 non
1857 1469 2000 1554 pendere
2022 1470 2177 1536 iudioium
2199 1469 2239 1532 ab
2262 1467 2364 1532 homi·

371 1558 541 1641 plaoebant
561 1558 624 1623 sibi
645 1557 681 1620 in
703 1557 773 1622 suis
795 1555 893 1620 vitiis.
929 1553 1025 1621 Unde
1047 1565 1159 1619 autem
1181 1563 1273 1618 tanta
1295 1555 1343 1617 in·
1397 1575 1477 1620 nom
1499 1555 1551 1620 vel
1574 1557 1719 1635 arbitrio,
1748 1555 1802 1621 vel
1823 1577 1932 1620 sensu.
1976 1555 2155 1638 Postquam
2184 1572 2263 1638 ergo
2291 1574 2365 1618 oon·

371 1643 548 1728 dulgentia,
564 1643 628 1708 nisi
643 1664 686 1707 ex
699 1661 855 1725 prospero
869 1661 979 1706 rernm
995 1639 1166 1706 suooeesu?
1186 1647 1218 1705 et
1235 1650 1344 1704 tamen
1396 1649 1531 1724 questus
1548 1651 1607 1724 est,
1626 1661 1738 1706 omnes
1757 1642 1912 1723 desipere,
1932 1649 1964 1706 et
1982 1641 2089 1707 nullos
2107 1661 2177 1706 osse
2193 1639 2366 1723 prophotas

372 1730 532 1813 propheta
556 1728 635 1794 dieit
656 1733 772 1792 terram
790 1727 934 1809 periisse,
961 1735 996 1791 et
1017 1727 1151 1791 merito:
1180 1727 1345 1808 quianon
1397 1726 1453 1809 qui
1475 1728 1684 1793 seouritatem
1718 1728 1802 1792 hane
1831 1741 1864 1792 et
1888 1725 2069 1793 socordiam
2103 1726 2278 1809 eorrigant,
2311 1725 2364 1788 ad·

370 1817 520 1881 aestimat
542 1836 583 1880 ex
606 1814 771 1897 praesenti
801 1812 958 1895 adspectu
985 1819 1106 1877 etatum
1137 1811 1259 1895 populi,
1287 1811 1344 1876 sed
1396 1813 1514 1896 iungit,
1538 1811 1591 1878 aa
1612 1813 1687 1877 dicit
1698 1811 1841 1878 rausa.
1872 1813 2018 1896 Opponit
2035 1810 2210 1879 hioDenm
2233 1810 2365 1892 reliquie

371 1921 412 1967 ex
427 1900 556 1978 iudioio,
578 1899 663 1982 quod
685 1899 802 1982 spiritu
825 1897 1014 1982 prophetiae
1035 1897 1223 1979 impendere
1245 1894 1344 1963 videt.
1396 1897 1594 1978 hominibus,
1623 1901 1688 1962 imo
1711 1909 1778 1962 tam
1803 1898 1871 1980 regi
1893 1907 1926 1963 st
1947 1898 2018 1964 eius
2046 1896 2241 1964 consiliariis
2269 1915 2363 1979 quum

369 1987 550 2052 Possumne
572 1992 682 2050 autem
710 1983 839 2069 longius
859 1983 921 2050 hoo
948 1981 1132 2061 extendere,
1163 2003 1280 2066 nempe
1309 2004 1347 2048 ao
1398 1984 1504 2067 vulgo.
1560 1983 1638 2066 Quis
1667 2005 1744 2068 ergo
1776 1984 1928 2066 sopato?
1962 1983 2056 2067 quasi
2087 1983 2364 2064 oiroumrpieeret:

370 2073 398 2136 ei
438 2071 576 2137 dixisset
612 2070 785 2148 Ieremias,
825 2069 938 2150 Quum
974 2068 1068 2134 Dens
1107 2068 1263 2152 populum
1300 2071 1346 2134 sio
1398 2088 1493 2134 nemo
1517 2071 1642 2153 estqui
1665 2068 1864 2134 oonsiderat:
1894 2077 2005 2153 postea
2032 2079 2141 2135 manet
2170 2088 2365 2151 suspensus:

368 2157 534 2237 afflixerit,
563 2166 600 2221 ut
621 2157 724 2239 possit
751 2175 822 2220 esse
851 2155 944 2236 quari
966 2152 1094 2220 visibile
1123 2153 1344 2239 speetaeulnm
1397 2165 1430 2220 et
1458 2176 1556 2220 nemo
1585 2166 1634 2220 est
1663 2155 1836 2238 propheta,
1869 2158 1925 2238 qui
1958 2155 2201 2241 expergefaciat
2231 2173 2365 2218 eonsue-

368 2243 438 2308 irae
471 2241 635 2308 eoelestis:
670 2253 780 2306 tamen
813 2240 897 2306 nulli
926 2249 1005 2306 tune
1032 2252 1130 2305 erunt
1158 2239 1345 2323 prophetae,
1398 2248 1467 2305 tum
1504 2249 1690 2324 stuporem:
1732 2241 1838 2307 adhue
1875 2255 1986 2306 manet
2023 2261 2217 2324 suspensus:
2257 2254 2366 2322 postea

369 2329 424 2412 qui
447 2329 646 2394 admoneant
667 2325 752 2392 unde
773 2326 854 2390 haee
871 2325 958 2391 mala
975 2326 1122 2409 proseuta
1143 2327 1226 2390 sint:
1249 2327 1345 2392 aienti
1396 2345 1467 2391 sese
1497 2327 1658 2391 eonvertit
1686 2326 1726 2391 ad
1749 2326 1869 2408 Deum,
1897 2327 1998 2409 Atqui
2022 2327 2105 2393 uteie
2127 2324 2275 2408 Ietooolr,
2305 2325 2365 2390 hoo

369 2413 519 2481 videmus
541 2433 640 2496 quum
663 2412 742 2477 urbs
764 2412 827 2476 luit
847 2412 967 2495 partim
990 2417 1119 2490 exusta,
1146 2411 1265 2493 partim
1288 2432 1344 2476 ex·
1396 2422 1460 2490 est,
1489 2421 1573 2490 esto,
1604 2421 1682 2477 sunt
1710 2411 1832 2478 similes
1863 2414 1966 2478 brutis
1997 2413 2187 2497 peondibus,
2221 2413 2276 2492 qui
2306 2409 2365 2475 sibi

370 2501 446 2580 nise,
470 2498 627 2581 templum
650 2497 811 2562 dirutum:
840 2496 942 2564 fnism
969 2507 1099 2561 tantum
1121 2497 1345 2561 contumatiae
1396 2505 1551 2582 arrogant
1572 2496 1933 2578 multumeapientiae:
1965 2507 2074 2564 tamen
2096 2497 2188 2563 Deus
2211 2496 2364 2578 loquitur,

370 2587 405 2650 in
420 2585 550 2668 populo,
572 2593 610 2648 nt
628 2590 737 2648 essent
754 2582 883 2667 lapidea
901 2579 998 2648 eorda
1013 2593 1046 2647 st
1063 2584 1190 2647 ferreae
1207 2593 1342 2647 mentes.
1397 2591 1430 2647 et
1458 2582 1727 2665 aequieseendnm
1757 2595 1817 2648 eet.
1861 2583 2025 2650 Siloamus
2055 2604 2133 2666 ergo
2162 2602 2230 2661 nos,
2261 2602 2365 2663 neque

370 2670 452 2735 Fuit
473 2667 575 2754 igitur
596 2668 781 2754 prodigiosa
811 2668 947 2734 durities
975 2667 1010 2735 in
1037 2667 1096 2732 illa
1123 2667 1223 2734 olade.
1267 2667 1343 2733 Ola-
1396 2667 1630 2750 obstrepamus,
1660 2677 1824 2751 uteunque
1847 2691 1942 2734 nemo
1964 2668 2156 2748 subsoribat,
2185 2687 2281 2732 nemo
2300 2667 2364 2732 eul-

369 2755 504 2821 mebant
525 2754 656 2837 quidem
679 2773 792 2820 omnes
815 2754 854 2818 ad
877 2755 980 2819 mala:
1004 2753 1061 2819 sed
1084 2773 1180 2818 nemo
1197 2762 1267 2816 erat
1289 2753 1344 2835 qni
1395 2753 1542 2836 tragetur
1570 2753 1714 2836 loquenti
1735 2754 1817 2834 Deo,
1847 2757 1881 2819 in
1910 2756 1980 2821 sola
2008 2757 2078 2820 eins
2098 2773 2175 2820 vooe
2206 2753 2287 2818 satis
2315 2755 2366 2818 est

370 2841 505 2907 sentiret
527 2840 634 2906 Deum
657 2849 875 2922 exaequatum
897 2858 969 2906 ease
991 2838 1078 2922 quod
1100 2857 1159 2922 per
1180 2849 1265 2903 totos
1286 2858 1344 2902 an·
1395 2840 1578 2904 autoritatis
1600 2850 1633 2904 et
1654 2839 1798 2905 effeetus.
1842 2840 1939 2908 Nune
1965 2861 2044 2925 ergo
2070 2839 2187 2905 melius
2210 2849 2365 2903 'tenemus

370 2945 431 2991 noe
454 2925 715 2994 denuntiaverat.
748 2926 835 2991 Nam
857 2926 1002 2990 diximus
1024 2944 1121 3007 quam
1144 2924 1243 3008 longo
1265 2933 1344 2988 tem·
1395 2924 1574 3009 prophetae
1595 2925 1778 2990 eonsilium.
1811 2926 1897 2992 Nam
1915 2925 1972 2992 ubi
1987 2926 2071 2992 dixit
2087 2945 2200 2992 omnes
2216 2924 2366 2989 homines

370 3031 449 3096 pore
470 3011 625 3077 Ieremias
642 3013 824 3078 exorauerit
840 3031 962 3077 munus
981 3009 1127 3077 doeendi.
1162 3007 1229 3075 Sed
1251 3019 1342 3076 ante·
1396 3030 1467 3076 esee
1488 3009 1647 3095 stupidos,
1675 3019 1709 3075 et
1730 3011 1856 3076 nullum
1879 3032 1950 3077 esee
1972 3012 2183 3096 prophetam:
2213 3031 2302 3076 nune
2322 3031 2366 3074 ex

370 3117 469 3180 quam
491 3097 665 3180 inaiperet,
680 3099 745 3162 iam
769 3098 967 3181 delatigatns
988 3096 1096 3161 inerat
1117 3095 1236 3162 Isaiae:
1266 3103 1343 3160 ante
1395 3097 1542 3179 opposito
1564 3095 1708 3161 ostendit
1729 3096 1836 3162 Ι)ιιιιιιι
1871 3108 1981 3162 tamen
2015 3118 2081 3164 non
2108 3108 2227 3179 tatere,
2260 3114 2365 3177 neque

367 3183 490 3248 'isaiam
520 3183 669 3248 Mioheas
697 3183 806 3247 luerat
830 3183 1037 3263 vatioinatue.
1088 3181 1213 3246 Tamen
1242 3202 1343 3264 quum
1396 3182 1547 3248 dormire.
1590 3181 1680 3248 Dicit
1701 3202 1773 3265 erpo
1795 3182 1942 3264 Ietovolr,
1964 3185 2041 3266 qaia
2052 3183 2191 3266 populas
2211 3180 2262 3246 laio
2282 3181 2367 3246 dere·

370 3289 430 3354 per
469 3280 601 3334 eentum
641 3267 812 3334 eontinuoe
846 3287 948 3332 anuos
986 3265 1131 3348 qnotidie
1166 3280 1343 3333 renovatae
1395 3268 1486 3350 liquit
1525 3270 1621 3351 leqem
1659 3287 1770 3334 ιιιαιιι.
1834 3268 1976 3335 Oaueam
2015 3271 2161 3334 omnium
2205 3269 2365 3332 malornm

370 3359 481 3422 essent
513 3353 638 3436 minae,
671 3361 705 3418 et
731 3360 873 3418 terrores
903 3353 1073 3430 inonloati,
1106 3371 1200 3417 nemo
1232 3360 1343 3417 tamen
1395 3352 1537 3418 ostendit
1566 3375 1637 3420 esee
1666 3354 1882 3420 detectionem
1913 3355 2027 3438 alege
2048 3354 2122 3419 Dei.
2166 3354 2239 3418 Hoo
2268 3373 2365 3420 nomo

371 3449 450 3516 erat,
473 3440 528 3522 qui
550 3437 742 3504 attenderet.
779 3438 893 3504 Potest
913 3438 1016 3522 igitur
1036 3437 1090 3502 hio
1109 3437 1199 3502 loous
1221 3437 1267 3502 ita
1285 3458 1341 3502 ex·
1395 3447 1511 3520 sponte
1531 3441 1696 3505 oonleseus
1721 3449 1825 3504 esset:
1854 3450 1887 3506 et
1907 3441 1993 3505 muti
2014 3442 2114 3506 etiam
2136 3449 2231 3504 erant
2252 3459 2366 3503 omnes

370 3527 462 3610 poni:
484 3525 550 3593 Ubi
573 3525 690 3590 affeetu
712 3525 900 3607 apparuerit
921 3544 985 3589 non
1016 3523 1125 3587 irritas
1153 3521 1253 3587 luisee
1280 3523 1343 3586 mi·
1394 3522 1588 3606 prophetae:
1621 3524 1677 3588 sad
1699 3525 1856 3591 Ieremias
1878 3525 1933 3590 hio
1955 3527 2032 3592 dioit
2055 3524 2272 3609 quaerendam
2294 3543 2366 3590 esee

370 3631 439 3694 nas,
463 3619 542 3676 tuno
564 3629 694 3693 quoqne
715 3609 882 3693 stupidum
906 3609 974 3674 lore
995 3608 1161 3692 populum,
1190 3609 1343 3690 quoniam
1395 3629 1525 3675 oausam
1548 3629 1567 3672 a
1588 3608 1660 3674 Deo
1688 3630 1747 3676 our
1773 3618 1840 3674 tam
1870 3613 2017 3695 graviter
2045 3612 2200 3694 populum
2231 3609 2366 3693 affligat.

370 3717 468 3762 nemo
502 3695 662 3776 attendet,
695 3715 802 3778 nsque
833 3693 1052 3762 oonsiderabit
1080 3695 1144 3758 Dei
1175 3693 1342 3759 iudioiom.
1395 3694 1508 3760 Sumit
1540 3705 1651 3759 autem
1683 3716 1742 3779 pro
1773 3697 1919 3762 ooniesao
1951 3697 2036 3781 quod
2065 3697 2273 3762 verissimum
2304 3706 2364 3772 est,

371 3779 524 3850 Sontient
550 3781 682 3865 quidem
705 3800 819 3846 omnes
840 3781 975 3865 malum,
997 3779 1054 3847 sed
1073 3798 1170 3845 nemo
1193 3779 1344 3864 respioiet
1394 3779 1505 3845 Deum
1526 3801 1591 3845 non
1615 3781 1738 3846 trustra
1760 3782 1862 3848 eleeto
1887 3782 2007 3866 populo
2027 3784 2132 3848 irasoi.
2176 3780 2264 3846 Hine
2286 3801 2365 3863 ergo

370 3867 410 3934 ad
426 3867 561 3933 manum
576 3867 796 3950 perentientis,
812 3864 1083 3950 quemadmodum
1099 3863 1178 3931 alibi
1193 3864 1342 3930 diximus.
1394 3867 1552 3949 sequitur,
1582 3866 1682 3932 tuisse
1704 3877 1878 3950 apostatas,
1901 3877 1935 3932 et
1956 3867 2061 3952 legem
2085 3867 2304 3949 dereliquisse,
2326 3869 2364 3930 in

367 3953 516 4036 Uterque
547 3973 662 4019 sensus
698 3951 875 4036 probabilis
907 3961 965 4029 eet.
1022 3949 1088 4017 Sed
1120 3971 1193 4017 meo
1224 3950 1344 4016 iudioio
1395 3961 1563 4034 questam
1586 3954 1730 4036 graviter
1753 3953 1919 4019 uleisoitur
1943 3954 2042 4019 Deus.
2087 3954 2177 4038 Ergo
2200 3963 2364 4034 uteunque

369 4038 528 4122 propheta
550 4038 603 4104 hio
625 4038 773 4121 deplorat
803 4047 1007 4122 praesentem
1040 4037 1149 4119 populi
1178 4036 1343 4118 duritiem,
1394 4057 1491 4103 nemo
1520 4057 1652 4103 oausam
1680 4040 1836 4105 malorum
1872 4041 2035 4122 pereipiat,
2069 4059 2165 4104 nemo
2194 4037 2364 4104 ostendat:

369 4135 402 4191 et
422 4123 676 4190 oontumaoiam:
698 4125 790 4205 quaei
807 4125 927 4190 diaeret
949 4121 1057 4186 nullos
1074 4143 1155 4206 esse,
1177 4123 1234 4205 qui
1256 4123 1343 4187 ultro
1394 4121 1488 4188 Deus
1508 4125 1580 4207 ipse
1602 4124 1709 4189 audiri
1732 4123 1835 4202 debet,
1868 4145 1985 4208 nempe
2013 4125 2099 4207 quod
2126 4125 2365 4206 dereliquirtent

369 4210 576 4277 musiderant
598 4208 717 4275 iudieia
739 4210 814 4294 Dei,
843 4219 877 4275 et
899 4208 1025 4276 nullum
1047 4228 1118 4274 esse
1139 4209 1342 4292 prophetam,
1394 4208 1492 4290 tepent
1517 4228 1617 4273 ιιιιιιι.
1663 4210 1791 4275 Deinde
1822 4210 1980 4294 adiungit,
2014 4231 2108 4292 qaum
2134 4211 2230 4292 poert
2259 4228 2365 4275 norom

368 4297 424 4379 qui
455 4294 599 4378 torpidos
631 4296 760 4362 exeitet.
811 4295 960 4372 Interim,
992 4294 1089 4360 sionti
1120 4293 1185 4358 iam
1219 4293 1342 4360 dietum
1391 4294 1475 4376 faeie
1496 4294 1648 4376 ipsoram.
1686 4295 1751 4360 Hie
1772 4305 1979 4378 praetextum
2002 4298 2120 4362 erroris
2141 4295 2206 4361 illis
2229 4295 2363 4361 exsutit.

368 4382 441 4464 tuit,
469 4381 532 4446 hoo
554 4378 651 4446 modo
679 4379 821 4446 ostendit
848 4381 908 4446 sibi
939 4399 1009 4446 esse
1038 4381 1118 4444 satis
1147 4380 1341 4455 autoritatis,
1394 4378 1552 4445 Poterant
1573 4380 1660 4445 euim
1682 4381 1842 4464 exeipere,
1871 4381 1952 4464 legis
1975 4382 2153 4448 doetrinam
2182 4383 2283 4446 luisse
2305 4381 2362 4446 ob·

368 4468 520 4550 quamvis
552 4485 649 4531 nemo
686 4465 819 4532 aooedat
850 4466 956 4532 eonius
988 4465 1043 4532 vel
1083 4464 1224 4533 adiutor:
1265 4466 1343 4550 qnia
1394 4484 1532 4544 seuram,
1565 4475 1600 4531 et
1631 4487 1666 4532 ee
1698 4467 1798 4532 inisse
1829 4469 1959 4532 institia
1992 4467 2151 4550 deceptos.
2195 4466 2364 4549 Propheta

368 4551 490 4619 oleatus
518 4550 561 4616 eit
582 4571 603 4616 a
624 4553 707 4628 Deo,
740 4560 773 4616 et
801 4551 920 4618 missus
952 4552 993 4616 ad
1026 4552 1112 4617 hane
1145 4551 1340 4635 legationem
1393 4553 1569 4617 antevertit
1590 4553 1711 4632 dioens,
1743 4552 1838 4636 tepeo
1864 4553 1964 4635 fatere
1986 4553 2125 4635 potitam
2146 4573 2249 4620 eoram
2270 4553 2363 4633 ipsiu,

368 4636 545 4704 terendam.
592 4635 757 4719 Sequitur,
1392 4635 1454 4703 hoo
1477 4643 1536 4714 est,
1566 4636 1667 4703 luisee
1689 4639 1768 4703 satis
1790 4657 1954 4721 superque
1976 4640 2105 4705 edootos
2129 4639 2206 4721 quid
2236 4649 2362 4704 neotum

1393 4729 1487 4799 esset,
1522 4722 1600 4804 quid
1629 4723 1772 4805 plaeeret
1793 4724 1879 4790 Deo:
1913 4726 2023 4807 itaque
2055 4726 2179 4791 trustra
2210 4745 2299 4791 nuno
2328 4734 2363 4787 et

455 4859 507 4926 13·
537 4857 581 4924 Et
602 4859 683 4924 dim-3
705 4856 856 4942 lomb,
885 4857 968 4940 Quia
989 4783 1217 4944 mubmm
1244 4859 1342 4943 leym
1393 4808 1594 4874 mendaoiter
1620 4818 1812 4892 praetexere
1844 4811 2022 4889 ineoitiam,
2056 4812 2211 4892 quoniam
2244 4819 2362 4894 sponte

367 4965 602 5116 ιιι
624 5029 936 5096 ι,
963 4941 1341 5114 ιι
1392 4894 2238 5068 ιιᾶ
2257 4897 2362 5064 ιιι

368 5117 603 5183 aequaverant
625 5117 659 5181 ιἰι
680 5136 718 5182 eo
738 5114 813 5202 (hoo
835 5121 896 5194 eet,
918 5115 1097 5184 meandum
1119 5115 1254 5204 ipsam):
1389 5066 1651 5234 matrim&
1665 5085 1770 5220 effi?
1780 5068 1875 5236 pm}
1890 5069 2069 5228 1dirisi-wie,
2080 5069 2135 5218 litte
2146 5067 2361 5236 ξὲἳίἰὲἓῖριίιῗ

351 5279 355 5288 ·
455 5236 505 5301 14.
532 5234 577 5300 Et
597 5235 836 5302 amdtduoeraot
849 5240 925 5316 port
944 5254 978 5301 eo
1005 5236 1142 5303 'tuanen
1167 5236 1244 5322 (vel,
1268 5247 1340 5320 post
1391 5237 1489 5321 palus
1510 5235 1573 5302 sibi
1595 5246 1774 5304 aeaereeret
1796 5259 1899 5304 vanae
1929 5239 2154 5306 exeusationes
2176 5261 2217 5305 ex
2239 5260 2359 5317 errore,

368 5322 624 5389 oontnmaoiam:
655 5342 732 5388 nam
754 5329 894 5405 utroque
915 5341 969 5387 mo
991 5343 1011 5388 o
1033 5328 1168 5389 vertunt
1197 5325 1259 5391 hoo
1282 5345 1339 5388 no·
1392 5322 1664 5405 quemadmodum
1700 5325 1782 5389 solet
1814 5324 1895 5390 fieri.
1948 5325 2139 5404 Oasterum,
2176 5346 2359 5412 quanquam
