5038 6118
394 419 433 484 31
1190 419 1571 488 Pusunuo'ssmtns
2323 427 2364 491 32

391 629 468 675 eune
488 607 647 674 docuerint
666 611 799 675 mettim
844 611 938 678 Unde
959 613 1055 678 etiam
1078 609 1258 695 oolligimus
1280 609 1350 674 nul·
1402 607 1576 686 ministros,
1605 607 1662 690 qui
1689 619 1843 676 exornent
1870 609 1955 677 hano
1980 610 2245 690 iurisdietionem,
2274 631 2363 693 proe-

391 693 457 758 lam
486 694 583 759 fuisse
612 693 685 760 fidei
712 704 837 778 partem
865 696 950 780 apud
978 699 1064 780 ipsos
1086 695 1220 774 salvam,
1249 713 1349 777 quum
1401 691 1486 758 ditos
1523 712 1594 758 esse
1632 693 1804 776 prudentis
1843 707 1877 761 et
1914 697 2048 763 oonsilio
2088 705 2122 762 et
2157 696 2359 762 discretione.

391 778 514 845 seilioet
534 778 579 844 lin
625 799 663 845 ae
685 800 795 845 eorum
810 780 851 846 ad
865 781 1009 848 fallaoias
1024 783 1068 846 ite
1082 780 1212 846 edootas
1229 789 1348 846 esseut:
1403 778 1548 845 Verbum
1570 777 1643 857 Dei,
1666 779 1773 862 inquit
1794 779 1969 862 Apostolus
1990 779 2103 866 (Hebe.
2120 781 2152 858 4,
2172 779 2236 864 12),
2258 780 2362 846 simile

394 861 563 948 quemadm
606 884 659 929 um
682 865 710 930 ei
727 866 799 947 quis
816 886 877 931 usu
897 865 1019 950 aliquid
1037 864 1193 931 didioorit.
1227 864 1347 931 Statim
1401 870 1450 927 εει
1482 861 1589 946 gladio
1621 865 1768 948 aooipiti,
1808 865 1860 932 vol
1891 867 2045 949 utrinque
2077 864 2254 944 eoindeuti,
2287 868 2361 949 quia

391 948 470 1014 illud
499 951 653 1015 ooourrit:
687 950 788 1016 sioubi
817 951 948 1036 linguae
976 954 1131 1017 formatae
1164 956 1240 1016 sunt
1272 969 1349 1014 eon·
1400 957 1550 1029 pensuat
1577 969 1677 1031 usqne
1704 949 1746 1015 ad
1775 949 1884 1027 eorda,
1913 960 1947 1017 et
1975 960 2117 1030 ωεειεε,
2146 960 2179 1017 ει
2204 949 2361 1017 medullas

391 1035 483 1099 tione
516 1054 591 1113 neu,
630 1046 662 1099 ot
693 1037 889 1102 exercitatae
922 1037 964 1102 ad
995 1036 1231 1116 mentiendum,
1264 1036 1348 1100 nibil
1400 1034 1497 1116 ipsas.
1541 1033 1586 1097 Et
1607 1035 1727 1100 seimus
1749 1035 1848 1102 etiam
1869 1035 1948 1118 quid
1969 1036 2056 1102 dieat
2077 1035 2200 1100 Paulus
2223 1033 2267 1120 (1.
2282 1035 2360 1102 Gor.

391 1117 481 1184 aliud
507 1129 640 1201 possunt
668 1139 763 1202 quam
791 1121 930 1187 mentiri.
975 1123 1143 1188 Postremo
1171 1119 1248 1188 dioit
1272 1121 1347 1202 foti·
1401 1117 1451 1197 14,
1466 1117 1530 1204 25),
1553 1117 1592 1184 Si
1612 1121 1684 1202 quis
1700 1120 1896 1204 monedulae,
1918 1121 2032 1205 inquit,
2056 1122 2165 1186 veniet
2183 1122 2219 1185 in
2235 1132 2360 1186 neotum

388 1209 477 1288 puteo
497 1223 562 1269 esee
580 1205 750 1286 mulefioiia
781 1207 856 1272 Hoo
877 1206 1007 1290 quidem
1029 1215 1079 1272 est
1095 1205 1347 1290 hyperbolioum,
1400 1213 1557 1281 vostrum,
1587 1207 1791 1271 examinatur
1819 1206 1889 1271 eins
1916 1206 2128 1272 munientia:
2154 1205 2201 1271 ita
2228 1217 2360 1290 negetur

391 1288 449 1354 sed
470 1289 777 1373 intereaaptissime
798 1293 952 1375 exprimit
970 1292 1129 1375 propheta
1145 1290 1346 1374 deploratum
1399 1308 1434 1352 so
1462 1294 1667 1373 prosternere
1695 1299 1728 1355 et
1757 1291 1834 1356 dare
1860 1291 1997 1375 gloriam
2020 1291 2100 1356 Deo.
2143 1291 2189 1355 Et
2217 1289 2280 1358 huo
2309 1312 2359 1357 re·

390 1373 501 1526 lllli
518 1374 1347 1546 tt?tt”ttttttttfttttttttmtt
1371 1429 1374 1564 t
1398 1374 1507 1524 tit
1522 1374 2359 1547 rtttttl¹tttlitttttttfttttttt

384 1542 461 1626 'quie
493 1545 592 1609 stulta
623 1545 799 1628 eupiditate
830 1546 935 1630 aliquo
968 1547 1107 1631 rapitur,
1146 1565 1211 1611 nou
1245 1547 1347 1629 paruit
1399 1545 1528 1608 nomine
1550 1543 1697 1628 designet
1719 1546 1882 1630 evangelii
1906 1547 2187 1629 praedieationem.
2221 1545 2357 1611 Neoeese

390 1629 499 1706 labori,
521 1639 553 1694 ει
574 1629 636 1695 sibi
656 1629 795 1696 multum
818 1643 918 1710 nooot,
942 1652 1006 1697 non
1021 1633 1121 1698 sentit
1135 1633 1238 1715 ipsam
1253 1633 1346 1697 lassi·
1370 1569 1374 1706 Ι
1398 1639 1447 1694 εει
1467 1630 1567 1714 igitur
1588 1631 1679 1696 verbi
1699 1632 1866 1698 ministros
1888 1631 2067 1697 admonitos
2094 1651 2173 1709 esse,
2202 1644 2240 1694 ut
2261 1629 2356 1712 probe

391 1715 535 1779 tudinem
565 1716 754 1798 quantisper
779 1725 829 1781 est
849 1717 883 1783 in
905 1727 987 1796 antu
1016 1718 1091 1800 quia
1113 1719 1220 1782 fervor
1240 1718 1345 1800 ipsum
1398 1723 1430 1778 et
1444 1735 1517 1781 oum
1533 1715 1642 1782 fruotu
1656 1735 1789 1782 munere
1803 1737 1863 1782 auo
1876 1718 2066 1800 fungantur,
2081 1725 2192 1782 tenere
2207 1715 2357 1793 fallaoiae,

390 1799 568 1865 dementat:
598 1801 643 1865 sio
662 1802 759 1864 etiam
782 1800 868 1882 dioit,
896 1803 982 1884 ipsos
1000 1803 1146 1886 fotfpotoo
1166 1821 1230 1868 eene
1250 1803 1345 1867 mte-
1398 1809 1432 1864 et
1453 1799 1619 1884 ambiguos
1641 1821 1785 1868 reoemus
1808 1803 1923 1885 quibus
1944 1801 2050 1867 εοιεει
2070 1800 2218 1866 homines
2235 1800 2354 1866 fallere.

386 1884 478 1966 fiolis.
534 1884 572 1950 Si
604 1886 678 1966 quie
710 1895 844 1952 venator
881 1891 1084 1971 persequitur
1116 1887 1234 1969 feram,
1271 1887 1346 1970 plue
1398 1885 1559 1965 Quoniam
1592 1905 1669 1970 orgo
1698 1887 1904 1951 multarunt
1931 1886 2118 1952 obsoondito
2146 1886 2181 1950 in
2209 1886 2356 1950 eordibus

389 1969 509 2035 subibit
526 1967 656 2049 laboris,
678 1990 773 2052 quem
788 1971 872 2038 alluo
886 1973 1007 2055 opifex,
1029 1973 1080 2038 vol
1095 1971 1181 2037 ullus
1196 1972 1345 2057 agrieola.
1397 1968 1576 2048 hominum,
1603 1971 1659 2054 qni
1687 1971 1776 2038 volet
1803 1972 1975 2038 effioaeiter
2001 1972 2123 2049 dooere,
2153 1989 2283 2036 εεοεεεε
2309 1981 2356 2036 εει

390 2054 547 2119 Videmus
574 2061 608 2120 et
634 2075 726 2138 reges
754 2057 840 2137 ipsos
868 2065 902 2123 et
929 2058 1050 2123 ouliooe
1077 2077 1225 2141 prooeree
1245 2078 1345 2141 quum
1398 2065 1435 2118 ut
1452 2063 1569 2137 teneat,
1591 2057 1799 2122 oxoutiendos
1814 2077 1884 2123 εεεε
1898 2059 2029 2123 intimos
2043 2055 2190 2124 eordium
2204 2075 2357 2121 reoessno

390 2149 469 2206 sunt
489 2141 524 2204 in
548 2141 730 2223 venatione,
752 2141 798 2205 ite
815 2163 885 2208 eene
900 2151 1094 2226 exeaeoatos,
1119 2152 1154 2206 ut
1168 2143 1266 2208 edam
1281 2162 1346 2209 non
1397 2140 1476 2205 Ideo
1505 2139 1661 2224 propbeta
1689 2141 1815 2207 audivit
1844 2143 1966 2218 aDeo,
1995 2142 2159 2225 populum,
2188 2141 2241 2206 oui
2270 2160 2357 2222 prae·

388 2235 523 2290 oernant
543 2225 643 2291 ullum
667 2226 854 2308 perieulum,
876 2247 936 2291 neo
952 2228 1094 2294 sentiant
1112 2227 1346 2294 lassitudinem.
1397 2224 1500 2290 foetus
1520 2237 1600 2307 erat,
1619 2226 1765 2292 fallaeem
1787 2247 1866 2304 εεεε,
1890 2235 1923 2292 ει
1943 2227 2099 2292 referum
2122 2225 2204 2290 dolis
2219 2245 2256 2290 ao
2270 2225 2356 2292 frou·

388 2310 440 2374 Ita
465 2309 614 2376 videmus
636 2310 782 2376 homines
803 2313 1035 2396 voluptuarios,
1066 2313 1143 2378 dnm
1163 2313 1261 2378 libido
1283 2313 1346 2379 huo
1398 2309 1498 2375 dibus.
1536 2310 1585 2375 Tu
1599 2331 1676 2395 ergo
1697 2311 1819 2378 totius
1838 2313 1875 2376 io
1888 2313 1987 2378 medio
1999 2311 2115 2394 populi
2128 2309 2244 2376 delon:
2266 2311 2357 2393 quoni

251 2467 257 2477 ⁸
389 2395 440 2460 vel
469 2393 546 2461 illue
574 2396 661 2478 ipsos
690 2396 785 2480 rapit,
814 2417 880 2461 non
902 2399 1023 2464 sentire
1044 2397 1143 2463 ullam
1164 2397 1345 2464 molestiam
1398 2395 1527 2476 diaeret,
1549 2396 1622 2462 uiti
1638 2397 1804 2480 negotium
1824 2405 1873 2463 est
1890 2417 1966 2463 oum
1983 2397 2168 2462 bominibus
2185 2395 2356 2477 perversis,

388 2501 430 2544 ex
451 2481 591 2545 maxima
611 2481 807 2565 fatigatione.
840 2482 912 2548 Hae
927 2484 1029 2566 igitur
1043 2481 1255 2548 similitudine
1269 2482 1347 2548 dioit
1397 2481 1507 2564 etqui
1529 2501 1598 2545 non
1617 2491 1744 2546 tautum
1764 2482 1886 2548 soelera
1906 2503 1966 2547 sua
1987 2492 2097 2565 aperta
2118 2481 2270 2565 produnt,
2301 2479 2356 2546 sed

387 2565 546 2648 propheta
576 2567 722 2650 fatiputoe
751 2567 851 2648 [unse
881 2568 1057 2650 malefidis,
1091 2568 1182 2650 quasi
1215 2567 1345 2647 dioeret,
1397 2566 1451 2649 qui
1466 2565 1565 2631 etiam
1581 2564 1710 2647 fallunt,
1733 2567 1787 2632 ubi
1803 2566 1958 2633 simulent
1972 2566 2095 2649 aliquid
2109 2565 2356 2648 resipisoentiae,

387 2649 433 2716 sio
464 2649 606 2716 addietos
633 2651 739 2729 luisse,
770 2663 806 2716 ut
834 2651 982 2736 voluptas
1007 2653 1091 2717 male
1121 2651 1238 2736 agendi
1259 2654 1345 2736 ipsos
1396 2651 1449 2716 vel
1481 2652 1673 2733 profitentur
1703 2672 1738 2717 se
1771 2652 1839 2718 fore
1866 2652 1937 2717 Deo
1965 2653 2150 2736 morigeros
2199 2651 2288 2734 Ergo
2316 2670 2355 2716 uo

386 2754 518 2818 prorsus
537 2746 722 2802 exoaeoarst
744 2747 775 2801 et
793 2736 940 2801 redderet
956 2747 1110 2803 amentes.
1144 2738 1240 2804 Nune
1254 2746 1344 2802 tene·
1396 2735 1560 2801 blanditiis
1574 2737 1644 2800 istis
1657 2737 1804 2801 animum
1820 2749 1914 2801 tuum
1930 2735 2106 2815 debilitent,
2124 2736 2173 2802 vol
2187 2734 2355 2810 deliniant,

387 2840 461 2886 mue
475 2820 643 2887 eonsilium
656 2821 839 2905 prophetae.
867 2821 1057 2902 Ooofirmot,
1072 2822 1344 2906 quemadmodum
1395 2829 1501 2887 statne
1530 2820 1587 2885 tibi
1616 2841 1685 2886 osee
1714 2820 1904 2888 eenmdum
1932 2842 2007 2888 oum
2028 2821 2159 2887 illorum
2180 2819 2355 2886 fraudibus.

386 2904 463 2986 dixi,
493 2906 688 2989 superiorem
718 2904 907 2972 doetrinam.
951 2907 1098 2973 Minatus
1126 2907 1212 2972 enim
1241 2909 1345 2973 fuerat
1395 2906 1487 2972 Haeo
1509 2913 1559 2970 ent
1580 2926 1647 2970 una
1667 2906 1757 2971 ratio
1801 2907 1915 2971 Altera
1936 2919 2061 2972 autem
2086 2907 2162 2989 qnia
2183 2905 2278 2971 sionti
2300 2925 2354 2969 ne·

386 2990 502 3073 populo
530 2991 680 3057 ultimum
701 2992 888 3058 interitum:
918 3012 1031 3058 omnes
1053 3003 1148 3058 erant
1168 2993 1282 3070 seouri,
1312 3003 1345 3057 et
1395 3011 1483 3057 nesse
1506 2999 1556 3056 est
1576 3011 1687 3058 servos
1704 2991 1766 3057 Dei
1787 3011 1980 3075 eognosoere
2001 3011 2113 3057 eorum
2135 2988 2264 3057 fraudes
2278 3009 2356 3074 quoe

386 3076 582 3225 {fefollit
604 3075 977 3226 liiidi⁰fii¹dl⁰lll
998 3077 1120 3227 ,itt
1133 3087 1346 3245 tttt‘tt
1395 3077 2035 3245 tittttffltssttnitffttttt
2050 3075 2356 3246 diffidit?

386 3254 549 3324 metuunt,
577 3252 609 3310 et
638 3267 657 3310 o
685 3265 750 3329 qua
778 3253 893 3328 putant
920 3266 955 3311 se
984 3247 1063 3312 satis
1088 3267 1249 3330 superque
1275 3269 1344 3314 ense
1396 3257 1503 3329 posset
1537 3247 1597 3313 boe
1630 3246 1742 3312 venire
1776 3247 1809 3312 iu
1838 3257 1978 3312 mentem
2008 3248 2114 3313 servis
2142 3245 2216 3311 Dei.
2268 3243 2355 3324 Quid

386 3337 553 3414 protentos.
592 3330 727 3395 Nomai
750 3329 1027 3396 Deueestiudex
1048 3331 1171 3410 mundi,
1192 3333 1344 3414 quemad-
1395 3331 1532 3397 faoiaml
1555 3331 1636 3397 mihi
1657 3332 1744 3397 enim
1767 3333 1911 3400 oooultae
1932 3343 2010 3398 sunt
2028 3331 2195 3397 bominum
2214 3341 2353 3395 mentes:

386 3415 517 3482 modum
546 3427 658 3498 poetae
685 3421 853 3497 sequetur,
883 3418 938 3498 qui
967 3417 1037 3480 fieri
1065 3424 1179 3499 potest,
1210 3425 1246 3480 nt
1270 3439 1345 3485 oon-
1395 3418 1458 3481 iam
1487 3417 1633 3482 doetrina
1665 3415 1759 3482 debet
1790 3430 1961 3500 penetrare
1992 3418 2026 3484 in
2059 3436 2171 3482 omnes
2205 3415 2353 3480 effeetus:

386 3501 497 3567 niveat
525 3521 629 3583 usque
658 3499 699 3564 nd
727 3501 826 3565 finem
855 3499 895 3564 ad
918 3508 1009 3566 tauta
1030 3500 1173 3568 seelera?
1218 3503 1264 3567 Et
1285 3503 1344 3568 hoo
1396 3521 1455 3584 ego
1483 3509 1592 3567 autem
1622 3523 1687 3566 uon
1717 3499 1829 3566 divino
1856 3503 1934 3585 quid
1963 3503 1998 3567 in
2027 3519 2218 3584 unoquoque
2246 3499 2353 3566 lateat.

386 3587 512 3653 ratione
534 3587 631 3651 etiam
653 3585 788 3662 sublinit,
1395 3587 1533 3653 Possent
1561 3587 1662 3668 igitur
1691 3587 1737 3650 ita
1764 3587 1879 3652 animis
1903 3586 2064 3653 debilitari
2087 3585 2132 3669 pii
2154 3585 2301 3650 deuteres
2323 3595 2355 3650 et

1394 3673 1510 3756 frangi,
1539 3671 1593 3736 vel
1622 3691 1752 3753 prorsus
1778 3670 1953 3751 eonoidere,
1980 3673 2045 3737 nini
2065 3672 2157 3737 Dens
2185 3671 2272 3752 ipsos
2291 3669 2354 3734 ful·

467 3808 497 3874 ,5⁸
523 3807 572 3872 p„
597 3805 718 3872 pam,
739 3807 773 3870 ἐκ
793 3807 892 3872 medio
913 3807 977 3872 doli
997 3806 1071 3892 (hm
1092 3817 1151 3884 ost,
1178 3812 1263 3874 inter
1285 3810 1343 3874 ho·
1394 3757 1482 3822 εἱεει.
1531 3755 1604 3822 Hae
1635 3757 1736 3839 igitur
1761 3756 1801 3822 de
1829 3777 1927 3822 eausa
1956 3757 2079 3823 audivit
2107 3755 2264 3822 Ieremias
2292 3755 2354 3820 sibi

384 3893 487 3960 minen
502 3890 640 3958 dolosos:
664 3912 739 3989 nam
755 3890 1011 3990 subaudiendum
1025 3903 1075 3958 eet
1089 3914 1216 3972 nomen,
1232 3914 1343 3976 quem·
1394 3841 1906 3992 νὲἑῗῒῃᾶξᾚθνωωῶορὼ
1924 3842 2033 3908 d⁰l⁰⁸⁰
2047 3856 2079 3906 ⁰⁸
2093 3839 2355 3990 ξ’ῙῙὲθὲἰωΡθῗῗ

384 3976 558 4046 admodum
578 3996 672 4058 saepe
694 3975 771 4040 alibi
788 3976 929 4042 nemus
946 3978 1128 4061 genitivum
1142 3999 1252 4045 nasum
1268 3979 1343 4064 poni
1394 3948 1539 4094 guenta:
1561 4012 1666 4076 sumt
1697 3946 1789 4078 mm
1820 3946 2135 4096 'ffwozgmoi
2169 4031 2189 4074 a
2221 3945 2352 4092 popello:

384 4083 443 4147 ΡΝ
464 4059 617 4146 ⁰Pilh⁰t⁰⁹
639 4070 672 4124 ⁰⁶
693 4061 858 4126 ⁵¹¹b²¹¹di¹i
877 4081 994 4126 mmm
1012 4061 1259 4131 mmmmm·
1292 4065 1342 4130 Tu
1395 4117 1482 4163 nuno
1509 4104 1618 4160 auum
1645 4098 1766 4162 orimen
1798 4097 1877 4161 illud
1905 4107 2091 4180 exaggeret,
2120 4095 2205 4178 quod
2231 4093 2353 4160 soilioet

384 4150 483 4232 ibim
510 4145 637 4212 ΜΝ
664 4145 750 4212 inm
780 4147 928 4246 h.⁰¹.¹¹i¹¹⁰⁸
954 4146 1109 4232 d⁰l⁰⁸⁰⁸)’
1140 4150 1176 4216 'l'
1202 4149 1270 4216 ΜΟ
1297 4170 1343 4216 Μ’
1394 4191 1498 4247 astute
1530 4181 1767 4264 subterfugiant
1797 4202 1927 4246 omnem
1956 4180 2077 4246 lueem:
2110 4181 2203 4263 quoni
2231 4178 2353 4245 dioereo

384 4238 483 4300 ”W
502 4250 674 4315 mm
694 4249 751 4314 'm’
771 4233 847 4298 m
867 4231 1010 4297 Im·
1393 4287 1447 4331 eos
1477 4285 1543 4332 non
1574 4285 1666 4348 posse
1701 4266 1874 4332 obtendere
1906 4286 2066 4344 emerem,
2099 4276 2156 4332 ant
2186 4265 2351 4331 levitatem

1393 4350 1543 4433 aliquam.
1586 4349 1666 4416 Dolo
1693 4351 1779 4416 enim
1807 4357 1941 4417 renuunt
1969 4372 2016 4416 me
2037 4369 2218 4434 oepmeoere,
2247 4351 2354 4432 inquit

467 4435 532 4501 Hie
560 4435 716 4518 propbeta
737 4433 859 4500 induoit
879 4434 989 4501 Deum
1011 4435 1204 4519 loquentem,
1232 4446 1270 4501 ut
1292 4436 1340 4500 in·
1392 4437 1492 4513 Deus,
1515 4434 1576 4500 hoe
1597 4445 1655 4513 eet,
1677 4436 1753 4517 quio
1774 4456 1908 4518 prorsus
1928 4436 1989 4502 sibi
2011 4436 2139 4518 planent
2157 4437 2192 4500 iu
2205 4434 2350 4517 fallaoiis,

386 4519 536 4604 telligsnt
557 4519 669 4584 Iudaei
697 4519 759 4585 sibi
786 4539 851 4584 non
873 4540 943 4586 esse
963 4539 1037 4586 oum
1060 4521 1190 4588 bomine
1211 4521 1340 4586 mortali
1392 4520 1464 4586 ideo
1492 4519 1717 4604 exstinguunt,
1744 4527 1902 4602 qnantum
1930 4522 1964 4587 in
1991 4541 2026 4585 εε
2054 4531 2112 4598 est,
2141 4521 2246 4586 lunum
2276 4518 2353 4586 dota

384 4607 559 4690 negotium.
590 4605 743 4670 Poterant
764 4605 851 4669 enim
873 4625 931 4688 pro
953 4605 1047 4670 solite
1067 4627 1125 4671 ena
1139 4607 1342 4673 oontnmaoie
1392 4625 1504 4689 opera,
1537 4604 1589 4671 vel
1621 4604 1777 4671 oonsulto.
1828 4607 1892 4671 Per
1925 4606 2033 4671 dolum
2068 4606 2168 4689 igitur
2200 4605 2352 4689 intelligit

385 4694 541 4775 exnipere,
570 4691 621 4755 Tu
648 4690 776 4772 quidem
806 4709 866 4754 nos
894 4690 1046 4756 atrooiter
1073 4690 1278 4772 oondemnas,
1307 4700 1340 4756 et
1392 4689 1480 4756 illam
1509 4690 1703 4756 obstinatam
1731 4689 1995 4773 vafritiemque
2022 4689 2122 4756 fiebat
2149 4699 2186 4756 ut
2211 4692 2350 4774 populus

385 4776 537 4860 probrose
566 4773 724 4840 umoris:
753 4773 810 4841 sed
838 4775 909 4857 quis
938 4783 970 4839 te
991 4776 1158 4843 eonstituit
1180 4775 1339 4842 iudioeml
1391 4776 1542 4842 nbiioeret
1561 4795 1689 4840 omnem
1712 4774 1898 4842 doetrinam.
1944 4775 2062 4840 Postea
2082 4776 2238 4859 seqnitur,

386 4862 436 4928 Ne
464 4863 475 4926 i
500 4863 565 4926 'tur
586 4860 775 4925 existiment
796 4858 895 4925 verba
915 4878 998 4941 qnae
1019 4862 1176 4928 bootenue
1197 4861 1340 4944 protulit,

386 4967 456 5012 esse
476 4883 510 5010 ἲ
528 4946 633 5024 minis,
661 4944 712 5009 bio
742 4945 801 5010 Dei
831 4947 1034 5010 autoritatem
1062 4947 1248 5029 interponit,
1281 4946 1339 5026 Ta,
1476 4946 1505 5010 7.
1529 4944 1695 5026 Pronoea
1723 4947 1768 5010 eie
1793 4946 1870 5010 dioit
1891 4944 2027 5010 loborat
2048 4947 2245 5028 meminero,
2272 4945 2352 5012 Eme

386 5031 502 5114 inquit,
532 5031 653 5097 batiae
673 5030 708 5094 ir
728 5029 825 5094 modio
840 5030 952 5111 populi
972 5029 1080 5096 doun.
1124 5029 1188 5098 Sed
1209 5032 1339 5096 interim
1390 5051 1443 5116 eqo
1459 5028 1641 5095 maudo
1658 5050 1707 5095 eoo
1722 5029 1797 5115 (vel,
1818 5030 1978 5095 oonflabo:
2000 5030 2041 5094 ad
2059 5031 2204 5108 verbum,
2226 5030 2350 5098 exami-

387 5115 563 5181 notnndnm
585 5127 644 5196 eet,
669 5113 754 5179 bano
775 5113 1024 5180 admonitionem
1046 5117 1221 5199 prophetoe
1242 5117 1340 5182 luisse
1392 5135 1484 5195 nans,
1515 5114 1565 5181 vel
1593 5115 1757 5199 moliens),
1788 5120 1816 5178 et
1838 5114 1974 5195 probabo
2005 5135 2070 5180 eos:
2100 5135 2174 5181 rom
2202 5117 2351 5198 quamdo

386 5202 597 5268 neeessariam
620 5201 660 5266 ob
680 5198 759 5266 duae
780 5217 902 5264 oannes
946 5199 1031 5265 Nam
1052 5221 1152 5283 quum
1173 5201 1262 5267 Deus
1284 5222 1340 5267 ex·
1391 5221 1511 5285 operm
1545 5219 1614 5267 eum
1648 5200 1718 5279 filio
1749 5198 1803 5283 (ad
1836 5201 1970 5266 verbum
2003 5220 2022 5266 a
2053 5200 2135 5266 lanio
2167 5200 2267 5287 filine)
2290 5221 2351 5284 po·

387 5286 509 5351 eminet
531 5294 654 5352 mentes
675 5293 707 5352 et
728 5283 824 5350 eorde
842 5285 938 5350 verbo
952 5306 1019 5363 suo,
1043 5305 1171 5352 neeesse
1186 5299 1235 5353 est
1250 5286 1341 5352 verbi
1386 5287 1460 5368 puli
1480 5287 1566 5354 mei?
