5158 6124
219 453 281 518 449
906 455 956 521 IN
979 453 1227 522 mauman.
1273 455 1371 523 OAP.
1394 455 1530 524 XXIII.
2154 461 2220 529 450

218 663 313 727 quam
337 644 473 727 reliquis
497 644 557 709 Dei
588 645 709 720 servis.
742 644 805 710 Ubi
835 653 886 710 est
915 663 1012 722 onus,
1043 643 1104 710 hoe
1133 653 1182 710 eet
1217 653 1220 756 q
1245 644 1416 727 doeendus,
1437 647 1491 710 ubi
1515 649 1665 729 experior
1686 646 1853 724 indociles,
1873 651 1938 715 iam
1959 672 2017 717 voe
2036 650 2218 735 relinquam

218 729 374 812 quidnam
403 730 501 794 affers
524 728 632 805 nobis,
666 729 752 813 qnod
783 751 842 796 nos
871 731 993 795 alliniet
1019 689 1192 794 molestiai
1244 731 1399 798 altissim,
1444 732 1609 814 Sequitur,

217 815 290 880 Non
324 822 453 880 tantum
487 816 698 898 contemptim
729 816 945 899 loquebantur
973 815 1014 879 de
1043 834 1194 880 sermone
2011 881 2015 890 ,

218 901 290 976 Dei,
314 901 382 981 eod,
403 900 674 982 quemadmodum
698 903 764 965 iam
786 901 864 976 dixi,
895 903 988 983 qnasi
1013 921 1077 964 non
1101 899 1190 965 sulli-
1329 902 1380 968 34.
1416 903 1460 968 Ei
1486 903 1649 988 propbeta,
1682 910 1710 970 et
1741 905 1899 983 oooerdm,
1934 912 1962 971 et
1988 907 2129 988 populus
2161 908 2217 988 qur·

217 997 306 1053 ooret
333 987 476 1068 ipsorum
508 987 651 1067 malitia,
679 1007 714 1051 se
747 987 836 1069 ipsos
866 986 1041 1051 irritabant
1069 994 1103 1050 et
1135 1006 1191 1049 ex·
1243 988 1371 1072 dixerit,
1404 988 1491 1054 Onus
1525 989 1666 1067 Iebeeoe,
1697 989 1830 1056 visitabo
1862 1011 1957 1072 stipor
1989 994 2092 1058 uirum
2126 993 2217 1060 illum

217 1074 423 1153 asperabant.
476 1070 514 1137 Si
548 1093 625 1157 ergo
654 1078 683 1138 te
710 1073 916 1156 attemperat,
959 1071 1121 1152 ρυοάιιαιιι
1149 1075 1194 1134 eet
1243 1073 1317 1158 (hoo
1335 1083 1393 1152 est,
1417 1078 1601 1158 quinunque
1620 1076 1727 1157 luerit,
1750 1077 1820 1140 sive
1834 1078 2003 1160 propheta.
2022 1080 2093 1142 sive
2110 1097 2216 1144 seuer-
2288 1151 2290 1154 ,

217 1158 320 1224 auus?
352 1158 397 1223 Et
418 1180 483 1222 non
505 1169 630 1222 tanturn
655 1156 694 1222 de
717 1158 852 1240 plebeiis
874 1158 1033 1240 loquitur,
1063 1155 1119 1222 sed
1150 1157 1191 1220 de
1243 1161 1318 1235 dos,
1345 1160 1417 1225 eive
1447 1160 1543 1224 homo
1570 1161 1731 1243 quispiam
1763 1161 1924 1246 vulgaris,
1952 1163 2089 1229 visitabo
2119 1184 2217 1246 snper

216 1243 386 1326 prophetis
415 1245 509 1326 ipsis,
538 1254 572 1308 et
601 1243 831 1310 sacerdotibus.
880 1243 978 1309 Unde
1007 1241 1191 1324 oolligimns
1243 1245 1350 1310 virum
1374 1244 1481 1331 illum)
1503 1249 1531 1310 el
1551 1265 1648 1330 super
1668 1247 1793 1314 ἀοιιιιιιιι
1815 1249 1892 1312 eius.

217 1343 360 1413 quantus
383 1327 447 1393 Dei
469 1337 675 1412 oontemptue
698 1339 866 1411 grassatus
895 1340 974 1393 tuno
1003 1329 1116 1405 luerit,
1144 1327 1190 1392 ite
1627 1338 1630 1345 '

216 1414 367 1479 utnulla
394 1424 480 1480 esset
509 1415 681 1497 integritas
709 1415 743 1479 iu
773 1415 890 1480 ordine
918 1412 1109 1480 saoerdotali
1138 1412 1188 1476 vel
1328 1414 1441 1480 Potuit
1475 1415 1605 1498 quidem
1642 1418 1747 1482 vooari
1780 1416 1951 1500 prophetia
1978 1438 2080 1496 onus,
2113 1438 2216 1501 quum

217 1501 416 1585 prophetiae.
464 1499 587 1565 Mirum
623 1499 752 1582 quidem
786 1511 850 1579 est,
884 1519 949 1582 qua
982 1500 1087 1565 fronto
1120 1501 1189 1563 ausi
1242 1501 1335 1566 triste
1356 1501 1477 1584 aliquid
1497 1503 1688 1567 nuntiabat:
1711 1502 1768 1567 sed
1788 1504 1903 1584 potnit,
1926 1512 1963 1568 ιιι
1981 1504 2128 1570 homiues
2146 1525 2218 1571 sese

217 1587 342 1652 ineunt
363 1607 399 1650 se
420 1587 541 1650 iantare
566 1587 625 1650 Dei
649 1606 776 1666 servos,
804 1587 859 1668 qui
889 1599 999 1650 tamen
1028 1587 1074 1649 sio
1097 1595 1188 1667 petu-
1241 1588 1528 1670 expergelaoerent
1551 1586 1590 1652 ad
1615 1587 1677 1652 Dei
1701 1601 1840 1668 metam,
1864 1587 1991 1668 deinde,
2021 1602 2058 1654 ut
2083 1610 2120 1655 se
2142 1591 2217 1655 hor·

216 1673 324 1738 lenter
345 1671 623 1754 obloquebantur:
646 1672 702 1736 aed
724 1670 811 1736 idem
831 1671 926 1736 hodie
949 1671 1046 1736 etiam
1069 1670 1190 1735 mundo
1243 1683 1392 1738 tarentur
1425 1673 1464 1737 ad
1499 1675 1751 1754 poenitentiam:
1792 1674 1848 1739 sed
1882 1675 2017 1756 respioit
2050 1675 2141 1742 Deus
2175 1675 2217 1740 ad

216 1758 387 1840 nontingit.
433 1758 593 1822 Videmus
616 1759 701 1822 enim
727 1769 763 1821 ut
784 1757 928 1823 Satanae
958 1756 1100 1821 ministri
1123 1776 1188 1820 nou
1242 1759 1375 1840 impiam
1399 1759 1488 1823 illam
1511 1759 1801 1839 eonsuetudiuem,
1829 1759 1913 1842 quod
1937 1762 2059 1827 suilloet
2088 1781 2147 1843 per
2168 1761 2216 1826 ln·
2297 1833 2299 1840 ¹

216 1845 280 1910 alia
308 1843 433 1908 ratione
456 1842 645 1909 devinntnm
672 1843 731 1908 sibi
760 1843 919 1908 mundum
948 1850 1099 1924 teneant,
1127 1843 1189 1906 nisi
1243 1843 1382 1909 dibrium
1401 1843 1564 1910 audebant
1575 1865 1691 1910 voears
1706 1845 1887 1927 quamlibet
1901 1847 2106 1927 prophetiam
2125 1868 2215 1912 onus.

217 1931 293 2013 quia
315 1929 477 1994 deliniunt
493 1929 670 2011 impiorum
688 1929 830 1994 animos:
854 1938 887 1994 et
908 1929 1034 1992 interea
1054 1926 1189 1992 verbum
1242 1929 1289 1993 Et
1311 1931 1387 1995 hino
1409 1939 1546 2012 apparet
1566 1932 1614 1996 sio
1636 1951 1749 1995 omnes
1766 1932 1865 1996 fuisse
1883 1930 2030 1997 addictos
2053 1932 2120 1997 suis
2143 1951 2217 2015 peu·

216 2015 280 2080 Dei
302 2025 481 2080 oausantur
503 2035 573 2078 esee
596 2012 725 2095 plenum
750 2015 900 2094 tristitia,
929 2026 962 2078 et
984 2013 1101 2078 afferre
1125 2033 1190 2078 non
1242 2015 1334 2097 eatis,
1357 2025 1392 2080 ιιι
1415 2035 1535 2080 nomen
1558 2017 1665 2098 ipsum
1681 2015 1793 2082 iudieii
1810 2017 1872 2080 Dei
1891 2029 1977 2082 esset
1994 2017 2059 2082 illis
2077 2016 2217 2083 detesta-

216 2111 343 2167 tantum
366 2100 538 2179 molestias,
561 2100 616 2165 ssd
641 2100 737 2164 etiam
762 2101 935 2166 oruoiatus.
976 2099 1066 2182 Ergo
1088 2118 1190 2180 quum
1243 2101 1316 2164 bile.
1370 2099 1467 2166 Nuno
1500 2107 1650 2167 tenemus
1687 2122 1752 2185 quo
1790 2123 1888 2166 sensu
1930 2101 2014 2167 dieat
2049 2101 2215 2186 prophete,

216 2187 312 2252 hodie
344 2196 519 2271 suggestae
551 2199 711 2266 oootrpant
744 2186 792 2250 illi
825 2186 1022 2265 nebulones,
1054 2186 1109 2266 qui
1143 2185 1190 2248 ita
1243 2185 1568 2269 Deumsumpturum
1586 2186 1943 2270 poenamdeomnibus
1961 2189 2216 2271 quivoeaverint

216 2282 357 2356 gravant
378 2274 452 2338 odio
474 2270 678 2336 etdedenore
695 2292 805 2336 veram
822 2271 1015 2353 doetrinam,
1039 2271 1190 2334 nemire-
1242 2292 1423 2336 sermonum
1447 2273 1517 2338 eius
1545 2293 1637 2338 onus.
1680 2272 1766 2338 Nam
1798 2273 1975 2354 prophetae
2003 2292 2131 2356 quoque
2153 2274 2217 2355 ipsi

216 2379 309 2437 mur,
339 2357 470 2440 quaudo
493 2356 643 2421 videmus
671 2357 732 2423 hoo
760 2358 845 2422 idom
876 2359 996 2422 santum
1027 2355 1127 2421 luisse
1154 2356 1189 2418 in
1241 2357 1287 2420 ita
1309 2357 1397 2439 loqui
1421 2357 1588 2423 solebant:
1619 2369 1650 2422 et
1674 2358 1856 2423 videbimus
1886 2358 1999 2424 multis
2031 2358 2109 2424 loois
2132 2358 2217 2424 Iere-

216 2444 350 2510 eoolesia
373 2444 488 2509 veteri.
533 2439 704 2525 Sequitur,
738 2442 775 2507 Si
804 2449 832 2509 te
860 2443 1095 2524 imerropuearil
1115 2459 1191 2521 pro-
1241 2443 1339 2506 miam
1376 2443 1435 2508 hae
1469 2463 1546 2509 vooe
1580 2444 1679 2509 lusisse
1710 2465 1814 2509 nsum.
1869 2443 1944 2508 Non
1973 2465 2051 2528 ergo
2082 2444 2135 2509 hio
2164 2445 2215 2508 in·

211 2529 310 2613 pissia
326 2529 374 2594 vel
396 2529 550 2604 sacerdos,
577 2529 739 2609 Quodnam
761 2534 804 2594 eat
823 2548 902 2594 onus
925 2527 1084 2592 Isbovue?
1107 2528 1191 2592 dites
1243 2529 1433 2593 differenter
1458 2528 1618 2611 loquitar,
1648 2528 1705 2595 sed
1736 2530 1853 2594 vitium
1882 2529 1961 2594 illnd
1992 2531 2084 2612 quasi
2114 2529 2216 2614 digito

215 2616 258 2681 nd
279 2635 338 2692 eos,
363 2615 450 2696 Quod
467 2611 575 2678 aare?
598 2611 824 2696 Dereliuquom
841 2633 903 2694 vos,
926 2614 1029 2695 inquit
1043 2611 1189 2677 Ioborob.
1242 2625 1410 2689 monstrat,
1434 2613 1517 2696 quod
1540 2614 1664 2680 soilieut
1680 2614 1902 2680 obduruerant
1924 2615 1965 2680 ad
1984 2615 2094 2680 odium
2117 2635 2216 2681 sanae

215 2701 306 2766 Hane
325 2705 375 2766 est
392 2700 822 2784 gravissimanonrminatio.
846 2699 903 2763 esd
921 2719 1004 2782 quae
1022 2718 1087 2762 non
1109 2698 1190 2763 eatis
1242 2699 1408 2765 doetrinae
1437 2698 1565 2776 Iudaei,
1601 2720 1701 2782 quum
1732 2700 1892 2776 dicerent,
1936 2699 2005 2778 Ho,
2021 2719 2023 2724 ·
2039 2701 2216 2783 prophetae

215 2786 315 2868 probe
338 2805 483 2869 expensa
506 2786 576 2850 luit.
619 2783 743 2850 Subest
771 2788 857 2850 enim
885 2785 1060 2848 antithesis
1090 2802 1189 2867 quam
1242 2785 1295 2850 isti
1326 2785 1413 2850 nihil
1440 2785 1527 2849 aliud
1556 2806 1653 2868 quam
1684 2806 1743 2851 nos
1771 2786 1940 2862 territant,
1972 2786 2154 2851 minitando
2182 2795 2216 2852 et

215 2873 411 2954 interpretes
446 2870 634 2955 negligunt,
668 2871 756 2934 inter
789 2871 1007 2954 praesentiam
1042 2869 1124 2944 Dei,
1156 2877 1189 2933 et
1242 2872 1334 2935 nobis
1365 2871 1586 2936 denuntiando
1616 2871 1761 2936 exitium.
1813 2872 1859 2935 Et
1888 2872 1962 2953 quis
1991 2871 2124 2935 tandem
2154 2873 2216 2936 erit

215 2958 406 3023 absentiam.
450 2957 582 3022 Iudaeis
605 2955 686 3021 nihil
710 2957 824 3022 luisset
844 2958 980 3041 gratius,
1004 2975 1101 3037 quam
1126 2955 1187 3018 Dei
1242 2956 1341 3020 linis?
1370 2954 1462 3021 Dioit
1484 2956 1575 3020 Deus
1596 2975 1732 3038 poenam
1760 2977 1795 3020 se
1817 2967 2024 3038 sumpturum
2048 2956 2089 3020 de
2111 2958 2216 3022 omni·

215 3043 394 3108 silentium.
439 3042 541 3124 Atqui
563 3063 629 3107 non
652 3041 716 3105 alia
746 3044 871 3107 ratione
900 3041 1017 3106 melius
1044 3040 1188 3106 deelaret
1242 3042 1370 3123 busqui
1388 3041 1435 3107 sio
1455 3042 1580 3124 loquuti
1599 3042 1675 3120 sint,
1693 3041 2056 3124 etsimuldoipeorum
2072 3041 2214 3108 familiis.

215 3150 250 3194 ee
269 3128 362 3194 nobis
379 3149 449 3192 esee
465 3140 602 3213 patrem,
621 3138 659 3191 ιιι
677 3137 769 3211 gerat
786 3147 895 3192 euram
914 3127 1030 3191 salutis
1048 3135 1187 3202 nostrae,
1240 3127 1337 3193 Unde
1367 3137 1503 3210 apparet
1531 3137 1733 3210 quantopere
1762 3127 1965 3192 abominatus
2000 3127 2099 3194 fuerit
2132 3128 2215 3193 hano

216 3235 314 3298 quam
337 3213 415 3278 dum
437 3213 641 3278 familiariter
664 3233 722 3277 nos
738 3212 923 3294 alloquitur.
958 3213 1049 3295 Ergo
1064 3211 1188 3293 quoties
1240 3212 1488 3296 blasphemiam,
1523 3212 1567 3277 llt
1590 3213 1667 3276 hino
1689 3213 1787 3278 etiam
1808 3215 1957 3278 videmus
1978 3232 2077 3295 quem
2098 3213 2215 3297 pretio·

215 3320 323 3365 sermo
356 3298 565 3382 prophetiens
600 3300 635 3362 in
673 3299 815 3363 medium
846 3299 1000 3372 affertur,
1030 3297 1188 3362 habemus
1240 3319 1298 3364 sue
1318 3300 1364 3364 sit
1385 3297 1458 3362 Deo
1488 3299 1590 3362 honos
1619 3299 1778 3363 sermonis
1805 3299 1864 3364 sui.
1911 3299 2025 3382 Neque
2055 3301 2143 3364 enim
2175 3298 2216 3364 de

106 3417 109 3424 .
215 3399 339 3450 eertum
363 3399 395 3450 et
417 3385 541 3450 alarum
570 3384 793 3448 testimonium
822 3383 1026 3466 praesentiae
1049 3381 1121 3460 Dei,
1150 3403 1188 3450 ao
1240 3383 1384 3467 quolibet
1405 3395 1537 3468 peooato
1559 3384 1677 3467 agitur,
1700 3383 1757 3448 ubi
1775 3383 1965 3449 extenditur
1983 3385 2046 3448 Dei
2071 3384 2216 3450 vindiota

214 3473 242 3538 si
266 3470 366 3536 vellet
390 3470 483 3535 nobis
512 3469 705 3534 ooniunotus
735 3489 814 3536 esse.
860 3469 925 3534 Ubi
955 3475 1064 3533 autem
1094 3469 1187 3551 impii
1241 3490 1344 3553 usquo
1366 3469 1407 3534 ed
1431 3481 1586 3553 posteros.
1627 3467 1768 3534 Perinde
1791 3484 1840 3532 est
1860 3469 1962 3552 igitur
1983 3490 2020 3534 ao
2043 3470 2071 3533 si
2094 3469 2216 3535 dioeret

213 3577 280 3622 non
304 3566 432 3621 tantum
456 3555 631 3640 repudiant
649 3555 711 3620 hoo
733 3565 800 3620 tam
823 3554 989 3638 singulare
1007 3554 1070 3619 Dei
1094 3554 1189 3619 bene·
1240 3555 1415 3638 Ieremias,
1463 3555 1523 3619 hoo
1563 3574 1634 3619 esse
1672 3573 1805 3636 prorsus
1848 3553 2069 3633 intolerabile,
2114 3575 2214 3638 quum

214 3643 340 3723 hoium,
370 3643 426 3706 sed
456 3643 554 3706 etiam
584 3651 742 3724 quantum
771 3641 805 3704 in
834 3661 869 3706 se
895 3648 947 3705 est
969 3641 1089 3704 luriose
1112 3661 1131 3704 a
1153 3660 1188 3706 ee
1240 3641 1387 3706 homines
1421 3660 1491 3705 eeee
1518 3641 1651 3704 irritant
1676 3649 1710 3703 et
1739 3643 1936 3721 exasperant
1964 3638 2121 3704 adversus
2150 3642 2212 3707 Dei

214 3728 396 3812 repellunt,
431 3739 593 3810 expetunt
627 3727 688 3790 Dei
721 3727 912 3792 absentiam.
964 3725 1053 3792 Dioit
1086 3726 1189 3809 igitur
1239 3729 1388 3793 verbum.
1442 3726 1486 3790 llt
1519 3739 1628 3789 tamen
1664 3724 1717 3790 hio
1750 3727 1884 3790 morbus
1918 3743 1983 3788 nun
2017 3723 2081 3790 tuit
2113 3729 2213 3791 unius

213 3813 320 3889 Daue,
355 3811 429 3878 Non
463 3813 599 3894 potestis
632 3812 717 3876 serre
750 3831 932 3877 sermonem
967 3831 1091 3888 meum,
1125 3833 1188 3894 quo
1240 3821 1367 3877 tantam
1400 3808 1529 3876 saeonli.
1574 3810 1734 3875 Videmus
1763 3809 1930 3875 Israeliten
1957 3829 2086 3891 semper
2114 3812 2213 3877 luisse

214 3900 361 3983 symbolo
383 3900 531 3982 signifioo
552 3918 606 3963 me
628 3897 740 3964 adesse
764 3899 855 3962 vobis
878 3907 1097 3979 praesentem,
1120 3897 1188 3980 Epo
1239 3907 1432 3980 oonquestns
1455 3895 1494 3961 de
1524 3896 1632 3979 rigore
1654 3895 1735 3960 Dei:
1765 3896 1853 3960 unde
1882 3895 1981 3960 etiam
2012 3894 2108 3974 illud,
2138 3896 2213 3961 Non

213 4005 266 4051 eos
286 3983 509 4066 derelinquam,
535 3983 595 4047 hoe
613 3994 672 4059 est,
696 4003 756 4066 ego
774 3983 808 4047 id
828 4003 891 4046 non
912 3983 1018 4065 patiar
1035 3982 1188 4063 amplius,
1240 3998 1317 4048 sunt
1349 3988 1515 4047 tortuosae
1548 3983 1622 4046 vias
1655 3981 1809 4060 Domini,
1843 3980 1899 4045 end
1933 3991 2062 4047 vestras
2095 3983 2212 4062 potius,

214 4071 269 4137 sed
294 4070 458 4135 disoedam
481 4091 501 4136 a
523 4069 623 4146 vobis,
650 4069 740 4132 nulla
763 4067 898 4151 posthae
920 4068 983 4131 erit
1005 4067 1186 4149 prophetia,
1239 4067 1354 4134 domus
1382 4067 1484 4132 Israel
1513 4066 1782 4152 (Eaeu.18,25).
1835 4066 1877 4130 llt
1906 4065 1961 4132 hio
1991 4066 2134 4132 notanda
2163 4077 2214 4132 est

214 4157 329 4221 Primo
350 4157 474 4220 intuitu
497 4175 560 4219 non
584 4155 729 4221 suithes
756 4175 857 4237 grave
879 4151 1019 4218 Indaeis
1065 4152 1186 4233 Quem·
1239 4157 1384 4237 pravitas
1397 4153 1532 4218 humani
1551 4155 1684 4236 ingenii.
1720 4152 1803 4216 Nem
1817 4152 1920 4232 Dens,
1941 4150 2212 4234 quemadmodum

214 4241 390 4306 admodum
424 4243 511 4306 enim
546 4241 631 4319 dixi,
670 4240 761 4325 impii
797 4238 882 4304 nihil
915 4240 1019 4322 magis
1052 4241 1188 4323 eupiunt
1239 4250 1317 4305 ante
1340 4239 1461 4304 dietum
1484 4239 1555 4315 tuit,
1578 4239 1660 4303 nihil
1685 4237 1771 4302 alind
1795 4244 1921 4319 speetst
1943 4239 2006 4301 nisi
2030 4248 2065 4302 ut
2089 4257 2147 4302 noe
2170 4237 2213 4304 ad

215 4349 311 4412 quam
335 4327 445 4392 Deum
470 4339 592 4402 tauers,
620 4335 653 4389 et
675 4327 864 4391 existimant
891 4345 927 4390 se
956 4326 1090 4408 adeptos
1118 4347 1188 4392 esee
1240 4347 1274 4391 ee
1297 4324 1442 4390 venando
1465 4324 1561 4389 faeiat
1583 4325 1758 4408 partieipee
1780 4334 1933 4388 aeternae
1956 4325 2042 4387 vitae
2070 4337 2104 4388 et
2126 4323 2213 4389 saln-

215 4433 377 4478 summam
396 4413 593 4493 subeuntem,
617 4412 672 4475 ubi
694 4413 808 4494 sopitis
825 4411 1034 4477 oonenientiie
1052 4411 1114 4476 sibi
1136 4413 1186 4475 in·
1241 4413 1291 4476 tie.
1335 4410 1407 4475 Hoo
1436 4411 1539 4494 igitur
1566 4421 1616 4473 est
1638 4410 1709 4474 Deo
1739 4410 1939 4491 propositum
1970 4427 2030 4472 nus
2060 4410 2212 4501 emplenti

216 4500 353 4584 dulgent
374 4501 407 4564 in
432 4498 500 4563 suis
521 4497 680 4564 sordibus.
714 4497 805 4580 Ergo
824 4497 886 4562 hoo
904 4505 955 4561 eet
977 4498 1187 4580 praeeipuam
1240 4499 1273 4562 in
1297 4496 1436 4562 salutem
1460 4505 1623 4560 nostram:
1655 4495 1710 4561 hie
1731 4506 1782 4560 est
1803 4496 1878 4559 finis
1901 4493 2047 4558 omnium
2072 4495 2212 4577 prophe-

215 4597 330 4649 votum
364 4585 483 4668 impiis,
518 4593 554 4648 ut
584 4582 678 4647 Deus
704 4583 812 4666 presul
848 4584 889 4647 ab
922 4584 1001 4664 ipsis
1035 4583 1187 4649 disnedat.
1240 4583 1369 4647 tiorum.
1413 4580 1491 4647 Ideo
1512 4591 1588 4645 unte
1612 4581 1741 4645 sonavit
1761 4580 1921 4664 propheta
1943 4600 2124 4645 sermonem
2148 4579 2214 4644 Dei

215 4671 282 4737 Sed
305 4680 414 4735 tamen
445 4668 527 4734 nihil
558 4676 610 4732 eet
640 4669 743 4751 magis
772 4667 1062 4733 extimescendum.
1106 4669 1187 4732 Pro·
1241 4668 1396 4732 tritiuum.
1441 4667 1529 4747 Quid
1552 4673 1661 4732 entem
1686 4663 1855 4730 homines?
1885 4666 2115 4748 Asper-nentur
2137 4686 2213 4749 gra·

216 4757 316 4838 pheta
337 4776 415 4840 ergo
436 4755 491 4820 hin
510 4753 654 4820 ostendit
675 4774 730 4818 eos
752 4753 824 4833 plus
847 4755 950 4818 nimio
973 4753 1132 4836 desipere,
1156 4763 1189 4817 et
1240 4755 1320 4818 tiam
1343 4754 1447 4831 illam,
1478 4772 1581 4834 neque
1604 4751 1638 4815 id
1659 4751 1770 4830 modo,
1799 4750 1856 4815 sed
1879 4760 2073 4816 convertunt
2104 4750 2213 4816 eibum

216 4862 350 4925 prorsus
382 4843 558 4908 festinatos
591 4860 662 4904 esso
696 4859 714 4902 a
749 4839 884 4922 diabolo,
918 4839 1071 4922 quoniam
1106 4840 1187 4904 nihil
1213 4817 1215 4899 l
1239 4840 1274 4903 in
1298 4857 1471 4914 venenum,
1495 4858 1553 4901 neo
1570 4837 1724 4902 desinunt
1742 4837 1777 4902 in
1795 4857 1830 4900 ee
1850 4856 2025 4920 provenere
2044 4837 2125 4900 iram
2140 4835 2212 4902 Dei.

215 4930 321 5012 magle
341 4927 476 5010 eupiunt
497 4945 595 5010 quam
619 4923 703 5007 quod
727 4936 797 4988 erat
819 4945 1027 5008 summopere
1052 4924 1188 4990 horren·
1240 4925 1380 5007 Cogitur
1401 4944 1480 5006 ergo
1502 4922 1583 5006 ipsis
1604 4923 1733 4988 minari.
1768 4920 1806 4988 Si
1827 4922 1986 5004 repererit
2005 4942 2064 4986 nos
2083 4920 2213 5000 dooiles,

217 5013 305 5090 dnm,
329 5023 365 5076 ut
387 5013 510 5077 suilioet
533 5013 625 5077 Deus
655 5010 695 5074 ab
718 5011 797 5092 ipsis
827 5008 986 5075 discedat:
1017 5011 1109 5093 quasi
1140 5010 1188 5075 di·
1241 5010 1338 5074 etiam
1362 5008 1484 5074 alliniet
1507 5029 1565 5072 nos
1583 5008 1624 5072 ed
1647 5029 1691 5086 se,
1713 5017 1746 5073 et
1767 5008 1898 5090 quidem
1913 5015 2049 5089 paterna
2066 5006 2212 5072 lenitate.

216 5107 313 5177 neret,
337 5096 483 5162 Verbum
507 5117 618 5161 meum
641 5101 693 5162 est
716 5095 806 5160 vobis
827 5095 975 5174 fastidio,
1007 5117 1068 5180 ego
1091 5096 1187 5161 etiam
1214 5085 1216 5143 i
1241 5095 1309 5160 Nos
1332 5103 1439 5159 autem
1462 5093 1555 5158 illum
1580 5093 1620 5159 ad
1643 5094 1725 5158 iram
1748 5113 1980 5176 proruamus,
2010 5099 2045 5155 et
2066 5093 2213 5175 oogImus

215 5184 361 5250 vinissim
392 5203 480 5246 nuno
509 5203 562 5247 me
595 5182 746 5263 ulnisear,
779 5181 857 5264 quia
886 5180 993 5245 taedio
1026 5181 1106 5247 mihi
1140 5191 1190 5246 eet
1241 5181 1349 5264 ipsum
1393 5178 1631 5262 quodammodo
1672 5179 1808 5244 induere
1848 5178 1987 5242 alienam
2030 5199 2213 5260 personam,

215 5289 291 5334 mea
312 5269 479 5351 patientia,
502 5269 579 5332 dam
602 5268 696 5332 video
718 5289 775 5334 vos
798 5287 862 5332 non
886 5285 980 5349 posse
1002 5267 1070 5331 ullo
1094 5266 1190 5333 modo
1242 5263 1514 5349 quemadmodum
1538 5264 1616 5331 dieit
1638 5285 1673 5330 se
1691 5266 1908 5347 praefraetum
1932 5263 2002 5328 fore
2024 5283 2101 5348 erga
2124 5283 2214 5344 prae·

216 5358 342 5420 sanari:
372 5366 405 5420 et
433 5373 532 5436 quum
561 5352 718 5419 haetenus
748 5351 898 5418 assiduus
929 5353 1043 5418 fuerim
1068 5352 1107 5416 ad
1132 5373 1190 5417 vos
1215 5320 1218 5405 i
1243 5353 1371 5417 lraotas.
1411 5351 1543 5416 Interea
1563 5351 1794 5433 eouqnerimur
1814 5349 1843 5414 si
1868 5350 1957 5414 Deus
1980 5349 2084 5432 rigide
2106 5350 2214 5414 nobis·

324 5455 434 5512 Goioini
451 5469 545 5524 opera
575 5455 634 5510 Vol.
647 5455 828 5510 XXXVIII.
1979 5451 2012 5505 29
