<?xml version="1.0" encoding="UTF-8"?>
<!DOCTYPE html PUBLIC "-//W3C//DTD XHTML 1.0 Transitional//EN"
    "http://www.w3.org/TR/xhtml1/DTD/xhtml1-transitional.dtd">
<html xmlns="http://www.w3.org/1999/xhtml" xml:lang="en" lang="en">
 <head>
  <title>
</title>
<meta http-equiv="Content-Type" content="text/html;charset=utf-8" />
  <meta name='ocr-system' content='tesseract 3.04.00' />
  <meta name='ocr-capabilities' content='ocr_page ocr_carea ocr_par ocr_line ocrx_word'/>
</head>
<body>
  <div class='ocr_page' id='page_1' title='image "./corpusreformato14melagoog_0077.png"; bbox 0 0 5038 6118; ppageno 0'>
   <div class='ocr_carea' id='block_1_1' title="bbox 363 378 2363 454">
    <p class='ocr_par' dir='ltr' id='par_1_1' title="bbox 363 378 2363 454">
     <span class='ocr_line' id='line_1_1' title="bbox 363 378 2363 454; baseline -0.005 0"><span class='ocrx_word' id='word_1_1' title='bbox 363 389 424 454; x_wconf 82' lang='lat'>123</span> <span class='ocrx_word' id='word_1_2' title='bbox 1173 378 1558 448; x_wconf 71' lang='lat' dir='ltr'>Pseunuoelottes</span> <span class='ocrx_word' id='word_1_3' title='bbox 2303 381 2363 445; x_wconf 83' lang='grc'>124</span> 
     </span>
    </p>
   </div>
   <div class='ocr_carea' id='block_1_2' title="bbox 323 565 2362 820">
    <p class='ocr_par' dir='ltr' id='par_1_2' title="bbox 323 565 2362 820">
     <span class='ocr_line' id='line_1_2' title="bbox 360 565 2361 716; baseline -0.004 -76"><span class='ocrx_word' id='word_1_4' title='bbox 360 573 500 640; x_wconf 85' lang='lat' dir='ltr'>Iudaeos</span> <span class='ocrx_word' id='word_1_5' title='bbox 522 565 686 654; x_wconf 72' lang='lat' dir='ltr'>probabile</span> <span class='ocrx_word' id='word_1_6' title='bbox 707 574 765 716; x_wconf 63' lang='grc' dir='ltr'>οεὸ,</span> <span class='ocrx_word' id='word_1_7' title='bbox 788 565 1035 715; x_wconf 68' lang='lat' dir='ltr'>qunmdyellent</span> <span class='ocrx_word' id='word_1_8' title='bbox 1050 565 1208 650; x_wconf 81' lang='lat' dir='ltr'>abrogare</span> <span class='ocrx_word' id='word_1_9' title='bbox 1222 571 1336 634; x_wconf 83' lang='lat' dir='ltr'>saneto</span> <span class='ocrx_word' id='word_1_10' title='bbox 1388 579 1489 667; x_wconf 78' lang='lat' dir='ltr'>noeto.</span> <span class='ocrx_word' id='word_1_11' title='bbox 1534 570 1691 670; x_wconf 81' lang='lat' dir='ltr'>Ieremias</span> <span class='ocrx_word' id='word_1_12' title='bbox 1713 571 1813 636; x_wconf 88' lang='lat' dir='ltr'>etiam</span> <span class='ocrx_word' id='word_1_13' title='bbox 1836 566 2201 668; x_wconf 30' lang='lat' dir='ltr'>iunIsamentationibus</span> <span class='ocrx_word' id='word_1_14' title='bbox 2221 587 2361 651; x_wconf 83' lang='lat' dir='ltr'>eoaque-</span> 
     </span>
     <span class='ocr_line' id='line_1_3' title="bbox 323 651 2362 820; baseline -0.003 -9"><span class='ocrx_word' id='word_1_15' title='bbox 323 723 327 732; x_wconf 87' lang='lat'>·</span> <span class='ocrx_word' id='word_1_16' title='bbox 361 653 721 812; x_wconf 64' lang='lat' dir='ltr'>liltltltllln</span> <span class='ocrx_word' id='word_1_17' title='bbox 755 663 849 802; x_wconf 67' lang='lat' dir='ltr'>tull</span> <span class='ocrx_word' id='word_1_18' title='bbox 877 671 1026 820; x_wconf 60' lang='lat' dir='ltr'>,illd</span> <span class='ocrx_word' id='word_1_19' title='bbox 1039 651 1336 803; x_wconf 59' lang='lat' dir='ltr'>vlillidildil</span> <span class='ocrx_word' id='word_1_20' title='bbox 1388 657 1812 807; x_wconf 61' lang='lat' dir='ltr'>lliltlzllllilll</span> <span class='ocrx_word' id='word_1_21' title='bbox 1822 653 2226 805; x_wconf 46' lang='lat' dir='ltr'>&amp;bilbilim</span> <span class='ocrx_word' id='word_1_22' title='bbox 2257 651 2362 804; x_wconf 59' lang='lat' dir='ltr'>llll</span> 
     </span>
    </p>
   </div>
   <div class='ocr_carea' id='block_1_3' title="bbox 362 821 2499 994">
    <p class='ocr_par' dir='ltr' id='par_1_3' title="bbox 362 821 2499 994">
     <span class='ocr_line' id='line_1_4' title="bbox 362 821 2498 910; baseline -0.004 -15"><span class='ocrx_word' id='word_1_23' title='bbox 362 829 550 896; x_wconf 91' lang='lat' dir='ltr'>multorum.</span> <span class='ocrx_word' id='word_1_24' title='bbox 594 823 674 889; x_wconf 93' lang='lat' dir='ltr'>Ideo</span> <span class='ocrx_word' id='word_1_25' title='bbox 705 832 839 888; x_wconf 78' lang='lat' dir='ltr'>resonat</span> <span class='ocrx_word' id='word_1_26' title='bbox 870 822 924 888; x_wconf 90' lang='lat' dir='ltr'>hio</span> <span class='ocrx_word' id='word_1_27' title='bbox 948 821 1089 888; x_wconf 87' lang='lat' dir='ltr'>Iudaeos</span> <span class='ocrx_word' id='word_1_28' title='bbox 1123 823 1164 888; x_wconf 87' lang='lat' dir='ltr'>ad</span> <span class='ocrx_word' id='word_1_29' title='bbox 1196 823 1336 889; x_wconf 84' lang='lat' dir='ltr'>eoeleste</span> <span class='ocrx_word' id='word_1_30' title='bbox 1388 824 1458 908; x_wconf 93' lang='lat' dir='ltr'>ipse</span> <span class='ocrx_word' id='word_1_31' title='bbox 1480 825 1624 892; x_wconf 90' lang='lat' dir='ltr'>hominis</span> <span class='ocrx_word' id='word_1_32' title='bbox 1646 826 1876 910; x_wconf 88' lang='lat' dir='ltr'>eorrumpitur,</span> <span class='ocrx_word' id='word_1_33' title='bbox 1898 825 2027 890; x_wconf 91' lang='lat' dir='ltr'>nullum</span> <span class='ocrx_word' id='word_1_34' title='bbox 2051 824 2193 906; x_wconf 91' lang='lat' dir='ltr'>amplius</span> <span class='ocrx_word' id='word_1_35' title='bbox 2215 835 2363 908; x_wconf 89' lang='lat' dir='ltr'>superest</span> <span class='ocrx_word' id='word_1_36' title='bbox 2497 869 2498 872; x_wconf 63' lang='lat'>,</span> 
     </span>
     <span class='ocr_line' id='line_1_5' title="bbox 362 906 2499 994; baseline -0.004 -13"><span class='ocrx_word' id='word_1_37' title='bbox 362 915 426 982; x_wconf 90' lang='lat' dir='ltr'>Dei</span> <span class='ocrx_word' id='word_1_38' title='bbox 447 910 610 979; x_wconf 90' lang='lat' dir='ltr'>tribunal:</span> <span class='ocrx_word' id='word_1_39' title='bbox 642 918 675 974; x_wconf 88' lang='lat' dir='ltr'>et</span> <span class='ocrx_word' id='word_1_40' title='bbox 696 906 839 974; x_wconf 76' lang='lat' dir='ltr'><strong>ostendit</strong></span> <span class='ocrx_word' id='word_1_41' title='bbox 861 927 927 972; x_wconf 91' lang='lat' dir='ltr'>non</span> <span class='ocrx_word' id='word_1_42' title='bbox 950 927 1021 972; x_wconf 89' lang='lat' dir='ltr'>esse</span> <span class='ocrx_word' id='word_1_43' title='bbox 1042 908 1173 988; x_wconf 91' lang='lat' dir='ltr'>mirum,</span> <span class='ocrx_word' id='word_1_44' title='bbox 1203 909 1232 974; x_wconf 91' lang='lat' dir='ltr'>ei</span> <span class='ocrx_word' id='word_1_45' title='bbox 1253 929 1336 991; x_wconf 85' lang='lat' dir='ltr'>qnae</span> <span class='ocrx_word' id='word_1_46' title='bbox 1388 911 1476 974; x_wconf 81' lang='lat' dir='ltr'>vitae</span> <span class='ocrx_word' id='word_1_47' title='bbox 1497 911 1687 977; x_wconf 76' lang='lat' dir='ltr'>subsidium.</span> <span class='ocrx_word' id='word_1_48' title='bbox 1731 911 1870 978; x_wconf 89' lang='lat' dir='ltr'>Summa</span> <span class='ocrx_word' id='word_1_49' title='bbox 1891 923 1941 975; x_wconf 90' lang='lat' dir='ltr'>eat</span> <span class='ocrx_word' id='word_1_50' title='bbox 1963 910 2073 994; x_wconf 77' lang='lat' dir='ltr'>igitur,</span> <span class='ocrx_word' id='word_1_51' title='bbox 2097 921 2165 974; x_wconf 90' lang='lat' dir='ltr'>tam</span> <span class='ocrx_word' id='word_1_52' title='bbox 2187 909 2363 976; x_wconf 87' lang='lat' dir='ltr'>erudeliter</span> <span class='ocrx_word' id='word_1_53' title='bbox 2498 948 2499 953; x_wconf 22' lang='grc' dir='ltr'><strong>κ</strong></span> 
     </span>
    </p>
   </div>
   <div class='ocr_carea' id='block_1_4' title="bbox 361 992 2364 1165">
    <p class='ocr_par' dir='ltr' id='par_1_4' title="bbox 361 992 2364 1165">
     <span class='ocr_line' id='line_1_6' title="bbox 361 992 2364 1082; baseline -0.002 -18"><span class='ocrx_word' id='word_1_54' title='bbox 361 999 521 1082; x_wconf 89' lang='lat' dir='ltr'>putabant</span> <span class='ocrx_word' id='word_1_55' title='bbox 547 1017 620 1061; x_wconf 87' lang='lat' dir='ltr'>esse</span> <span class='ocrx_word' id='word_1_56' title='bbox 649 992 838 1059; x_wconf 86' lang='lat' dir='ltr'>abseoudita</span> <span class='ocrx_word' id='word_1_57' title='bbox 865 993 1008 1076; x_wconf 82' lang='lat' dir='ltr'>proferet</span> <span class='ocrx_word' id='word_1_58' title='bbox 1036 993 1071 1056; x_wconf 91' lang='lat' dir='ltr'>in</span> <span class='ocrx_word' id='word_1_59' title='bbox 1101 993 1226 1058; x_wconf 91' lang='lat' dir='ltr'>luoem:</span> <span class='ocrx_word' id='word_1_60' title='bbox 1259 1014 1337 1076; x_wconf 88' lang='lat' dir='ltr'>quo·</span> <span class='ocrx_word' id='word_1_61' title='bbox 1387 995 1494 1080; x_wconf 78' lang='lat' dir='ltr'>egisse</span> <span class='ocrx_word' id='word_1_62' title='bbox 1527 997 1638 1063; x_wconf 87' lang='lat' dir='ltr'>hostes</span> <span class='ocrx_word' id='word_1_63' title='bbox 1672 997 1866 1080; x_wconf 87' lang='lat' dir='ltr'>prophetae,</span> <span class='ocrx_word' id='word_1_64' title='bbox 1900 1005 1936 1059; x_wconf 95' lang='lat' dir='ltr'>ut</span> <span class='ocrx_word' id='word_1_65' title='bbox 1965 995 2088 1059; x_wconf 81' lang='lat' dir='ltr'>vellent</span> <span class='ocrx_word' id='word_1_66' title='bbox 2120 996 2237 1077; x_wconf 82' lang='lat' dir='ltr'>quovis</span> <span class='ocrx_word' id='word_1_67' title='bbox 2270 995 2364 1060; x_wconf 93' lang='lat' dir='ltr'>modo</span> 
     </span>
     <span class='ocr_line' id='line_1_7' title="bbox 361 1078 2364 1165; baseline -0.002 -15"><span class='ocrx_word' id='word_1_68' title='bbox 361 1085 452 1150; x_wconf 90' lang='lat' dir='ltr'>niam</span> <span class='ocrx_word' id='word_1_69' title='bbox 474 1083 599 1150; x_wconf 83' lang='lat' dir='ltr'>scilieet</span> <span class='ocrx_word' id='word_1_70' title='bbox 612 1080 682 1145; x_wconf 85' lang='lat' dir='ltr'>&#39;hoo</span> <span class='ocrx_word' id='word_1_71' title='bbox 704 1078 765 1144; x_wconf 92' lang='lat' dir='ltr'>sibi</span> <span class='ocrx_word' id='word_1_72' title='bbox 787 1080 986 1159; x_wconf 86' lang='lat' dir='ltr'>patelaetum</span> <span class='ocrx_word' id='word_1_73' title='bbox 1009 1079 1052 1142; x_wconf 89' lang='lat' dir='ltr'>sit</span> <span class='ocrx_word' id='word_1_74' title='bbox 1074 1099 1094 1144; x_wconf 90' lang='lat' dir='ltr'>a</span> <span class='ocrx_word' id='word_1_75' title='bbox 1116 1078 1180 1144; x_wconf 87' lang='lat' dir='ltr'>Dei</span> <span class='ocrx_word' id='word_1_76' title='bbox 1206 1079 1335 1162; x_wconf 89' lang='lat' dir='ltr'>spiritu.</span> <span class='ocrx_word' id='word_1_77' title='bbox 1388 1081 1497 1164; x_wconf 90' lang='lat' dir='ltr'>ipsum</span> <span class='ocrx_word' id='word_1_78' title='bbox 1530 1082 1715 1165; x_wconf 83' lang='lat' dir='ltr'>perditum,</span> <span class='ocrx_word' id='word_1_79' title='bbox 1748 1084 1848 1148; x_wconf 86' lang='lat' dir='ltr'>etiam</span> <span class='ocrx_word' id='word_1_80' title='bbox 1881 1082 1910 1144; x_wconf 91' lang='lat' dir='ltr'>si</span> <span class='ocrx_word' id='word_1_81' title='bbox 1941 1101 2069 1145; x_wconf 83' lang='lat' dir='ltr'>veneno</span> <span class='ocrx_word' id='word_1_82' title='bbox 2102 1079 2364 1164; x_wconf 79' lang='lat' dir='ltr'>exstinguendus</span> 
     </span>
    </p>
   </div>
   <div class='ocr_carea' id='block_1_5' title="bbox 254 1161 2364 1252">
    <p class='ocr_par' dir='ltr' id='par_1_5' title="bbox 254 1161 2364 1252">
     <span class='ocr_line' id='line_1_8' title="bbox 254 1161 2364 1252; baseline -0.003 -16"><span class='ocrx_word' id='word_1_83' title='bbox 254 1187 257 1194; x_wconf 82' lang='lat'>·</span> <span class='ocrx_word' id='word_1_84' title='bbox 362 1165 645 1252; x_wconf 73' lang='lat' dir='ltr'><strong>Quemadmodum</strong></span> <span class='ocrx_word' id='word_1_85' title='bbox 680 1164 779 1228; x_wconf 90' lang='lat' dir='ltr'>etiam</span> <span class='ocrx_word' id='word_1_86' title='bbox 808 1161 963 1229; x_wconf 82' lang='lat' dir='ltr'>Christus</span> <span class='ocrx_word' id='word_1_87' title='bbox 996 1164 1157 1246; x_wconf 83' lang='lat' dir='ltr'>loquitur:</span> <span class='ocrx_word' id='word_1_88' title='bbox 1190 1165 1336 1248; x_wconf 83' lang='lat' dir='ltr'>Spiritus</span> <span class='ocrx_word' id='word_1_89' title='bbox 1389 1177 1485 1232; x_wconf 89' lang='lat' dir='ltr'>esset.</span> <span class='ocrx_word' id='word_1_90' title='bbox 1530 1167 1628 1248; x_wconf 79' lang='lat' dir='ltr'>Quod</span> <span class='ocrx_word' id='word_1_91' title='bbox 1652 1168 1779 1251; x_wconf 83' lang='lat' dir='ltr'>lignum</span> <span class='ocrx_word' id='word_1_92' title='bbox 1802 1187 1862 1252; x_wconf 94' lang='lat' dir='ltr'>pro</span> <span class='ocrx_word' id='word_1_93' title='bbox 1884 1187 2009 1232; x_wconf 87' lang='lat' dir='ltr'>veneno</span> <span class='ocrx_word' id='word_1_94' title='bbox 2033 1164 2166 1248; x_wconf 91' lang='lat' dir='ltr'>quidam</span> <span class='ocrx_word' id='word_1_95' title='bbox 2190 1165 2364 1248; x_wconf 85' lang='lat' dir='ltr'>aoeipiunt,</span> 
     </span>
    </p>
   </div>
   <div class='ocr_carea' id='block_1_6' title="bbox 328 1248 2366 1847">
    <p class='ocr_par' dir='ltr' id='par_1_6' title="bbox 328 1248 2366 1847">
     <span class='ocr_line' id='line_1_9' title="bbox 362 1248 2365 1341; baseline -0.004 -19"><span class='ocrx_word' id='word_1_96' title='bbox 362 1277 466 1341; x_wconf 89' lang='lat' dir='ltr'>quum</span> <span class='ocrx_word' id='word_1_97' title='bbox 488 1253 598 1319; x_wconf 83' lang='lat' dir='ltr'>veniet</span> <span class='ocrx_word' id='word_1_98' title='bbox 618 1249 775 1316; x_wconf 91' lang='lat' dir='ltr'>iudioabit</span> <span class='ocrx_word' id='word_1_99' title='bbox 797 1248 957 1314; x_wconf 90' lang='lat' dir='ltr'>mnndum</span> <span class='ocrx_word' id='word_1_100' title='bbox 980 1248 1085 1333; x_wconf 89' lang='lat' dir='ltr'>(Ioan.</span> <span class='ocrx_word' id='word_1_101' title='bbox 1111 1250 1161 1330; x_wconf 88' lang='grc'>16,</span> <span class='ocrx_word' id='word_1_102' title='bbox 1183 1250 1226 1336; x_wconf 89' lang='grc'>8).</span> <span class='ocrx_word' id='word_1_103' title='bbox 1260 1250 1336 1315; x_wconf 90' lang='lat' dir='ltr'>Non</span> <span class='ocrx_word' id='word_1_104' title='bbox 1389 1253 1498 1318; x_wconf 87' lang='lat' dir='ltr'>neseio</span> <span class='ocrx_word' id='word_1_105' title='bbox 1527 1274 1569 1317; x_wconf 92' lang='lat' dir='ltr'>an</span> <span class='ocrx_word' id='word_1_106' title='bbox 1597 1254 1781 1318; x_wconf 79' lang='lat' dir='ltr'>conveniat.</span> <span class='ocrx_word' id='word_1_107' title='bbox 1825 1253 1976 1334; x_wconf 83' lang='lat' dir='ltr'>Fingunt</span> <span class='ocrx_word' id='word_1_108' title='bbox 2005 1250 2059 1316; x_wconf 88' lang='lat' dir='ltr'>hio</span> <span class='ocrx_word' id='word_1_109' title='bbox 2089 1253 2194 1316; x_wconf 89' lang='lat' dir='ltr'>notari</span> <span class='ocrx_word' id='word_1_110' title='bbox 2224 1252 2365 1333; x_wconf 87' lang='lat' dir='ltr'>speeiem</span> 
     </span>
     <span class='ocr_line' id='line_1_10' title="bbox 363 1334 2365 1426; baseline -0.004 -18"><span class='ocrx_word' id='word_1_111' title='bbox 363 1341 516 1426; x_wconf 84' lang='lat' dir='ltr'>apperuit</span> <span class='ocrx_word' id='word_1_112' title='bbox 541 1336 677 1423; x_wconf 88' lang='lat' dir='ltr'>spiritus</span> <span class='ocrx_word' id='word_1_113' title='bbox 707 1335 769 1400; x_wconf 89' lang='lat' dir='ltr'>nisi</span> <span class='ocrx_word' id='word_1_114' title='bbox 799 1337 833 1398; x_wconf 91' lang='lat' dir='ltr'>iu</span> <span class='ocrx_word' id='word_1_115' title='bbox 868 1334 1018 1401; x_wconf 84' lang='lat' dir='ltr'>doetrina</span> <span class='ocrx_word' id='word_1_116' title='bbox 1050 1337 1246 1418; x_wconf 88' lang='lat' dir='ltr'>apostoliea:</span> <span class='ocrx_word' id='word_1_117' title='bbox 1279 1335 1336 1401; x_wconf 90' lang='lat' dir='ltr'>sed</span> <span class='ocrx_word' id='word_1_118' title='bbox 1388 1337 1481 1420; x_wconf 82' lang='lat' dir='ltr'>ligni,</span> <span class='ocrx_word' id='word_1_119' title='bbox 1504 1338 1592 1420; x_wconf 91' lang='lat' dir='ltr'>quod</span> <span class='ocrx_word' id='word_1_120' title='bbox 1615 1339 1681 1404; x_wconf 84' lang='lat' dir='ltr'>vim</span> <span class='ocrx_word' id='word_1_121' title='bbox 1704 1338 1806 1404; x_wconf 88' lang='lat' dir='ltr'>toxioi</span> <span class='ocrx_word' id='word_1_122' title='bbox 1829 1336 1955 1402; x_wconf 86' lang='lat' dir='ltr'>habeat.</span> <span class='ocrx_word' id='word_1_123' title='bbox 2001 1335 2070 1402; x_wconf 85' lang='lat' dir='ltr'>Sed</span> <span class='ocrx_word' id='word_1_124' title='bbox 2091 1335 2174 1401; x_wconf 93' lang='lat' dir='ltr'>illud</span> <span class='ocrx_word' id='word_1_125' title='bbox 2196 1351 2249 1402; x_wconf 91' lang='lat' dir='ltr'>sat</span> <span class='ocrx_word' id='word_1_126' title='bbox 2270 1337 2365 1400; x_wconf 90' lang='lat' dir='ltr'>nimis</span> 
     </span>
     <span class='ocr_line' id='line_1_11' title="bbox 328 1419 2366 1510; baseline -0.003 -18"><span class='ocrx_word' id='word_1_127' title='bbox 328 1476 346 1510; x_wconf 34' lang='grc' dir='ltr'><strong>χ</strong></span> <span class='ocrx_word' id='word_1_128' title='bbox 362 1427 510 1492; x_wconf 89' lang='lat' dir='ltr'>exerouit</span> <span class='ocrx_word' id='word_1_129' title='bbox 547 1444 606 1506; x_wconf 90' lang='lat' dir='ltr'>per</span> <span class='ocrx_word' id='word_1_130' title='bbox 642 1419 803 1503; x_wconf 89' lang='lat' dir='ltr'>apostolos</span> <span class='ocrx_word' id='word_1_131' title='bbox 839 1441 933 1484; x_wconf 88' lang='lat' dir='ltr'>auam</span> <span class='ocrx_word' id='word_1_132' title='bbox 969 1419 1237 1487; x_wconf 87' lang='lat' dir='ltr'>iurisdietionem.</span> <span class='ocrx_word' id='word_1_133' title='bbox 1290 1422 1337 1486; x_wconf 82' lang='lat' dir='ltr'>mt</span> <span class='ocrx_word' id='word_1_134' title='bbox 1389 1434 1556 1506; x_wconf 82' lang='lat' dir='ltr'>argutum.</span> <span class='ocrx_word' id='word_1_135' title='bbox 1593 1422 1792 1508; x_wconf 70' lang='lat' dir='ltr'>Simpliciter</span> <span class='ocrx_word' id='word_1_136' title='bbox 1813 1421 1916 1506; x_wconf 79' lang='lat' dir='ltr'>igitur</span> <span class='ocrx_word' id='word_1_137' title='bbox 1938 1421 2077 1504; x_wconf 87' lang='lat' dir='ltr'>aooipio:</span> <span class='ocrx_word' id='word_1_138' title='bbox 2099 1421 2194 1505; x_wconf 88' lang='lat' dir='ltr'>quasi</span> <span class='ocrx_word' id='word_1_139' title='bbox 2212 1420 2366 1500; x_wconf 89' lang='lat' dir='ltr'>dioerent,</span> 
     </span>
     <span class='ocr_line' id='line_1_12' title="bbox 363 1504 2366 1594; baseline -0.004 -16"><span class='ocrx_word' id='word_1_140' title='bbox 363 1511 528 1594; x_wconf 87' lang='lat' dir='ltr'>apostolus</span> <span class='ocrx_word' id='word_1_141' title='bbox 549 1509 650 1574; x_wconf 88' lang='lat' dir='ltr'>etiam</span> <span class='ocrx_word' id='word_1_142' title='bbox 672 1504 804 1572; x_wconf 86' lang='lat' dir='ltr'>videtur</span> <span class='ocrx_word' id='word_1_143' title='bbox 828 1504 894 1570; x_wconf 90' lang='lat' dir='ltr'>buo</span> <span class='ocrx_word' id='word_1_144' title='bbox 922 1506 1106 1589; x_wconf 80' lang='lat' dir='ltr'>respexisse</span> <span class='ocrx_word' id='word_1_145' title='bbox 1138 1517 1253 1589; x_wconf 85' lang='lat' dir='ltr'>quarto</span> <span class='ocrx_word' id='word_1_146' title='bbox 1283 1527 1337 1573; x_wconf 88' lang='lat' dir='ltr'>oa·</span> <span class='ocrx_word' id='word_1_147' title='bbox 1389 1507 1649 1592; x_wconf 72' lang='lat' dir='ltr'>corrumpamus</span> <span class='ocrx_word' id='word_1_148' title='bbox 1679 1509 1771 1593; x_wconf 81' lang='lat' dir='ltr'>ligno</span> <span class='ocrx_word' id='word_1_149' title='bbox 1801 1509 1872 1573; x_wconf 88' lang='lat' dir='ltr'>eius</span> <span class='ocrx_word' id='word_1_150' title='bbox 1901 1505 2023 1584; x_wconf 84' lang='lat' dir='ltr'>eibum,</span> <span class='ocrx_word' id='word_1_151' title='bbox 2058 1507 2121 1572; x_wconf 91' lang='lat' dir='ltr'>hoo</span> <span class='ocrx_word' id='word_1_152' title='bbox 2150 1515 2217 1582; x_wconf 90' lang='lat' dir='ltr'>est,</span> <span class='ocrx_word' id='word_1_153' title='bbox 2252 1505 2366 1570; x_wconf 91' lang='lat' dir='ltr'>demus</span> 
     </span>
     <span class='ocr_line' id='line_1_13' title="bbox 363 1589 2365 1682; baseline -0.003 -20"><span class='ocrx_word' id='word_1_154' title='bbox 363 1599 432 1682; x_wconf 87' lang='lat' dir='ltr'>pite</span> <span class='ocrx_word' id='word_1_155' title='bbox 463 1595 503 1660; x_wconf 91' lang='lat' dir='ltr'>ad</span> <span class='ocrx_word' id='word_1_156' title='bbox 536 1594 705 1659; x_wconf 87' lang='lat' dir='ltr'>Hebraeos</span> <span class='ocrx_word' id='word_1_157' title='bbox 733 1590 780 1675; x_wconf 81' lang='lat' dir='ltr'>(v.</span> <span class='ocrx_word' id='word_1_158' title='bbox 804 1589 876 1675; x_wconf 83' lang='lat'>12),</span> <span class='ocrx_word' id='word_1_159' title='bbox 909 1612 1011 1674; x_wconf 85' lang='lat' dir='ltr'>quum</span> <span class='ocrx_word' id='word_1_160' title='bbox 1044 1590 1124 1656; x_wconf 90' lang='lat' dir='ltr'>dioit</span> <span class='ocrx_word' id='word_1_161' title='bbox 1152 1613 1336 1658; x_wconf 87' lang='lat' dir='ltr'>sermonem</span> <span class='ocrx_word' id='word_1_162' title='bbox 1388 1593 1515 1676; x_wconf 80' lang='lat' dir='ltr'>lignum</span> <span class='ocrx_word' id='word_1_163' title='bbox 1538 1595 1608 1660; x_wconf 92' lang='lat' dir='ltr'>looo</span> <span class='ocrx_word' id='word_1_164' title='bbox 1630 1595 1734 1677; x_wconf 90' lang='lat' dir='ltr'>panis,</span> <span class='ocrx_word' id='word_1_165' title='bbox 1764 1593 1851 1676; x_wconf 92' lang='lat' dir='ltr'>quod</span> <span class='ocrx_word' id='word_1_166' title='bbox 1873 1613 1933 1658; x_wconf 88' lang='lat' dir='ltr'>sua</span> <span class='ocrx_word' id='word_1_167' title='bbox 1955 1591 2076 1657; x_wconf 87' lang='lat' dir='ltr'>duritie</span> <span class='ocrx_word' id='word_1_168' title='bbox 2106 1590 2216 1657; x_wconf 90' lang='lat' dir='ltr'>laedat</span> <span class='ocrx_word' id='word_1_169' title='bbox 2243 1590 2365 1668; x_wconf 87' lang='lat' dir='ltr'>dentes,</span> 
     </span>
     <span class='ocr_line' id='line_1_14' title="bbox 365 1675 2366 1762; baseline -0.004 -14"><span class='ocrx_word' id='word_1_170' title='bbox 365 1685 428 1749; x_wconf 91' lang='lat' dir='ltr'>Dei</span> <span class='ocrx_word' id='word_1_171' title='bbox 449 1702 520 1746; x_wconf 87' lang='lat' dir='ltr'>esse</span> <span class='ocrx_word' id='word_1_172' title='bbox 541 1679 683 1745; x_wconf 79' lang='lat' dir='ltr'>similem</span> <span class='ocrx_word' id='word_1_173' title='bbox 706 1675 814 1758; x_wconf 83' lang='lat' dir='ltr'>gladio</span> <span class='ocrx_word' id='word_1_174' title='bbox 831 1676 975 1758; x_wconf 74' lang='lat' dir='ltr'>auoipiti</span> <span class='ocrx_word' id='word_1_175' title='bbox 998 1678 1053 1758; x_wconf 92' lang='lat' dir='ltr'>qui</span> <span class='ocrx_word' id='word_1_176' title='bbox 1068 1686 1221 1758; x_wconf 87' lang='lat' dir='ltr'>penetrat</span> <span class='ocrx_word' id='word_1_177' title='bbox 1235 1698 1337 1760; x_wconf 88' lang='lat' dir='ltr'>usque</span> <span class='ocrx_word' id='word_1_178' title='bbox 1389 1677 1477 1761; x_wconf 91' lang='lat' dir='ltr'>quod</span> <span class='ocrx_word' id='word_1_179' title='bbox 1506 1679 1675 1746; x_wconf 87' lang='lat' dir='ltr'>exuleeret</span> <span class='ocrx_word' id='word_1_180' title='bbox 1703 1687 1829 1762; x_wconf 78' lang='lat' dir='ltr'>guttur,</span> <span class='ocrx_word' id='word_1_181' title='bbox 1863 1675 1949 1760; x_wconf 88' lang='lat' dir='ltr'>quod</span> <span class='ocrx_word' id='word_1_182' title='bbox 1971 1698 2038 1742; x_wconf 92' lang='lat' dir='ltr'>non</span> <span class='ocrx_word' id='word_1_183' title='bbox 2067 1678 2170 1760; x_wconf 88' lang='lat' dir='ltr'>possit</span> <span class='ocrx_word' id='word_1_184' title='bbox 2198 1679 2366 1758; x_wconf 86' lang='lat' dir='ltr'>oonooqui‚</span> 
     </span>
     <span class='ocr_line' id='line_1_15' title="bbox 364 1759 2366 1847; baseline -0.005 -12"><span class='ocrx_word' id='word_1_185' title='bbox 364 1769 406 1836; x_wconf 90' lang='lat' dir='ltr'>ad</span> <span class='ocrx_word' id='word_1_186' title='bbox 427 1767 560 1832; x_wconf 91' lang='lat' dir='ltr'>intimas</span> <span class='ocrx_word' id='word_1_187' title='bbox 582 1763 795 1847; x_wconf 84' lang='lat' dir='ltr'>eogitationes</span> <span class='ocrx_word' id='word_1_188' title='bbox 816 1772 848 1827; x_wconf 97' lang='lat' dir='ltr'>et</span> <span class='ocrx_word' id='word_1_189' title='bbox 864 1759 1070 1828; x_wconf 87' lang='lat' dir='ltr'>abseonditos</span> <span class='ocrx_word' id='word_1_190' title='bbox 1083 1782 1211 1842; x_wconf 91' lang='lat' dir='ltr'>seusus,</span> <span class='ocrx_word' id='word_1_191' title='bbox 1235 1785 1337 1845; x_wconf 90' lang='lat' dir='ltr'>usque</span> <span class='ocrx_word' id='word_1_192' title='bbox 1389 1784 1496 1846; x_wconf 88' lang='lat' dir='ltr'>nsque</span> <span class='ocrx_word' id='word_1_193' title='bbox 1518 1766 1603 1830; x_wconf 85' lang='lat' dir='ltr'>verti</span> <span class='ocrx_word' id='word_1_194' title='bbox 1627 1765 1664 1830; x_wconf 93' lang='lat' dir='ltr'>in</span> <span class='ocrx_word' id='word_1_195' title='bbox 1686 1763 1884 1830; x_wconf 87' lang='lat' dir='ltr'>alimoniam.</span> <span class='ocrx_word' id='word_1_196' title='bbox 1929 1763 2003 1828; x_wconf 90' lang='lat' dir='ltr'>Hoo</span> <span class='ocrx_word' id='word_1_197' title='bbox 2025 1778 2075 1828; x_wconf 90' lang='lat' dir='ltr'>est</span> <span class='ocrx_word' id='word_1_198' title='bbox 2096 1762 2198 1846; x_wconf 79' lang='lat' dir='ltr'>igitur</span> <span class='ocrx_word' id='word_1_199' title='bbox 2219 1783 2366 1828; x_wconf 87' lang='lat' dir='ltr'>eorrum-</span> 
     </span>
    </p>
   </div>
   <div class='ocr_carea' id='block_1_7' title="bbox 362 1847 2499 1934">
    <p class='ocr_par' dir='ltr' id='par_1_7' title="bbox 362 1847 2499 1934">
     <span class='ocr_line' id='line_1_16' title="bbox 362 1847 2499 1934; baseline -0.004 -14"><span class='ocrx_word' id='word_1_200' title='bbox 362 1854 404 1920; x_wconf 90' lang='lat' dir='ltr'>ad</span> <span class='ocrx_word' id='word_1_201' title='bbox 427 1851 585 1918; x_wconf 89' lang='lat' dir='ltr'>medullas</span> <span class='ocrx_word' id='word_1_202' title='bbox 607 1849 708 1914; x_wconf 81' lang='lat' dir='ltr'>etiam</span> <span class='ocrx_word' id='word_1_203' title='bbox 729 1847 859 1929; x_wconf 91' lang='lat' dir='ltr'>ossium,</span> <span class='ocrx_word' id='word_1_204' title='bbox 882 1858 915 1912; x_wconf 89' lang='lat' dir='ltr'>at</span> <span class='ocrx_word' id='word_1_205' title='bbox 933 1847 1133 1932; x_wconf 78' lang='lat' dir='ltr'>distinguere</span> <span class='ocrx_word' id='word_1_206' title='bbox 1148 1850 1234 1913; x_wconf 88' lang='lat' dir='ltr'>inter</span> <span class='ocrx_word' id='word_1_207' title='bbox 1249 1848 1336 1931; x_wconf 83' lang='lat' dir='ltr'>eogi·</span> <span class='ocrx_word' id='word_1_208' title='bbox 1389 1869 1467 1930; x_wconf 88' lang='lat' dir='ltr'>pere</span> <span class='ocrx_word' id='word_1_209' title='bbox 1488 1850 1523 1914; x_wconf 92' lang='lat' dir='ltr'>iu</span> <span class='ocrx_word' id='word_1_210' title='bbox 1543 1850 1634 1932; x_wconf 80' lang='lat' dir='ltr'>ligno</span> <span class='ocrx_word' id='word_1_211' title='bbox 1658 1871 1785 1934; x_wconf 87' lang='lat' dir='ltr'>penem,</span> <span class='ocrx_word' id='word_1_212' title='bbox 1815 1848 1869 1913; x_wconf 81' lang='lat' dir='ltr'>vel</span> <span class='ocrx_word' id='word_1_213' title='bbox 1891 1848 1982 1932; x_wconf 76' lang='lat' dir='ltr'>ligno</span> <span class='ocrx_word' id='word_1_214' title='bbox 2009 1868 2222 1930; x_wconf 86' lang='lat' dir='ltr'>eorrumpere</span> <span class='ocrx_word' id='word_1_215' title='bbox 2248 1847 2366 1924; x_wconf 86' lang='lat' dir='ltr'>eibum,</span> <span class='ocrx_word' id='word_1_216' title='bbox 2498 1872 2499 1885; x_wconf 42' lang='grc' dir='ltr'>ι</span> 
     </span>
    </p>
   </div>
   <div class='ocr_carea' id='block_1_8' title="bbox 362 1933 2376 4924">
    <p class='ocr_par' dir='ltr' id='par_1_8' title="bbox 362 1933 2376 4924">
     <span class='ocr_line' id='line_1_17' title="bbox 363 1933 2367 2020; baseline -0.005 -15"><span class='ocrx_word' id='word_1_217' title='bbox 363 1940 503 2005; x_wconf 90' lang='lat' dir='ltr'>tationes</span> <span class='ocrx_word' id='word_1_218' title='bbox 534 1945 569 2001; x_wconf 90' lang='lat' dir='ltr'>at</span> <span class='ocrx_word' id='word_1_219' title='bbox 601 1934 746 2000; x_wconf 82' lang='lat' dir='ltr'>effeetus.</span> <span class='ocrx_word' id='word_1_220' title='bbox 803 1933 892 2016; x_wconf 81' lang='lat' dir='ltr'>Ergo</span> <span class='ocrx_word' id='word_1_221' title='bbox 925 1933 1087 2014; x_wconf 84' lang='lat' dir='ltr'>prophete</span> <span class='ocrx_word' id='word_1_222' title='bbox 1128 1934 1232 2016; x_wconf 91' lang='lat' dir='ltr'>primo</span> <span class='ocrx_word' id='word_1_223' title='bbox 1265 1934 1337 1998; x_wconf 83' lang='lat' dir='ltr'>loeo</span> <span class='ocrx_word' id='word_1_224' title='bbox 1389 1935 1497 2001; x_wconf 88' lang='lat' dir='ltr'>faeere</span> <span class='ocrx_word' id='word_1_225' title='bbox 1528 1946 1565 2000; x_wconf 92' lang='lat' dir='ltr'>ut</span> <span class='ocrx_word' id='word_1_226' title='bbox 1598 1935 1727 2020; x_wconf 86' lang='lat' dir='ltr'>liguum</span> <span class='ocrx_word' id='word_1_227' title='bbox 1760 1941 1948 2016; x_wconf 88' lang='lat' dir='ltr'>eorrumpat</span> <span class='ocrx_word' id='word_1_228' title='bbox 1981 1953 2116 2016; x_wconf 87' lang='lat' dir='ltr'>panem,</span> <span class='ocrx_word' id='word_1_229' title='bbox 2154 1953 2274 2015; x_wconf 89' lang='lat' dir='ltr'>nempe</span> <span class='ocrx_word' id='word_1_230' title='bbox 2308 1951 2367 1997; x_wconf 88' lang='lat' dir='ltr'>sua</span> 
     </span>
     <span class='ocr_line' id='line_1_18' title="bbox 362 2017 2367 2102; baseline -0.005 -12"><span class='ocrx_word' id='word_1_231' title='bbox 362 2022 506 2090; x_wconf 87' lang='lat' dir='ltr'>ostendit</span> <span class='ocrx_word' id='word_1_232' title='bbox 527 2042 592 2085; x_wconf 91' lang='lat' dir='ltr'>non</span> <span class='ocrx_word' id='word_1_233' title='bbox 615 2020 736 2083; x_wconf 90' lang='lat' dir='ltr'>mirum</span> <span class='ocrx_word' id='word_1_234' title='bbox 757 2039 843 2094; x_wconf 85' lang='lat' dir='ltr'>esse,</span> <span class='ocrx_word' id='word_1_235' title='bbox 877 2019 907 2082; x_wconf 91' lang='lat' dir='ltr'>si</span> <span class='ocrx_word' id='word_1_236' title='bbox 928 2018 1126 2083; x_wconf 87' lang='lat' dir='ltr'>oonsoendat</span> <span class='ocrx_word' id='word_1_237' title='bbox 1152 2039 1253 2101; x_wconf 90' lang='lat' dir='ltr'>supra</span> <span class='ocrx_word' id='word_1_238' title='bbox 1277 2020 1337 2084; x_wconf 90' lang='lat' dir='ltr'>bu·</span> <span class='ocrx_word' id='word_1_239' title='bbox 1389 2020 1522 2097; x_wconf 86' lang='lat' dir='ltr'>duritia,</span> <span class='ocrx_word' id='word_1_240' title='bbox 1552 2022 1603 2085; x_wconf 81' lang='lat' dir='ltr'>vel</span> <span class='ocrx_word' id='word_1_241' title='bbox 1627 2021 1683 2085; x_wconf 94' lang='lat' dir='ltr'>ubi</span> <span class='ocrx_word' id='word_1_242' title='bbox 1712 2020 1919 2102; x_wconf 86' lang='lat' dir='ltr'>putredinem</span> <span class='ocrx_word' id='word_1_243' title='bbox 1947 2018 2159 2084; x_wconf 86' lang='lat' dir='ltr'>ooutraxerit.</span> <span class='ocrx_word' id='word_1_244' title='bbox 2204 2017 2246 2082; x_wconf 91' lang='lat' dir='ltr'>Iu</span> <span class='ocrx_word' id='word_1_245' title='bbox 2268 2038 2367 2082; x_wconf 90' lang='lat' dir='ltr'>sensu</span> 
     </span>
     <span class='ocr_line' id='line_1_19' title="bbox 364 2102 2368 2190; baseline -0.005 -13"><span class='ocrx_word' id='word_1_246' title='bbox 364 2129 462 2177; x_wconf 90' lang='lat' dir='ltr'>mana</span> <span class='ocrx_word' id='word_1_247' title='bbox 483 2106 619 2172; x_wconf 91' lang='lat' dir='ltr'>iudieia:</span> <span class='ocrx_word' id='word_1_248' title='bbox 642 2104 798 2187; x_wconf 88' lang='lat' dir='ltr'>quoniam</span> <span class='ocrx_word' id='word_1_249' title='bbox 820 2103 943 2170; x_wconf 89' lang='lat' dir='ltr'>soilioet</span> <span class='ocrx_word' id='word_1_250' title='bbox 962 2103 1129 2185; x_wconf 89' lang='lat' dir='ltr'>praeditus</span> <span class='ocrx_word' id='word_1_251' title='bbox 1143 2105 1187 2170; x_wconf 90' lang='lat' dir='ltr'>sit</span> <span class='ocrx_word' id='word_1_252' title='bbox 1202 2104 1338 2188; x_wconf 88' lang='lat' dir='ltr'>spiritus</span> <span class='ocrx_word' id='word_1_253' title='bbox 1390 2105 1482 2170; x_wconf 91' lang='lat' dir='ltr'>nulla</span> <span class='ocrx_word' id='word_1_254' title='bbox 1503 2115 1554 2172; x_wconf 85' lang='lat' dir='ltr'>est</span> <span class='ocrx_word' id='word_1_255' title='bbox 1574 2104 1780 2190; x_wconf 85' lang='lat' dir='ltr'>ambiguitas.</span> <span class='ocrx_word' id='word_1_256' title='bbox 1814 2104 1912 2186; x_wconf 77' lang='lat' dir='ltr'>Quod</span> <span class='ocrx_word' id='word_1_257' title='bbox 1934 2113 2043 2169; x_wconf 89' lang='lat' dir='ltr'>autem</span> <span class='ocrx_word' id='word_1_258' title='bbox 2067 2113 2195 2168; x_wconf 81' lang='lat' dir='ltr'>veteres</span> <span class='ocrx_word' id='word_1_259' title='bbox 2216 2102 2280 2168; x_wconf 87' lang='lat' dir='ltr'>boe</span> <span class='ocrx_word' id='word_1_260' title='bbox 2299 2102 2368 2166; x_wconf 87' lang='lat' dir='ltr'>loeo</span> 
     </span>
     <span class='ocr_line' id='line_1_20' title="bbox 363 2185 2368 2271; baseline -0.005 -9"><span class='ocrx_word' id='word_1_261' title='bbox 363 2194 469 2262; x_wconf 88' lang='lat' dir='ltr'>saneti</span> <span class='ocrx_word' id='word_1_262' title='bbox 490 2191 674 2257; x_wconf 87' lang='lat' dir='ltr'>autoritate.</span> <span class='ocrx_word' id='word_1_263' title='bbox 717 2188 847 2253; x_wconf 89' lang='lat' dir='ltr'>Deinde</span> <span class='ocrx_word' id='word_1_264' title='bbox 869 2187 1033 2271; x_wconf 84' lang='lat' dir='ltr'>adiungit,</span> <span class='ocrx_word' id='word_1_265' title='bbox 1063 2209 1099 2254; x_wconf 91' lang='lat' dir='ltr'>se</span> <span class='ocrx_word' id='word_1_266' title='bbox 1122 2211 1190 2254; x_wconf 91' lang='lat' dir='ltr'>non</span> <span class='ocrx_word' id='word_1_267' title='bbox 1220 2190 1339 2254; x_wconf 81' lang='lat' dir='ltr'>afferre</span> <span class='ocrx_word' id='word_1_268' title='bbox 1390 2191 1483 2256; x_wconf 90' lang='lat' dir='ltr'>abusi</span> <span class='ocrx_word' id='word_1_269' title='bbox 1505 2201 1599 2270; x_wconf 90' lang='lat' dir='ltr'>sunt,</span> <span class='ocrx_word' id='word_1_270' title='bbox 1633 2191 1733 2255; x_wconf 90' lang='lat' dir='ltr'>nimis</span> <span class='ocrx_word' id='word_1_271' title='bbox 1754 2191 1817 2254; x_wconf 86' lang='lat' dir='ltr'>init</span> <span class='ocrx_word' id='word_1_272' title='bbox 1840 2190 1973 2271; x_wconf 83' lang='lat' dir='ltr'>puerile,</span> <span class='ocrx_word' id='word_1_273' title='bbox 2007 2209 2109 2270; x_wconf 93' lang='lat' dir='ltr'>quum</span> <span class='ocrx_word' id='word_1_274' title='bbox 2132 2190 2307 2254; x_wconf 78' lang='lat' dir='ltr'>traherent</span> <span class='ocrx_word' id='word_1_275' title='bbox 2329 2185 2368 2252; x_wconf 91' lang='lat' dir='ltr'>ad</span> 
     </span>
     <span class='ocr_line' id='line_1_21' title="bbox 365 2272 2369 2358; baseline -0.005 -11"><span class='ocrx_word' id='word_1_276' title='bbox 365 2280 450 2347; x_wconf 92' lang='lat' dir='ltr'>ullos</span> <span class='ocrx_word' id='word_1_277' title='bbox 478 2279 585 2344; x_wconf 87' lang='lat' dir='ltr'>narnis</span> <span class='ocrx_word' id='word_1_278' title='bbox 615 2275 769 2354; x_wconf 82' lang='lat' dir='ltr'>effeetus,</span> <span class='ocrx_word' id='word_1_279' title='bbox 801 2272 859 2339; x_wconf 91' lang='lat' dir='ltr'>sed</span> <span class='ocrx_word' id='word_1_280' title='bbox 890 2274 1016 2357; x_wconf 92' lang='lat' dir='ltr'>impelli</span> <span class='ocrx_word' id='word_1_281' title='bbox 1048 2295 1131 2356; x_wconf 94' lang='lat' dir='ltr'>puro</span> <span class='ocrx_word' id='word_1_282' title='bbox 1156 2275 1219 2340; x_wconf 89' lang='lat' dir='ltr'>Dei</span> <span class='ocrx_word' id='word_1_283' title='bbox 1252 2275 1338 2340; x_wconf 81' lang='lat' dir='ltr'>selo:</span> <span class='ocrx_word' id='word_1_284' title='bbox 1390 2296 1508 2358; x_wconf 86' lang='lat' dir='ltr'>eorpus</span> <span class='ocrx_word' id='word_1_285' title='bbox 1542 2275 1678 2343; x_wconf 83' lang='lat' dir='ltr'>Obristi.</span> <span class='ocrx_word' id='word_1_286' title='bbox 1736 2276 1783 2340; x_wconf 86' lang='lat' dir='ltr'>Et</span> <span class='ocrx_word' id='word_1_287' title='bbox 1819 2273 1915 2339; x_wconf 88' lang='lat' dir='ltr'>bodie</span> <span class='ocrx_word' id='word_1_288' title='bbox 1951 2283 2063 2339; x_wconf 90' lang='lat' dir='ltr'>tamen</span> <span class='ocrx_word' id='word_1_289' title='bbox 2098 2275 2249 2357; x_wconf 88' lang='lat' dir='ltr'>papistas</span> <span class='ocrx_word' id='word_1_290' title='bbox 2286 2273 2369 2336; x_wconf 87' lang='lat' dir='ltr'>miro</span> 
     </span>
     <span class='ocr_line' id='line_1_22' title="bbox 368 2358 2369 2448; baseline -0.003 -19"><span class='ocrx_word' id='word_1_291' title='bbox 368 2365 522 2448; x_wconf 78' lang='lat' dir='ltr'>Quoniam</span> <span class='ocrx_word' id='word_1_292' title='bbox 549 2362 664 2428; x_wconf 66' lang='lat' dir='ltr'>sedeat</span> <span class='ocrx_word' id='word_1_293' title='bbox 692 2359 854 2424; x_wconf 58' lang='lat' dir='ltr'>manmit</span> <span class='ocrx_word' id='word_1_294' title='bbox 877 2380 1027 2440; x_wconf 66' lang='lat' dir='ltr'>merso</span> <span class='ocrx_word' id='word_1_295' title='bbox 1058 2380 1165 2425; x_wconf 83' lang='lat' dir='ltr'>eoram</span> <span class='ocrx_word' id='word_1_296' title='bbox 1196 2360 1339 2426; x_wconf 77' lang='lat' dir='ltr'>oonsilio.</span> <span class='ocrx_word' id='word_1_297' title='bbox 1390 2361 1586 2445; x_wconf 89' lang='lat' dir='ltr'>superbiunt</span> <span class='ocrx_word' id='word_1_298' title='bbox 1611 2361 1647 2425; x_wconf 92' lang='lat' dir='ltr'>iu</span> <span class='ocrx_word' id='word_1_299' title='bbox 1670 2361 1733 2425; x_wconf 81' lang='lat' dir='ltr'>lsao</span> <span class='ocrx_word' id='word_1_300' title='bbox 1754 2360 1920 2443; x_wconf 84' lang='lat' dir='ltr'>allegoria,</span> <span class='ocrx_word' id='word_1_301' title='bbox 1950 2380 2034 2441; x_wconf 88' lang='lat' dir='ltr'>quae</span> <span class='ocrx_word' id='word_1_302' title='bbox 2061 2379 2197 2442; x_wconf 88' lang='lat' dir='ltr'>prorsus</span> <span class='ocrx_word' id='word_1_303' title='bbox 2226 2358 2369 2440; x_wconf 88' lang='lat' dir='ltr'>insipida</span> 
     </span>
     <span class='ocr_line' id='line_1_23' title="bbox 366 2444 2369 2528; baseline -0.005 -10"><span class='ocrx_word' id='word_1_304' title='bbox 366 2451 457 2518; x_wconf 89' lang='lat' dir='ltr'>Dioit</span> <span class='ocrx_word' id='word_1_305' title='bbox 478 2457 588 2514; x_wconf 90' lang='lat' dir='ltr'>autem</span> <span class='ocrx_word' id='word_1_306' title='bbox 610 2445 746 2510; x_wconf 64' lang='lat' dir='ltr'>emma</span> <span class='ocrx_word' id='word_1_307' title='bbox 767 2465 800 2508; x_wconf 81' lang='lat' dir='ltr'>se</span> <span class='ocrx_word' id='word_1_308' title='bbox 818 2444 921 2525; x_wconf 81' lang='lat' dir='ltr'>fuisse</span> <span class='ocrx_word' id='word_1_309' title='bbox 941 2464 1022 2528; x_wconf 70' lang='lat' dir='ltr'>apro</span> <span class='ocrx_word' id='word_1_310' title='bbox 1043 2450 1071 2510; x_wconf 73' lang='lat' dir='ltr'>d</span> <span class='ocrx_word' id='word_1_311' title='bbox 1095 2445 1180 2523; x_wconf 82' lang='lat' dir='ltr'>boui,</span> <span class='ocrx_word' id='word_1_312' title='bbox 1210 2457 1267 2511; x_wconf 83' lang='lat' dir='ltr'>aut</span> <span class='ocrx_word' id='word_1_313' title='bbox 1291 2447 1337 2509; x_wconf 84' lang='lat' dir='ltr'>vi·</span> <span class='ocrx_word' id='word_1_314' title='bbox 1391 2455 1456 2513; x_wconf 89' lang='lat' dir='ltr'>ast:</span> <span class='ocrx_word' id='word_1_315' title='bbox 1488 2446 1568 2511; x_wconf 91' lang='lat' dir='ltr'>dum</span> <span class='ocrx_word' id='word_1_316' title='bbox 1591 2447 1707 2511; x_wconf 86' lang='lat' dir='ltr'>volunt</span> <span class='ocrx_word' id='word_1_317' title='bbox 1733 2445 1870 2528; x_wconf 91' lang='lat' dir='ltr'>probare</span> <span class='ocrx_word' id='word_1_318' title='bbox 1893 2465 2010 2528; x_wconf 91' lang='lat' dir='ltr'>panem</span> <span class='ocrx_word' id='word_1_319' title='bbox 2034 2446 2181 2510; x_wconf 81' lang='lat' dir='ltr'>oonaerti</span> <span class='ocrx_word' id='word_1_320' title='bbox 2204 2454 2238 2509; x_wconf 88' lang='lat' dir='ltr'>et</span> <span class='ocrx_word' id='word_1_321' title='bbox 2259 2452 2369 2522; x_wconf 79' lang='lat' dir='ltr'>trans·</span> 
     </span>
     <span class='ocr_line' id='line_1_24' title="bbox 366 2528 2368 2614; baseline -0.006 -10"><span class='ocrx_word' id='word_1_322' title='bbox 366 2536 448 2603; x_wconf 89' lang='lat' dir='ltr'>tulo.</span> <span class='ocrx_word' id='word_1_323' title='bbox 491 2533 557 2599; x_wconf 87' lang='lat' dir='ltr'>Hie</span> <span class='ocrx_word' id='word_1_324' title='bbox 586 2552 652 2595; x_wconf 90' lang='lat' dir='ltr'>non</span> <span class='ocrx_word' id='word_1_325' title='bbox 684 2529 903 2613; x_wconf 89' lang='lat' dir='ltr'>interponitur</span> <span class='ocrx_word' id='word_1_326' title='bbox 935 2529 1065 2611; x_wconf 80' lang='lat' dir='ltr'>copula,</span> <span class='ocrx_word' id='word_1_327' title='bbox 1099 2531 1172 2594; x_wconf 89' lang='lat' dir='ltr'>ideo</span> <span class='ocrx_word' id='word_1_328' title='bbox 1205 2529 1339 2614; x_wconf 89' lang='lat' dir='ltr'>quidem</span> <span class='ocrx_word' id='word_1_329' title='bbox 1391 2532 1615 2610; x_wconf 77' lang='lat' dir='ltr'>substantiam,</span> <span class='ocrx_word' id='word_1_330' title='bbox 1644 2541 1682 2597; x_wconf 87' lang='lat' dir='ltr'>ut</span> <span class='ocrx_word' id='word_1_331' title='bbox 1706 2531 1770 2614; x_wconf 89' lang='lat' dir='ltr'>ipsi</span> <span class='ocrx_word' id='word_1_332' title='bbox 1799 2531 1990 2613; x_wconf 88' lang='lat' dir='ltr'>loquuntur,</span> <span class='ocrx_word' id='word_1_333' title='bbox 2019 2531 2054 2594; x_wconf 92' lang='lat' dir='ltr'>iu</span> <span class='ocrx_word' id='word_1_334' title='bbox 2077 2528 2204 2595; x_wconf 85' lang='lat' dir='ltr'>Christi</span> <span class='ocrx_word' id='word_1_335' title='bbox 2233 2549 2368 2612; x_wconf 84' lang='lat' dir='ltr'>eorpus:</span> 
     </span>
     <span class='ocr_line' id='line_1_25' title="bbox 367 2615 2371 2702; baseline -0.005 -14"><span class='ocrx_word' id='word_1_336' title='bbox 367 2622 571 2702; x_wconf 83' lang='lat' dir='ltr'>ooniungunt</span> <span class='ocrx_word' id='word_1_337' title='bbox 593 2625 770 2696; x_wconf 84' lang='lat' dir='ltr'>utrumque</span> <span class='ocrx_word' id='word_1_338' title='bbox 792 2633 930 2680; x_wconf 89' lang='lat' dir='ltr'>nomen:</span> <span class='ocrx_word' id='word_1_339' title='bbox 960 2615 1006 2678; x_wconf 82' lang='lat' dir='ltr'>Et</span> <span class='ocrx_word' id='word_1_340' title='bbox 1027 2635 1088 2698; x_wconf 81' lang='lat' dir='ltr'>ego</span> <span class='ocrx_word' id='word_1_341' title='bbox 1109 2615 1197 2681; x_wconf 91' lang='lat' dir='ltr'>siout</span> <span class='ocrx_word' id='word_1_342' title='bbox 1219 2616 1340 2682; x_wconf 83' lang='lat' dir='ltr'>vitulus</span> <span class='ocrx_word' id='word_1_343' title='bbox 1392 2615 1559 2682; x_wconf 85' lang='lat' dir='ltr'>eddueunt</span> <span class='ocrx_word' id='word_1_344' title='bbox 1580 2615 1771 2700; x_wconf 83' lang='lat' dir='ltr'>Origenem,</span> <span class='ocrx_word' id='word_1_345' title='bbox 1802 2615 1970 2682; x_wconf 89' lang='lat' dir='ltr'>eddueunt</span> <span class='ocrx_word' id='word_1_346' title='bbox 1998 2615 2098 2679; x_wconf 88' lang='lat' dir='ltr'>etiam</span> <span class='ocrx_word' id='word_1_347' title='bbox 2121 2615 2310 2692; x_wconf 65' lang='lat' dir='ltr'>hammum,</span> <span class='ocrx_word' id='word_1_348' title='bbox 2338 2617 2371 2678; x_wconf 90' lang='lat' dir='ltr'>et</span> 
     </span>
     <span class='ocr_line' id='line_1_26' title="bbox 368 2698 2370 2784; baseline -0.006 -9"><span class='ocrx_word' id='word_1_349' title='bbox 368 2705 551 2775; x_wconf 89' lang='lat' dir='ltr'>anuieulus.</span> <span class='ocrx_word' id='word_1_350' title='bbox 592 2701 676 2766; x_wconf 83' lang='lat' dir='ltr'>Nam</span> <span class='ocrx_word' id='word_1_351' title='bbox 699 2710 771 2767; x_wconf 66' lang='lat' dir='ltr'>tt&#39;zn</span> <span class='ocrx_word' id='word_1_352' title='bbox 794 2709 914 2765; x_wconf 78' lang='lat' dir='ltr'>rorant</span> <span class='ocrx_word' id='word_1_353' title='bbox 930 2698 1075 2764; x_wconf 78' lang='lat' dir='ltr'>Hebraei</span> <span class='ocrx_word' id='word_1_354' title='bbox 1097 2720 1220 2784; x_wconf 82' lang='lat' dir='ltr'>agnum</span> <span class='ocrx_word' id='word_1_355' title='bbox 1242 2701 1340 2766; x_wconf 85' lang='lat' dir='ltr'>nnius</span> <span class='ocrx_word' id='word_1_356' title='bbox 1392 2701 1532 2768; x_wconf 88' lang='lat' dir='ltr'>similes:</span> <span class='ocrx_word' id='word_1_357' title='bbox 1571 2703 1658 2768; x_wconf 82' lang='lat' dir='ltr'>Enoe</span> <span class='ocrx_word' id='word_1_358' title='bbox 1694 2702 1863 2783; x_wconf 88' lang='lat' dir='ltr'>expositus</span> <span class='ocrx_word' id='word_1_359' title='bbox 1899 2715 1950 2766; x_wconf 92' lang='lat' dir='ltr'>est</span> <span class='ocrx_word' id='word_1_360' title='bbox 1986 2700 2074 2766; x_wconf 91' lang='lat' dir='ltr'>loous</span> <span class='ocrx_word' id='word_1_361' title='bbox 2110 2699 2167 2765; x_wconf 89' lang='lat' dir='ltr'>ille</span> <span class='ocrx_word' id='word_1_362' title='bbox 2199 2699 2370 2777; x_wconf 89' lang='lat' dir='ltr'>Ieremias,</span> 
     </span>
     <span class='ocr_line' id='line_1_27' title="bbox 367 2784 2371 2934; baseline -0.004 -77"><span class='ocrx_word' id='word_1_363' title='bbox 367 2792 447 2858; x_wconf 87' lang='lat' dir='ltr'>anni</span> <span class='ocrx_word' id='word_1_364' title='bbox 468 2789 646 2854; x_wconf 89' lang='lat' dir='ltr'>duntaxat:</span> <span class='ocrx_word' id='word_1_365' title='bbox 670 2797 782 2868; x_wconf 88' lang='lat' dir='ltr'>postea</span> <span class='ocrx_word' id='word_1_366' title='bbox 804 2785 976 2849; x_wconf 88' lang='lat' dir='ltr'>nominent</span> <span class='ocrx_word' id='word_1_367' title='bbox 999 2785 1144 2851; x_wconf 87' lang='lat' dir='ltr'>arietem.</span> <span class='ocrx_word' id='word_1_368' title='bbox 1188 2784 1257 2852; x_wconf 89' lang='lat' dir='ltr'>Sed</span> <span class='ocrx_word' id='word_1_369' title='bbox 1280 2787 1341 2852; x_wconf 91' lang='lat' dir='ltr'>boo</span> <span class='ocrx_word' id='word_1_370' title='bbox 1393 2788 1565 2853; x_wconf 82' lang='lat' dir='ltr'>Mittamus</span> <span class='ocrx_word' id='word_1_371' title='bbox 1589 2787 1715 2872; x_wconf 87' lang='lat' dir='ltr'>lignum</span> <span class='ocrx_word' id='word_1_372' title='bbox 1739 2787 1774 2851; x_wconf 93' lang='lat' dir='ltr'>in</span> <span class='ocrx_word' id='word_1_373' title='bbox 1797 2806 1915 2870; x_wconf 90' lang='lat' dir='ltr'>panem</span> <span class='ocrx_word' id='word_1_374' title='bbox 1936 2786 2007 2851; x_wconf 92' lang='lat' dir='ltr'>eins</span> <span class='ocrx_word' id='word_1_375' title='bbox 2036 2784 2096 2934; x_wconf 68' lang='lat' dir='ltr'>b⁸i⁰</span> <span class='ocrx_word' id='word_1_376' title='bbox 2118 2786 2206 2850; x_wconf 90' lang='lat' dir='ltr'>enim</span> <span class='ocrx_word' id='word_1_377' title='bbox 2231 2784 2371 2848; x_wconf 89' lang='lat' dir='ltr'>babetur</span> 
     </span>
     <span class='ocr_line' id='line_1_28' title="bbox 367 2867 2371 2956; baseline -0.006 -12"><span class='ocrx_word' id='word_1_378' title='bbox 367 2899 441 2944; x_wconf 88' lang='lat' dir='ltr'>meo</span> <span class='ocrx_word' id='word_1_379' title='bbox 461 2872 580 2941; x_wconf 90' lang='lat' dir='ltr'>iudieio</span> <span class='ocrx_word' id='word_1_380' title='bbox 601 2881 688 2937; x_wconf 85' lang='lat' dir='ltr'>esset</span> <span class='ocrx_word' id='word_1_381' title='bbox 709 2878 864 2936; x_wconf 89' lang='lat' dir='ltr'>ooaotum.</span> <span class='ocrx_word' id='word_1_382' title='bbox 909 2870 1022 2936; x_wconf 81' lang='lat' dir='ltr'>Faoile</span> <span class='ocrx_word' id='word_1_383' title='bbox 1047 2881 1155 2936; x_wconf 88' lang='lat' dir='ltr'>antem</span> <span class='ocrx_word' id='word_1_384' title='bbox 1186 2871 1340 2938; x_wconf 90' lang='lat' dir='ltr'>subaudi·</span> <span class='ocrx_word' id='word_1_385' title='bbox 1393 2874 1428 2937; x_wconf 93' lang='lat' dir='ltr'>iu</span> <span class='ocrx_word' id='word_1_386' title='bbox 1447 2872 1578 2956; x_wconf 83' lang='lat' dir='ltr'>vulgari</span> <span class='ocrx_word' id='word_1_387' title='bbox 1600 2871 2021 2948; x_wconf 84' lang='lat' dir='ltr'>translatione‚b1ittamns</span> <span class='ocrx_word' id='word_1_388' title='bbox 2054 2870 2167 2954; x_wconf 80' lang='lat' dir='ltr'>ignum</span> <span class='ocrx_word' id='word_1_389' title='bbox 2186 2870 2222 2934; x_wconf 92' lang='lat' dir='ltr'>iu</span> <span class='ocrx_word' id='word_1_390' title='bbox 2241 2867 2371 2953; x_wconf 67' lang='lat' dir='ltr'>mnam)</span> 
     </span>
     <span class='ocr_line' id='line_1_29' title="bbox 369 2955 2372 3060; baseline -0.006 -32"><span class='ocrx_word' id='word_1_391' title='bbox 369 2974 424 3028; x_wconf 92' lang='lat' dir='ltr'>tur</span> <span class='ocrx_word' id='word_1_392' title='bbox 455 2959 585 3060; x_wconf 75' lang='lat' dir='ltr'>popula,</span> <span class='ocrx_word' id='word_1_393' title='bbox 621 2956 672 3021; x_wconf 83' lang='lat' dir='ltr'>vel</span> <span class='ocrx_word' id='word_1_394' title='bbox 702 2956 899 3056; x_wconf 74' lang='lat' dir='ltr'>disinuotiva</span> <span class='ocrx_word' id='word_1_395' title='bbox 928 2955 1095 3056; x_wconf 76' lang='lat' dir='ltr'>particula.</span> <span class='ocrx_word' id='word_1_396' title='bbox 1140 2956 1210 3040; x_wconf 80' lang='lat' dir='ltr'>Epo</span> <span class='ocrx_word' id='word_1_397' title='bbox 1238 2958 1341 3040; x_wconf 81' lang='lat' dir='ltr'>igitur</span> <span class='ocrx_word' id='word_1_398' title='bbox 1392 2957 1479 3042; x_wconf 88' lang='lat' dir='ltr'>quod</span> <span class='ocrx_word' id='word_1_399' title='bbox 1508 2958 1632 3057; x_wconf 78' lang='lat' dir='ltr'>scilieet</span> <span class='ocrx_word' id='word_1_400' title='bbox 1659 2978 1779 3040; x_wconf 87' lang='lat' dir='ltr'>eorpus</span> <span class='ocrx_word' id='word_1_401' title='bbox 1807 2955 1938 3056; x_wconf 64' lang='lat' dir='ltr'>obriso</span> <span class='ocrx_word' id='word_1_402' title='bbox 1963 2955 2063 3055; x_wconf 74' lang='lat' dir='ltr'>luerit</span> <span class='ocrx_word' id='word_1_403' title='bbox 2091 2955 2306 3055; x_wconf 75' lang='lat' dir='ltr'>oruoifixum:</span> <span class='ocrx_word' id='word_1_404' title='bbox 2339 2963 2372 3016; x_wconf 93' lang='lat' dir='ltr'>at</span> 
     </span>
     <span class='ocr_line' id='line_1_30' title="bbox 369 3042 2372 3211; baseline -0.006 -13"><span class='ocrx_word' id='word_1_405' title='bbox 369 3067 480 3198; x_wconf 64' lang='lat' dir='ltr'>lt‘it</span> <span class='ocrx_word' id='word_1_406' title='bbox 516 3047 788 3192; x_wconf 60' lang='lat' dir='ltr'>,taidelli</span> <span class='ocrx_word' id='word_1_407' title='bbox 798 3042 1146 3210; x_wconf 56' lang='lat' dir='ltr'>”diligibili</span> <span class='ocrx_word' id='word_1_408' title='bbox 1166 3044 1343 3211; x_wconf 52' lang='lat' dir='ltr'>“itte</span> <span class='ocrx_word' id='word_1_409' title='bbox 1393 3042 1790 3210; x_wconf 58' lang='lat' dir='ltr'>lllffitlllilli</span> <span class='ocrx_word' id='word_1_410' title='bbox 1810 3042 2372 3207; x_wconf 52' lang='lat' dir='ltr'>lallblslllstllmlz</span> 
     </span>
     <span class='ocr_line' id='line_1_31' title="bbox 370 3205 2371 3299; baseline -0.004 -18"><span class='ocrx_word' id='word_1_411' title='bbox 370 3217 469 3299; x_wconf 89' lang='lat' dir='ltr'>pheta</span> <span class='ocrx_word' id='word_1_412' title='bbox 490 3205 654 3295; x_wconf 77' lang='lat' dir='ltr'>signifieat</span> <span class='ocrx_word' id='word_1_413' title='bbox 676 3231 711 3276; x_wconf 89' lang='lat' dir='ltr'>ee</span> <span class='ocrx_word' id='word_1_414' title='bbox 734 3230 798 3274; x_wconf 91' lang='lat' dir='ltr'>non</span> <span class='ocrx_word' id='word_1_415' title='bbox 828 3210 1038 3288; x_wconf 88' lang='lat' dir='ltr'>tumultuari,</span> <span class='ocrx_word' id='word_1_416' title='bbox 1069 3212 1341 3293; x_wconf 77' lang='lat' dir='ltr'>quemadmodum</span> <span class='ocrx_word' id='word_1_417' title='bbox 1395 3215 1476 3280; x_wconf 82' lang='lat' dir='ltr'>liaeo</span> <span class='ocrx_word' id='word_1_418' title='bbox 1497 3213 1676 3279; x_wconf 84' lang='lat' dir='ltr'>insulsitas.</span> <span class='ocrx_word' id='word_1_419' title='bbox 1707 3213 1805 3278; x_wconf 86' lang='lat' dir='ltr'>Certe</span> <span class='ocrx_word' id='word_1_420' title='bbox 1823 3220 1874 3278; x_wconf 91' lang='lat' dir='ltr'>est</span> <span class='ocrx_word' id='word_1_421' title='bbox 1890 3211 2029 3278; x_wconf 87' lang='lat' dir='ltr'>ridieula</span> <span class='ocrx_word' id='word_1_422' title='bbox 2051 3211 2132 3293; x_wconf 87' lang='lat' dir='ltr'>ipsis</span> <span class='ocrx_word' id='word_1_423' title='bbox 2151 3209 2274 3293; x_wconf 88' lang='lat' dir='ltr'>pueris.</span> <span class='ocrx_word' id='word_1_424' title='bbox 2306 3207 2371 3275; x_wconf 87' lang='lat' dir='ltr'>Sed</span> 
     </span>
     <span class='ocr_line' id='line_1_32' title="bbox 370 3294 2371 3382; baseline -0.005 -15"><span class='ocrx_word' id='word_1_425' title='bbox 370 3301 477 3368; x_wconf 88' lang='lat' dir='ltr'>solent</span> <span class='ocrx_word' id='word_1_426' title='bbox 499 3297 574 3362; x_wconf 88' lang='lat' dir='ltr'>irati</span> <span class='ocrx_word' id='word_1_427' title='bbox 596 3295 755 3374; x_wconf 87' lang='lat' dir='ltr'>homiues,</span> <span class='ocrx_word' id='word_1_428' title='bbox 782 3314 862 3376; x_wconf 91' lang='lat' dir='ltr'>quos</span> <span class='ocrx_word' id='word_1_429' title='bbox 884 3296 969 3376; x_wconf 88' lang='lat' dir='ltr'>repit</span> <span class='ocrx_word' id='word_1_430' title='bbox 990 3316 1052 3360; x_wconf 90' lang='lat' dir='ltr'>sua</span> <span class='ocrx_word' id='word_1_431' title='bbox 1073 3294 1344 3364; x_wconf 88' lang='lat' dir='ltr'>exoandesoentia</span> <span class='ocrx_word' id='word_1_432' title='bbox 1395 3309 1489 3363; x_wconf 88' lang='lat' dir='ltr'>tanta</span> <span class='ocrx_word' id='word_1_433' title='bbox 1517 3309 1567 3364; x_wconf 90' lang='lat' dir='ltr'>est</span> <span class='ocrx_word' id='word_1_434' title='bbox 1596 3299 1797 3382; x_wconf 87' lang='lat' dir='ltr'>papistarnm</span> <span class='ocrx_word' id='word_1_435' title='bbox 1829 3297 2024 3379; x_wconf 69' lang='lat' dir='ltr'>improbitas</span> <span class='ocrx_word' id='word_1_436' title='bbox 2053 3306 2086 3360; x_wconf 85' lang='lat' dir='ltr'>et</span> <span class='ocrx_word' id='word_1_437' title='bbox 2114 3297 2301 3377; x_wconf 81' lang='lat' dir='ltr'>protervia,</span> <span class='ocrx_word' id='word_1_438' title='bbox 2336 3305 2371 3358; x_wconf 94' lang='lat' dir='ltr'>ut</span> 
     </span>
     <span class='ocr_line' id='line_1_33' title="bbox 370 3379 2373 3467; baseline -0.004 -15"><span class='ocrx_word' id='word_1_439' title='bbox 370 3387 423 3453; x_wconf 83' lang='lat' dir='ltr'>vel</span> <span class='ocrx_word' id='word_1_440' title='bbox 446 3384 546 3450; x_wconf 92' lang='lat' dir='ltr'>dolor.</span> <span class='ocrx_word' id='word_1_441' title='bbox 591 3379 745 3446; x_wconf 73' lang='lat' dir='ltr'>Testatur</span> <span class='ocrx_word' id='word_1_442' title='bbox 766 3399 844 3462; x_wconf 79' lang='lat' dir='ltr'>ergo</span> <span class='ocrx_word' id='word_1_443' title='bbox 870 3379 955 3444; x_wconf 90' lang='lat' dir='ltr'>nihil</span> <span class='ocrx_word' id='word_1_444' title='bbox 984 3380 1018 3443; x_wconf 92' lang='lat' dir='ltr'>in</span> <span class='ocrx_word' id='word_1_445' title='bbox 1049 3382 1159 3446; x_wconf 90' lang='lat' dir='ltr'>animo</span> <span class='ocrx_word' id='word_1_446' title='bbox 1189 3401 1248 3447; x_wconf 88' lang='lat' dir='ltr'>sno</span> <span class='ocrx_word' id='word_1_447' title='bbox 1277 3383 1343 3447; x_wconf 89' lang='lat' dir='ltr'>tale</span> <span class='ocrx_word' id='word_1_448' title='bbox 1395 3405 1531 3450; x_wconf 86' lang='lat' dir='ltr'>exousso</span> <span class='ocrx_word' id='word_1_449' title='bbox 1552 3385 1642 3448; x_wconf 93' lang='lat' dir='ltr'>omni</span> <span class='ocrx_word' id='word_1_450' title='bbox 1671 3383 1795 3467; x_wconf 92' lang='lat' dir='ltr'>pudore</span> <span class='ocrx_word' id='word_1_451' title='bbox 1825 3390 1955 3448; x_wconf 87' lang='lat' dir='ltr'>tantum</span> <span class='ocrx_word' id='word_1_452' title='bbox 1984 3380 2170 3447; x_wconf 86' lang='lat' dir='ltr'>thrasonioe</span> <span class='ocrx_word' id='word_1_453' title='bbox 2190 3379 2373 3446; x_wconf 86' lang='lat' dir='ltr'>obtendant</span> 
     </span>
     <span class='ocr_line' id='line_1_34' title="bbox 371 3463 2373 3552; baseline -0.003 -16"><span class='ocrx_word' id='word_1_454' title='bbox 371 3491 450 3550; x_wconf 90' lang='lat' dir='ltr'>esse,</span> <span class='ocrx_word' id='word_1_455' title='bbox 474 3467 626 3552; x_wconf 87' lang='lat' dir='ltr'>quoniam</span> <span class='ocrx_word' id='word_1_456' title='bbox 650 3464 733 3529; x_wconf 90' lang='lat' dir='ltr'>nibil</span> <span class='ocrx_word' id='word_1_457' title='bbox 755 3463 796 3528; x_wconf 92' lang='lat' dir='ltr'>ab</span> <span class='ocrx_word' id='word_1_458' title='bbox 817 3485 904 3548; x_wconf 79' lang='lat' dir='ltr'>agno</span> <span class='ocrx_word' id='word_1_459' title='bbox 927 3473 984 3528; x_wconf 89' lang='lat' dir='ltr'>aut</span> <span class='ocrx_word' id='word_1_460' title='bbox 1006 3465 1109 3530; x_wconf 87' lang='lat' dir='ltr'>vitulo</span> <span class='ocrx_word' id='word_1_461' title='bbox 1127 3465 1265 3543; x_wconf 84' lang='lat' dir='ltr'>differat,</span> <span class='ocrx_word' id='word_1_462' title='bbox 1289 3469 1344 3549; x_wconf 90' lang='lat' dir='ltr'>qui</span> <span class='ocrx_word' id='word_1_463' title='bbox 1396 3471 1531 3534; x_wconf 91' lang='lat' dir='ltr'>nomina</span> <span class='ocrx_word' id='word_1_464' title='bbox 1547 3480 1711 3534; x_wconf 87' lang='lat' dir='ltr'>veterum:</span> <span class='ocrx_word' id='word_1_465' title='bbox 1732 3477 1764 3533; x_wconf 89' lang='lat' dir='ltr'>et</span> <span class='ocrx_word' id='word_1_466' title='bbox 1782 3466 1907 3550; x_wconf 85' lang='lat' dir='ltr'>siquid</span> <span class='ocrx_word' id='word_1_467' title='bbox 1925 3467 2024 3532; x_wconf 89' lang='lat' dir='ltr'>stulte</span> <span class='ocrx_word' id='word_1_468' title='bbox 2040 3475 2076 3531; x_wconf 89' lang='lat' dir='ltr'>et</span> <span class='ocrx_word' id='word_1_469' title='bbox 2093 3466 2234 3531; x_wconf 77' lang='lat' dir='ltr'>futiliter</span> <span class='ocrx_word' id='word_1_470' title='bbox 2251 3465 2373 3530; x_wconf 86' lang='lat' dir='ltr'>dixerit</span> 
     </span>
     <span class='ocr_line' id='line_1_35' title="bbox 372 3549 2373 3637; baseline -0.002 -17"><span class='ocrx_word' id='word_1_471' title='bbox 372 3555 514 3622; x_wconf 90' lang='lat' dir='ltr'>trabitur</span> <span class='ocrx_word' id='word_1_472' title='bbox 536 3552 578 3618; x_wconf 92' lang='lat' dir='ltr'>ad</span> <span class='ocrx_word' id='word_1_473' title='bbox 600 3549 841 3616; x_wconf 86' lang='lat' dir='ltr'>mentationem.</span> <span class='ocrx_word' id='word_1_474' title='bbox 875 3549 1109 3631; x_wconf 83' lang='lat' dir='ltr'>Amplifioandi</span> <span class='ocrx_word' id='word_1_475' title='bbox 1132 3571 1230 3616; x_wconf 89' lang='lat' dir='ltr'>eausa</span> <span class='ocrx_word' id='word_1_476' title='bbox 1244 3550 1343 3631; x_wconf 87' lang='lat' dir='ltr'>addit,</span> <span class='ocrx_word' id='word_1_477' title='bbox 1396 3554 1569 3637; x_wconf 80' lang='lat' dir='ltr'>Origenes,</span> <span class='ocrx_word' id='word_1_478' title='bbox 1598 3553 1705 3618; x_wconf 82' lang='lat' dir='ltr'>velint</span> <span class='ocrx_word' id='word_1_479' title='bbox 1725 3553 1788 3619; x_wconf 93' lang='lat' dir='ltr'>hoo</span> <span class='ocrx_word' id='word_1_480' title='bbox 1809 3553 1924 3618; x_wconf 90' lang='lat' dir='ltr'>haberi</span> <span class='ocrx_word' id='word_1_481' title='bbox 1954 3573 2012 3635; x_wconf 91' lang='lat' dir='ltr'>pro</span> <span class='ocrx_word' id='word_1_482' title='bbox 2032 3551 2174 3630; x_wconf 86' lang='lat' dir='ltr'>oraoulo,</span> <span class='ocrx_word' id='word_1_483' title='bbox 2203 3571 2326 3633; x_wconf 88' lang='lat' dir='ltr'>nempe</span> <span class='ocrx_word' id='word_1_484' title='bbox 2346 3550 2373 3615; x_wconf 90' lang='lat' dir='ltr'>si</span> 
     </span>
     <span class='ocr_line' id='line_1_36' title="bbox 373 3634 2373 3721; baseline -0.004 -15"><span class='ocrx_word' id='word_1_485' title='bbox 373 3641 443 3706; x_wconf 82' lang='lat' dir='ltr'>Imo</span> <span class='ocrx_word' id='word_1_486' title='bbox 463 3659 525 3706; x_wconf 82' lang='lat' dir='ltr'>noo</span> <span class='ocrx_word' id='word_1_487' title='bbox 547 3637 670 3720; x_wconf 75' lang='lat' dir='ltr'>mproooi</span> <span class='ocrx_word' id='word_1_488' title='bbox 691 3634 775 3716; x_wconf 75' lang='lat' dir='ltr'>quod</span> <span class='ocrx_word' id='word_1_489' title='bbox 795 3638 903 3700; x_wconf 67' lang='lat' dir='ltr'>cosdro</span> <span class='ocrx_word' id='word_1_490' title='bbox 923 3654 973 3700; x_wconf 79' lang='lat' dir='ltr'>me</span> <span class='ocrx_word' id='word_1_491' title='bbox 1000 3636 1168 3718; x_wconf 63' lang='lat' dir='ltr'>repeterent</span> <span class='ocrx_word' id='word_1_492' title='bbox 1190 3637 1345 3720; x_wconf 74' lang='lat' dir='ltr'>moilatio</span> <span class='ocrx_word' id='word_1_493' title='bbox 1395 3639 1473 3704; x_wconf 92' lang='lat' dir='ltr'>inde</span> <span class='ocrx_word' id='word_1_494' title='bbox 1500 3641 1736 3704; x_wconf 87' lang='lat' dir='ltr'>oonfirmentnr</span> <span class='ocrx_word' id='word_1_495' title='bbox 1764 3641 1911 3721; x_wconf 87' lang='lat' dir='ltr'>ipsorum</span> <span class='ocrx_word' id='word_1_496' title='bbox 1940 3657 2076 3703; x_wconf 89' lang='lat' dir='ltr'>errores.</span> <span class='ocrx_word' id='word_1_497' title='bbox 2121 3635 2248 3702; x_wconf 85' lang='lat' dir='ltr'>Verum</span> <span class='ocrx_word' id='word_1_498' title='bbox 2272 3638 2373 3701; x_wconf 88' lang='lat' dir='ltr'>etiam</span> 
     </span>
     <span class='ocr_line' id='line_1_37' title="bbox 370 3719 2375 3819; baseline -0.004 -27"><span class='ocrx_word' id='word_1_499' title='bbox 370 3747 436 3810; x_wconf 77' lang='lat' dir='ltr'>nes,</span> <span class='ocrx_word' id='word_1_500' title='bbox 458 3725 520 3790; x_wconf 92' lang='lat' dir='ltr'>boo</span> <span class='ocrx_word' id='word_1_501' title='bbox 542 3732 602 3801; x_wconf 88' lang='lat' dir='ltr'>est,</span> <span class='ocrx_word' id='word_1_502' title='bbox 623 3720 686 3786; x_wconf 93' lang='lat' dir='ltr'>hoo</span> <span class='ocrx_word' id='word_1_503' title='bbox 709 3740 774 3784; x_wconf 91' lang='lat' dir='ltr'>non</span> <span class='ocrx_word' id='word_1_504' title='bbox 796 3719 989 3819; x_wconf 71' lang='lat' dir='ltr'>venitmihi</span> <span class='ocrx_word' id='word_1_505' title='bbox 1007 3721 1043 3783; x_wconf 90' lang='lat' dir='ltr'>in</span> <span class='ocrx_word' id='word_1_506' title='bbox 1058 3731 1211 3787; x_wconf 87' lang='lat' dir='ltr'>mentem.</span> <span class='ocrx_word' id='word_1_507' title='bbox 1245 3723 1344 3789; x_wconf 92' lang='lat' dir='ltr'>Pote-</span> <span class='ocrx_word' id='word_1_508' title='bbox 1396 3725 1424 3789; x_wconf 92' lang='lat' dir='ltr'>si</span> <span class='ocrx_word' id='word_1_509' title='bbox 1447 3723 1563 3789; x_wconf 90' lang='lat' dir='ltr'>demus</span> <span class='ocrx_word' id='word_1_510' title='bbox 1585 3723 1774 3806; x_wconf 89' lang='lat' dir='ltr'>prophetam</span> <span class='ocrx_word' id='word_1_511' title='bbox 1797 3723 1897 3789; x_wconf 89' lang='lat' dir='ltr'>fuisse</span> <span class='ocrx_word' id='word_1_512' title='bbox 1918 3731 2035 3808; x_wconf 81' lang='lat' dir='ltr'>typum</span> <span class='ocrx_word' id='word_1_513' title='bbox 2052 3722 2189 3799; x_wconf 78' lang='lat' dir='ltr'>Christi,</span> <span class='ocrx_word' id='word_1_514' title='bbox 2212 3720 2292 3804; x_wconf 88' lang='lat' dir='ltr'>quid</span> <span class='ocrx_word' id='word_1_515' title='bbox 2317 3722 2375 3784; x_wconf 90' lang='lat' dir='ltr'>hoo</span> 
     </span>
     <span class='ocr_line' id='line_1_38' title="bbox 372 3803 2372 3893; baseline -0.003 -17"><span class='ocrx_word' id='word_1_516' title='bbox 372 3820 425 3877; x_wconf 89' lang='lat' dir='ltr'>rat</span> <span class='ocrx_word' id='word_1_517' title='bbox 445 3809 578 3893; x_wconf 88' lang='lat' dir='ltr'>quidem</span> <span class='ocrx_word' id='word_1_518' title='bbox 604 3805 765 3890; x_wconf 88' lang='lat' dir='ltr'>propheta</span> <span class='ocrx_word' id='word_1_519' title='bbox 798 3803 921 3886; x_wconf 76' lang='lat' dir='ltr'>aliquid</span> <span class='ocrx_word' id='word_1_520' title='bbox 954 3804 1008 3869; x_wconf 80' lang='lat' dir='ltr'>vel</span> <span class='ocrx_word' id='word_1_521' title='bbox 1041 3805 1257 3884; x_wconf 87' lang='lat' dir='ltr'>subollaoere‚</span> <span class='ocrx_word' id='word_1_522' title='bbox 1292 3808 1343 3873; x_wconf 82' lang='lat' dir='ltr'>vel</span> <span class='ocrx_word' id='word_1_523' title='bbox 1397 3819 1506 3874; x_wconf 81' lang='lat' dir='ltr'>tammr</span> <span class='ocrx_word' id='word_1_524' title='bbox 1523 3809 1564 3873; x_wconf 88' lang='lat' dir='ltr'>ad</span> <span class='ocrx_word' id='word_1_525' title='bbox 1582 3808 1833 3873; x_wconf 89' lang='lat' dir='ltr'>similitudinem</span> <span class='ocrx_word' id='word_1_526' title='bbox 1853 3809 2008 3890; x_wconf 74' lang='lat' dir='ltr'>eorpoms,</span> <span class='ocrx_word' id='word_1_527' title='bbox 2031 3828 2133 3889; x_wconf 91' lang='lat' dir='ltr'>quum</span> <span class='ocrx_word' id='word_1_528' title='bbox 2150 3807 2264 3888; x_wconf 90' lang='lat' dir='ltr'>potius</span> <span class='ocrx_word' id='word_1_529' title='bbox 2282 3825 2372 3871; x_wconf 91' lang='lat' dir='ltr'>nuno</span> 
     </span>
     <span class='ocr_line' id='line_1_39' title="bbox 376 3887 2374 3990; baseline -0.004 -27"><span class='ocrx_word' id='word_1_530' title='bbox 376 3897 475 3964; x_wconf 88' lang='lat' dir='ltr'>etiam</span> <span class='ocrx_word' id='word_1_531' title='bbox 497 3911 727 3990; x_wconf 44' lang='lat' dir='ltr'>eognosoaret·</span> <span class='ocrx_word' id='word_1_532' title='bbox 743 3887 798 3954; x_wconf 89' lang='lat' dir='ltr'>sed</span> <span class='ocrx_word' id='word_1_533' title='bbox 826 3889 902 3989; x_wconf 74' lang='lat' dir='ltr'>quia</span> <span class='ocrx_word' id='word_1_534' title='bbox 932 3890 1096 3971; x_wconf 88' lang='lat' dir='ltr'>seipsum</span> <span class='ocrx_word' id='word_1_535' title='bbox 1122 3901 1157 3955; x_wconf 90' lang='lat' dir='ltr'>et</span> <span class='ocrx_word' id='word_1_536' title='bbox 1179 3894 1342 3974; x_wconf 88' lang='lat' dir='ltr'>propriam</span> <span class='ocrx_word' id='word_1_537' title='bbox 1396 3895 1549 3977; x_wconf 88' lang='lat' dir='ltr'>loquatur</span> <span class='ocrx_word' id='word_1_538' title='bbox 1570 3893 1762 3978; x_wconf 73' lang='lat' dir='ltr'>simpliciter</span> <span class='ocrx_word' id='word_1_539' title='bbox 1783 3893 1824 3958; x_wconf 90' lang='lat' dir='ltr'>de</span> <span class='ocrx_word' id='word_1_540' title='bbox 1846 3893 1939 3958; x_wconf 85' lang='lat' dir='ltr'>oibo?</span> <span class='ocrx_word' id='word_1_541' title='bbox 1969 3895 2064 3976; x_wconf 88' lang='lat' dir='ltr'>qnasi</span> <span class='ocrx_word' id='word_1_542' title='bbox 2092 3891 2216 3957; x_wconf 88' lang='lat' dir='ltr'>dioerat</span> <span class='ocrx_word' id='word_1_543' title='bbox 2237 3911 2374 3974; x_wconf 90' lang='lat' dir='ltr'>eorrup-</span> 
     </span>
     <span class='ocr_line' id='line_1_40' title="bbox 376 3974 2375 4062; baseline -0.004 -14"><span class='ocrx_word' id='word_1_544' title='bbox 376 3983 478 4048; x_wconf 81' lang='lat' dir='ltr'>vitam</span> <span class='ocrx_word' id='word_1_545' title='bbox 500 3974 696 4062; x_wconf 79' lang='lat' dir='ltr'>negligebat,</span> <span class='ocrx_word' id='word_1_546' title='bbox 719 3974 789 4040; x_wconf 78' lang='lat' dir='ltr'>ideo</span> <span class='ocrx_word' id='word_1_547' title='bbox 804 3974 858 4040; x_wconf 86' lang='lat' dir='ltr'>luo</span> <span class='ocrx_word' id='word_1_548' title='bbox 873 3981 1022 4052; x_wconf 87' lang='lat' dir='ltr'>testatur,</span> <span class='ocrx_word' id='word_1_549' title='bbox 1043 3995 1078 4040; x_wconf 89' lang='lat' dir='ltr'>se</span> <span class='ocrx_word' id='word_1_550' title='bbox 1093 3977 1139 4040; x_wconf 84' lang='lat' dir='ltr'>ita</span> <span class='ocrx_word' id='word_1_551' title='bbox 1153 3975 1345 4061; x_wconf 87' lang='lat' dir='ltr'>simplieiter</span> <span class='ocrx_word' id='word_1_552' title='bbox 1397 3989 1465 4046; x_wconf 86' lang='lat' dir='ltr'>tam</span> <span class='ocrx_word' id='word_1_553' title='bbox 1493 3981 1594 4046; x_wconf 81' lang='lat' dir='ltr'>fuisse</span> <span class='ocrx_word' id='word_1_554' title='bbox 1624 3980 1716 4062; x_wconf 89' lang='lat' dir='ltr'>quasi</span> <span class='ocrx_word' id='word_1_555' title='bbox 1746 3999 1873 4044; x_wconf 84' lang='lat' dir='ltr'>veneno</span> <span class='ocrx_word' id='word_1_556' title='bbox 1902 3999 1997 4044; x_wconf 88' lang='lat' dir='ltr'>snam</span> <span class='ocrx_word' id='word_1_557' title='bbox 2028 3977 2235 4053; x_wconf 89' lang='lat' dir='ltr'>alimoniam,</span> <span class='ocrx_word' id='word_1_558' title='bbox 2265 3986 2300 4041; x_wconf 81' lang='lat' dir='ltr'>at</span> <span class='ocrx_word' id='word_1_559' title='bbox 2329 3977 2375 4040; x_wconf 91' lang='lat' dir='ltr'>ite</span> 
     </span>
     <span class='ocr_line' id='line_1_41' title="bbox 376 4058 2375 4228; baseline -0.005 -95"><span class='ocrx_word' id='word_1_560' title='bbox 376 4067 574 4219; x_wconf 56' lang='lat' dir='ltr'>igim’ddtt</span> <span class='ocrx_word' id='word_1_561' title='bbox 590 4061 877 4226; x_wconf 38' lang='lat' dir='ltr'>pompati&amp;</span> <span class='ocrx_word' id='word_1_562' title='bbox 889 4058 1043 4228; x_wconf 53' lang='lat' dir='ltr'>qimi</span> <span class='ocrx_word' id='word_1_563' title='bbox 1069 4061 1344 4161; x_wconf 72' lang='lat' dir='ltr'>maehinarentnr.</span> <span class='ocrx_word' id='word_1_564' title='bbox 1396 4065 1695 4214; x_wconf 44' lang='lat' dir='ltr'>offilitspliusssse</span> <span class='ocrx_word' id='word_1_565' title='bbox 1717 4075 1831 4130; x_wconf 86' lang='lat' dir='ltr'>eontra</span> <span class='ocrx_word' id='word_1_566' title='bbox 1836 4085 1887 4213; x_wconf 61' lang='lat' dir='ltr'>rbe</span> <span class='ocrx_word' id='word_1_567' title='bbox 1909 4064 1960 4163; x_wconf 41' lang='lat' dir='ltr'>ab·</span> <span class='ocrx_word' id='word_1_568' title='bbox 1972 4063 2123 4162; x_wconf 75' lang='lat' dir='ltr'>hostibus</span> <span class='ocrx_word' id='word_1_569' title='bbox 2141 4063 2317 4212; x_wconf 65' lang='lat' dir='ltr'>saevitEupr,</span> <span class='ocrx_word' id='word_1_570' title='bbox 2332 4071 2375 4164; x_wconf 87' lang='lat' dir='ltr'>ut</span> 
     </span>
     <span class='ocr_line' id='line_1_42' title="bbox 396 4165 2373 4226; baseline -0.005 -8"><span class='ocrx_word' id='word_1_571' title='bbox 396 4172 502 4218; x_wconf 89' lang='lat' dir='ltr'>ama</span> <span class='ocrx_word' id='word_1_572' title='bbox 547 4169 589 4226; x_wconf 85' lang='grc' dir='ltr'>ι,</span> <span class='ocrx_word' id='word_1_573' title='bbox 1076 4166 1112 4210; x_wconf 81' lang='lat' dir='ltr'>m</span> <span class='ocrx_word' id='word_1_574' title='bbox 1145 4167 1232 4226; x_wconf 79' lang='lat' dir='ltr'>pose</span> <span class='ocrx_word' id='word_1_575' title='bbox 1268 4167 1345 4213; x_wconf 79' lang='lat' dir='ltr'>esua.</span> <span class='ocrx_word' id='word_1_576' title='bbox 1397 4170 1416 4212; x_wconf 91' lang='lat' dir='ltr'>e</span> <span class='ocrx_word' id='word_1_577' title='bbox 1519 4170 1627 4215; x_wconf 84' lang='lat' dir='ltr'>veen</span> <span class='ocrx_word' id='word_1_578' title='bbox 1663 4170 1674 4212; x_wconf 87' lang='grc' dir='ltr'>ι</span> <span class='ocrx_word' id='word_1_579' title='bbox 1715 4170 1772 4213; x_wconf 92' lang='lat' dir='ltr'>um</span> <span class='ocrx_word' id='word_1_580' title='bbox 1876 4168 1985 4213; x_wconf 88' lang='lat' dir='ltr'>erem</span> <span class='ocrx_word' id='word_1_581' title='bbox 2030 4169 2127 4213; x_wconf 83' lang='lat' dir='ltr'>aner</span> <span class='ocrx_word' id='word_1_582' title='bbox 2188 4196 2195 4210; x_wconf 94' lang='lat'><strong>.</strong></span> <span class='ocrx_word' id='word_1_583' title='bbox 2310 4165 2373 4213; x_wconf 87' lang='lat' dir='ltr'>ste-</span> 
     </span>
     <span class='ocr_line' id='line_1_43' title="bbox 376 4168 2373 4316; baseline -0.004 -12"><span class='ocrx_word' id='word_1_584' title='bbox 376 4239 479 4304; x_wconf 84' lang='lat' dir='ltr'>Reota</span> <span class='ocrx_word' id='word_1_585' title='bbox 501 4233 656 4306; x_wconf 89' lang='lat' dir='ltr'>sentiunt,</span> <span class='ocrx_word' id='word_1_586' title='bbox 680 4249 752 4294; x_wconf 91' lang='lat' dir='ltr'>meo</span> <span class='ocrx_word' id='word_1_587' title='bbox 773 4229 899 4308; x_wconf 91' lang='lat' dir='ltr'>iudioio,</span> <span class='ocrx_word' id='word_1_588' title='bbox 920 4229 977 4312; x_wconf 88' lang='lat' dir='ltr'>qui</span> <span class='ocrx_word' id='word_1_589' title='bbox 999 4229 1170 4314; x_wconf 76' lang='lat' dir='ltr'>enallagen</span> <span class='ocrx_word' id='word_1_590' title='bbox 1193 4253 1264 4298; x_wconf 89' lang='lat' dir='ltr'>esse</span> <span class='ocrx_word' id='word_1_591' title='bbox 1286 4253 1346 4315; x_wconf 91' lang='lat' dir='ltr'>pu·</span> <span class='ocrx_word' id='word_1_592' title='bbox 1399 4233 1460 4298; x_wconf 88' lang='lat' dir='ltr'>tim</span> <span class='ocrx_word' id='word_1_593' title='bbox 1492 4235 1654 4316; x_wconf 86' lang='lat' dir='ltr'>sequitur,</span> <span class='ocrx_word' id='word_1_594' title='bbox 1677 4169 1886 4300; x_wconf 51' lang='lat' dir='ltr'>ww</span> <span class='ocrx_word' id='word_1_595' title='bbox 1917 4169 2029 4313; x_wconf 61' lang='lat' dir='ltr'>sparsi</span> <span class='ocrx_word' id='word_1_596' title='bbox 2055 4254 2072 4298; x_wconf 77' lang='lat' dir='ltr'>a</span> <span class='ocrx_word' id='word_1_597' title='bbox 2100 4168 2188 4298; x_wconf 47' lang='lat' dir='ltr'>tei&#39;rsb</span> <span class='ocrx_word' id='word_1_598' title='bbox 2220 4234 2373 4298; x_wconf 73' lang='lat' dir='ltr'>nieorum.</span> 
     </span>
     <span class='ocr_line' id='line_1_44' title="bbox 377 4312 2374 4401; baseline -0.003 -16"><span class='ocrx_word' id='word_1_599' title='bbox 377 4327 459 4388; x_wconf 86' lang='lat' dir='ltr'>tant.</span> <span class='ocrx_word' id='word_1_600' title='bbox 503 4319 587 4384; x_wconf 90' lang='lat' dir='ltr'>Nam</span> <span class='ocrx_word' id='word_1_601' title='bbox 622 4315 729 4398; x_wconf 92' lang='lat' dir='ltr'>potius</span> <span class='ocrx_word' id='word_1_602' title='bbox 762 4312 935 4380; x_wconf 90' lang='lat' dir='ltr'>dioendum</span> <span class='ocrx_word' id='word_1_603' title='bbox 969 4323 1056 4379; x_wconf 87' lang='lat' dir='ltr'>erat:</span> <span class='ocrx_word' id='word_1_604' title='bbox 1089 4315 1347 4398; x_wconf 80' lang='lat' dir='ltr'>Oorrumpamus</span> <span class='ocrx_word' id='word_1_605' title='bbox 1400 4317 1505 4401; x_wconf 88' lang='lat' dir='ltr'>Saepe</span> <span class='ocrx_word' id='word_1_606' title='bbox 1528 4319 1608 4384; x_wconf 89' lang='lat' dir='ltr'>haee</span> <span class='ocrx_word' id='word_1_607' title='bbox 1630 4319 1776 4401; x_wconf 90' lang='lat' dir='ltr'>loquutio</span> <span class='ocrx_word' id='word_1_608' title='bbox 1797 4319 1896 4384; x_wconf 90' lang='lat' dir='ltr'>etiam</span> <span class='ocrx_word' id='word_1_609' title='bbox 1917 4318 2074 4384; x_wconf 90' lang='lat' dir='ltr'>ooourrit:</span> <span class='ocrx_word' id='word_1_610' title='bbox 2098 4328 2189 4384; x_wconf 86' lang='lat' dir='ltr'>terra</span> <span class='ocrx_word' id='word_1_611' title='bbox 2209 4317 2374 4393; x_wconf 81' lang='lat' dir='ltr'>vivorum,</span> 
     </span>
     <span class='ocr_line' id='line_1_45' title="bbox 376 4397 2375 4490; baseline -0.004 -17"><span class='ocrx_word' id='word_1_612' title='bbox 376 4401 608 4490; x_wconf 65' lang='lat' dir='ltr'>inligamus}</span> <span class='ocrx_word' id='word_1_613' title='bbox 632 4400 963 4485; x_wconf 81' lang='lat' dir='ltr'>lignopanemeius.</span> <span class='ocrx_word' id='word_1_614' title='bbox 1008 4397 1093 4464; x_wconf 89' lang='lat' dir='ltr'>Nam</span> <span class='ocrx_word' id='word_1_615' title='bbox 1109 4399 1166 4464; x_wconf 91' lang='lat' dir='ltr'>illa</span> <span class='ocrx_word' id='word_1_616' title='bbox 1188 4403 1346 4484; x_wconf 89' lang='lat' dir='ltr'>expositio</span> <span class='ocrx_word' id='word_1_617' title='bbox 1400 4405 1569 4487; x_wconf 79' lang='lat' dir='ltr'>autregio</span> <span class='ocrx_word' id='word_1_618' title='bbox 1590 4404 1927 4487; x_wconf 86' lang='lat' dir='ltr'>aooipiturprostatn</span> <span class='ocrx_word' id='word_1_619' title='bbox 1949 4404 2249 4484; x_wconf 66' lang='lat' dir='ltr'>praesentariae.</span> <span class='ocrx_word' id='word_1_620' title='bbox 2282 4403 2375 4468; x_wconf 90' lang='lat' dir='ltr'>Post·</span> 
     </span>
     <span class='ocr_line' id='line_1_46' title="bbox 375 4483 2372 4572; baseline -0.003 -13"><span class='ocrx_word' id='word_1_621' title='bbox 375 4493 476 4560; x_wconf 88' lang='lat' dir='ltr'>nimis</span> <span class='ocrx_word' id='word_1_622' title='bbox 499 4501 548 4554; x_wconf 90' lang='lat' dir='ltr'>est</span> <span class='ocrx_word' id='word_1_623' title='bbox 563 4483 690 4570; x_wconf 77' lang='lat' dir='ltr'>frigide,</span> <span class='ocrx_word' id='word_1_624' title='bbox 713 4483 969 4566; x_wconf 89' lang='lat' dir='ltr'>Oorrumpamus</span> <span class='ocrx_word' id='word_1_625' title='bbox 984 4483 1120 4568; x_wconf 79' lang='lat' dir='ltr'>lignum,</span> <span class='ocrx_word' id='word_1_626' title='bbox 1143 4483 1177 4549; x_wconf 93' lang='lat' dir='ltr'>id</span> <span class='ocrx_word' id='word_1_627' title='bbox 1192 4499 1250 4564; x_wconf 88' lang='lat' dir='ltr'>est,</span> <span class='ocrx_word' id='word_1_628' title='bbox 1274 4507 1346 4568; x_wconf 88' lang='lat' dir='ltr'>per·</span> <span class='ocrx_word' id='word_1_629' title='bbox 1399 4509 1489 4554; x_wconf 88' lang='lat' dir='ltr'>remo</span> <span class='ocrx_word' id='word_1_630' title='bbox 1512 4487 1672 4572; x_wconf 82' lang='lat' dir='ltr'>adiungit,</span> <span class='ocrx_word' id='word_1_631' title='bbox 1694 4489 1738 4553; x_wconf 83' lang='lat' dir='ltr'>Et</span> <span class='ocrx_word' id='word_1_632' title='bbox 1752 4509 1789 4554; x_wconf 80' lang='lat' dir='ltr'>ne</span> <span class='ocrx_word' id='word_1_633' title='bbox 1803 4489 1845 4555; x_wconf 79' lang='lat' dir='ltr'>eil</span> <span class='ocrx_word' id='word_1_634' title='bbox 1858 4509 1968 4556; x_wconf 78' lang='lat' dir='ltr'>nomen</span> <span class='ocrx_word' id='word_1_635' title='bbox 1987 4489 2057 4554; x_wconf 79' lang='lat' dir='ltr'>eise</span> <span class='ocrx_word' id='word_1_636' title='bbox 2076 4490 2114 4554; x_wconf 79' lang='lat' dir='ltr'>in</span> <span class='ocrx_word' id='word_1_637' title='bbox 2130 4491 2285 4554; x_wconf 65' lang='lat' dir='ltr'>mortorio</span> <span class='ocrx_word' id='word_1_638' title='bbox 2306 4507 2372 4554; x_wconf 81' lang='lat' dir='ltr'>nm·</span> 
     </span>
     <span class='ocr_line' id='line_1_47' title="bbox 377 4567 2372 4658; baseline -0.004 -14"><span class='ocrx_word' id='word_1_639' title='bbox 377 4578 493 4644; x_wconf 91' lang='lat' dir='ltr'>damus</span> <span class='ocrx_word' id='word_1_640' title='bbox 514 4575 650 4657; x_wconf 80' lang='lat' dir='ltr'>lignum,</span> <span class='ocrx_word' id='word_1_641' title='bbox 675 4570 768 4654; x_wconf 89' lang='lat' dir='ltr'>quasi</span> <span class='ocrx_word' id='word_1_642' title='bbox 790 4567 966 4651; x_wconf 87' lang='lat' dir='ltr'>loquentur</span> <span class='ocrx_word' id='word_1_643' title='bbox 987 4568 1028 4634; x_wconf 89' lang='lat' dir='ltr'>de</span> <span class='ocrx_word' id='word_1_644' title='bbox 1050 4589 1085 4634; x_wconf 88' lang='lat' dir='ltr'>re</span> <span class='ocrx_word' id='word_1_645' title='bbox 1104 4569 1226 4636; x_wconf 89' lang='lat' dir='ltr'>nullius</span> <span class='ocrx_word' id='word_1_646' title='bbox 1242 4571 1348 4652; x_wconf 85' lang='lat' dir='ltr'>pretii.</span> <span class='ocrx_word' id='word_1_647' title='bbox 1394 4573 1493 4654; x_wconf 80' lang='lat' dir='ltr'>plius.</span> <span class='ocrx_word' id='word_1_648' title='bbox 1537 4572 1690 4656; x_wconf 90' lang='lat' dir='ltr'>Denique</span> <span class='ocrx_word' id='word_1_649' title='bbox 1722 4575 1775 4640; x_wconf 91' lang='lat' dir='ltr'>bis</span> <span class='ocrx_word' id='word_1_650' title='bbox 1804 4574 1912 4641; x_wconf 83' lang='lat' dir='ltr'>verbis</span> <span class='ocrx_word' id='word_1_651' title='bbox 1942 4575 2127 4655; x_wconf 86' lang='lat' dir='ltr'>exprimere</span> <span class='ocrx_word' id='word_1_652' title='bbox 2157 4575 2264 4640; x_wconf 83' lang='lat' dir='ltr'>voluit</span> <span class='ocrx_word' id='word_1_653' title='bbox 2296 4595 2372 4658; x_wconf 90' lang='lat' dir='ltr'>pro·</span> 
     </span>
     <span class='ocr_line' id='line_1_48' title="bbox 377 4653 2375 4744; baseline -0.006 -14"><span class='ocrx_word' id='word_1_654' title='bbox 377 4662 445 4730; x_wconf 86' lang='lat' dir='ltr'>Sed</span> <span class='ocrx_word' id='word_1_655' title='bbox 467 4659 545 4744; x_wconf 91' lang='lat' dir='ltr'>quid</span> <span class='ocrx_word' id='word_1_656' title='bbox 569 4657 629 4723; x_wconf 90' lang='lat' dir='ltr'>hoo</span> <span class='ocrx_word' id='word_1_657' title='bbox 651 4655 691 4720; x_wconf 92' lang='lat' dir='ltr'>ad</span> <span class='ocrx_word' id='word_1_658' title='bbox 715 4653 807 4720; x_wconf 82' lang='lat' dir='ltr'>ram?</span> <span class='ocrx_word' id='word_1_659' title='bbox 840 4653 957 4719; x_wconf 89' lang='lat' dir='ltr'>Potius</span> <span class='ocrx_word' id='word_1_660' title='bbox 972 4655 999 4720; x_wconf 89' lang='lat' dir='ltr'>ai</span> <span class='ocrx_word' id='word_1_661' title='bbox 1015 4653 1194 4720; x_wconf 90' lang='lat' dir='ltr'>retinemus</span> <span class='ocrx_word' id='word_1_662' title='bbox 1210 4655 1348 4734; x_wconf 85' lang='lat' dir='ltr'>literam,</span> <span class='ocrx_word' id='word_1_663' title='bbox 1399 4659 1501 4741; x_wconf 91' lang='lat' dir='ltr'>pbeta</span> <span class='ocrx_word' id='word_1_664' title='bbox 1529 4669 1711 4724; x_wconf 88' lang='lat' dir='ltr'>extremam</span> <span class='ocrx_word' id='word_1_665' title='bbox 1742 4659 1929 4736; x_wconf 84' lang='lat' dir='ltr'>saevitiam,</span> <span class='ocrx_word' id='word_1_666' title='bbox 1962 4679 2027 4741; x_wconf 89' lang='lat' dir='ltr'>qua</span> <span class='ocrx_word' id='word_1_667' title='bbox 2054 4659 2215 4724; x_wconf 85' lang='lat' dir='ltr'>ardebant</span> <span class='ocrx_word' id='word_1_668' title='bbox 2245 4659 2375 4724; x_wconf 88' lang='lat' dir='ltr'>hostes:</span> 
     </span>
     <span class='ocr_line' id='line_1_49' title="bbox 378 4737 2375 4831; baseline -0.004 -16"><span class='ocrx_word' id='word_1_669' title='bbox 378 4757 415 4815; x_wconf 87' lang='lat' dir='ltr'>ut</span> <span class='ocrx_word' id='word_1_670' title='bbox 436 4747 632 4831; x_wconf 87' lang='lat' dir='ltr'>loquuntur,</span> <span class='ocrx_word' id='word_1_671' title='bbox 667 4739 805 4806; x_wconf 88' lang='lat' dir='ltr'>sentiret</span> <span class='ocrx_word' id='word_1_672' title='bbox 833 4737 993 4822; x_wconf 88' lang='lat' dir='ltr'>propheta</span> <span class='ocrx_word' id='word_1_673' title='bbox 1019 4738 1146 4823; x_wconf 80' lang='lat' dir='ltr'>liguum</span> <span class='ocrx_word' id='word_1_674' title='bbox 1178 4759 1248 4806; x_wconf 88' lang='lat' dir='ltr'>ease</span> <span class='ocrx_word' id='word_1_675' title='bbox 1279 4761 1348 4807; x_wconf 87' lang='lat' dir='ltr'>oer-</span> <span class='ocrx_word' id='word_1_676' title='bbox 1400 4742 1484 4826; x_wconf 85' lang='lat' dir='ltr'>quod</span> <span class='ocrx_word' id='word_1_677' title='bbox 1518 4743 1642 4808; x_wconf 88' lang='lat' dir='ltr'>soilioet</span> <span class='ocrx_word' id='word_1_678' title='bbox 1674 4765 1740 4808; x_wconf 89' lang='lat' dir='ltr'>uon</span> <span class='ocrx_word' id='word_1_679' title='bbox 1771 4745 1914 4809; x_wconf 87' lang='lat' dir='ltr'>oonteuti</span> <span class='ocrx_word' id='word_1_680' title='bbox 1946 4743 2077 4809; x_wconf 87' lang='lat' dir='ltr'>insidiis</span> <span class='ocrx_word' id='word_1_681' title='bbox 2109 4753 2167 4809; x_wconf 89' lang='lat' dir='ltr'>ant</span> <span class='ocrx_word' id='word_1_682' title='bbox 2196 4744 2230 4808; x_wconf 82' lang='lat' dir='ltr'>vi</span> <span class='ocrx_word' id='word_1_683' title='bbox 2261 4737 2375 4828; x_wconf 84' lang='lat' dir='ltr'>apar&#39;ta</span> 
     </span>
     <span class='ocr_line' id='line_1_50' title="bbox 377 4824 2376 4924; baseline -0.005 -24"><span class='ocrx_word' id='word_1_684' title='bbox 377 4830 594 4916; x_wconf 89' lang='lat' dir='ltr'>rumpendum</span> <span class='ocrx_word' id='word_1_685' title='bbox 618 4827 653 4892; x_wconf 92' lang='lat' dir='ltr'>in</span> <span class='ocrx_word' id='word_1_686' title='bbox 675 4843 770 4908; x_wconf 86' lang='lat' dir='ltr'>pano,</span> <span class='ocrx_word' id='word_1_687' title='bbox 793 4843 911 4924; x_wconf 87' lang='lat' dir='ltr'>nempe</span> <span class='ocrx_word' id='word_1_688' title='bbox 929 4831 967 4889; x_wconf 91' lang='lat' dir='ltr'>ut</span> <span class='ocrx_word' id='word_1_689' title='bbox 983 4824 1192 4890; x_wconf 88' lang='lat' dir='ltr'>oontroheret</span> <span class='ocrx_word' id='word_1_690' title='bbox 1207 4825 1349 4908; x_wconf 88' lang='lat' dir='ltr'>aliquam</span> <span class='ocrx_word' id='word_1_691' title='bbox 1401 4828 1558 4894; x_wconf 74' lang='lat' dir='ltr'>venafimo</span> <span class='ocrx_word' id='word_1_692' title='bbox 1581 4826 1706 4892; x_wconf 84' lang='lat' dir='ltr'>vellent</span> <span class='ocrx_word' id='word_1_693' title='bbox 1727 4829 1834 4910; x_wconf 90' lang='lat' dir='ltr'>ipsum</span> <span class='ocrx_word' id='word_1_694' title='bbox 1862 4827 1998 4911; x_wconf 87' lang='lat' dir='ltr'>perdere</span> <span class='ocrx_word' id='word_1_695' title='bbox 2019 4840 2054 4894; x_wconf 91' lang='lat' dir='ltr'>et</span> <span class='ocrx_word' id='word_1_696' title='bbox 2074 4829 2297 4913; x_wconf 83' lang='lat' dir='ltr'>exstinguere,</span> <span class='ocrx_word' id='word_1_697' title='bbox 2328 4837 2376 4893; x_wconf 87' lang='lat' dir='ltr'>at·</span> 
     </span>
    </p>
   </div>
   <div class='ocr_carea' id='block_1_9' title="bbox 377 4909 2170 5079">
    <p class='ocr_par' dir='ltr' id='par_1_9' title="bbox 377 4909 2170 5079">
     <span class='ocr_line' id='line_1_51' title="bbox 377 4909 2170 5057; baseline -0.004 -71"><span class='ocrx_word' id='word_1_698' title='bbox 377 4918 593 5003; x_wconf 87' lang='lat' dir='ltr'>putredinem.</span> <span class='ocrx_word' id='word_1_699' title='bbox 627 4911 712 4978; x_wconf 88' lang='lat' dir='ltr'>Nam</span> <span class='ocrx_word' id='word_1_700' title='bbox 731 4909 856 5008; x_wconf 77' lang='lat' dir='ltr'>lignum</span> <span class='ocrx_word' id='word_1_701' title='bbox 875 4929 909 4973; x_wconf 89' lang='lat' dir='ltr'>m</span> <span class='ocrx_word' id='word_1_702' title='bbox 922 4929 1021 5057; x_wconf 65' lang='lat' dir='ltr'>pane,</span> <span class='ocrx_word' id='word_1_703' title='bbox 1040 4909 1102 4976; x_wconf 88' lang='lat' dir='ltr'>uisi</span> <span class='ocrx_word' id='word_1_704' title='bbox 1120 4909 1349 4993; x_wconf 87' lang='lat' dir='ltr'>putrslaotum‚</span> <span class='ocrx_word' id='word_1_705' title='bbox 1401 4932 1466 4994; x_wconf 91' lang='lat' dir='ltr'>que</span> <span class='ocrx_word' id='word_1_706' title='bbox 1488 4912 1587 4978; x_wconf 86' lang='lat' dir='ltr'>etiem</span> <span class='ocrx_word' id='word_1_707' title='bbox 1610 4911 1717 4978; x_wconf 86' lang='lat' dir='ltr'>delere</span> <span class='ocrx_word' id='word_1_708' title='bbox 1739 4915 1810 4979; x_wconf 88' lang='lat' dir='ltr'>aius</span> <span class='ocrx_word' id='word_1_709' title='bbox 1831 4935 1960 4980; x_wconf 86' lang='lat' dir='ltr'>nomem</span> <span class='ocrx_word' id='word_1_710' title='bbox 2001 4912 2170 4998; x_wconf 84' lang='lat' dir='ltr'>Sequitur,</span> 
     </span>
     <span class='ocr_line' id='line_1_52' title="bbox 379 4992 1351 5079; baseline -0.009 -10"><span class='ocrx_word' id='word_1_711' title='bbox 379 5024 445 5068; x_wconf 91' lang='lat' dir='ltr'>nou</span> <span class='ocrx_word' id='word_1_712' title='bbox 473 5007 615 5067; x_wconf 82' lang='lat' dir='ltr'>nouerat.</span> <span class='ocrx_word' id='word_1_713' title='bbox 659 4995 725 5064; x_wconf 87' lang='lat' dir='ltr'>Sed</span> <span class='ocrx_word' id='word_1_714' title='bbox 755 4994 891 5060; x_wconf 78' lang='lat' dir='ltr'>minime</span> <span class='ocrx_word' id='word_1_715' title='bbox 944 4992 1056 5059; x_wconf 86' lang='lat' dir='ltr'>ubrum</span> <span class='ocrx_word' id='word_1_716' title='bbox 1084 5003 1133 5059; x_wconf 90' lang='lat' dir='ltr'>est</span> <span class='ocrx_word' id='word_1_717' title='bbox 1166 4995 1246 5078; x_wconf 90' lang='lat' dir='ltr'>quin</span> <span class='ocrx_word' id='word_1_718' title='bbox 1280 5015 1351 5079; x_wconf 86' lang='lat' dir='ltr'>pro·</span> 
     </span>
    </p>
   </div>
   <div class='ocr_carea' id='block_1_10' title="bbox 379 5077 2378 5340">
    <p class='ocr_par' dir='ltr' id='par_1_10' title="bbox 379 5077 2378 5340">
     <span class='ocr_line' id='line_1_53' title="bbox 379 5077 1352 5171; baseline -0.01 -18"><span class='ocrx_word' id='word_1_719' title='bbox 379 5089 478 5171; x_wconf 87' lang='lat' dir='ltr'>pheta</span> <span class='ocrx_word' id='word_1_720' title='bbox 499 5087 554 5152; x_wconf 89' lang='lat' dir='ltr'>bio</span> <span class='ocrx_word' id='word_1_721' title='bbox 575 5081 796 5166; x_wconf 89' lang='lat' dir='ltr'>metaphorioe</span> <span class='ocrx_word' id='word_1_722' title='bbox 818 5077 988 5162; x_wconf 85' lang='lat' dir='ltr'>loquatur,</span> <span class='ocrx_word' id='word_1_723' title='bbox 1019 5078 1289 5161; x_wconf 85' lang='lat' dir='ltr'>quemadmodum</span> <span class='ocrx_word' id='word_1_724' title='bbox 1318 5091 1352 5144; x_wconf 91' lang='lat' dir='ltr'>et</span> 
     </span>
     <span class='ocr_line' id='line_1_54' title="bbox 379 5161 2376 5252; baseline -0.003 -14"><span class='ocrx_word' id='word_1_725' title='bbox 379 5171 490 5239; x_wconf 83' lang='lat' dir='ltr'>David</span> <span class='ocrx_word' id='word_1_726' title='bbox 520 5171 652 5237; x_wconf 91' lang='lat' dir='ltr'>Psalmo</span> <span class='ocrx_word' id='word_1_727' title='bbox 679 5168 721 5234; x_wconf 84' lang='lat'>69</span> <span class='ocrx_word' id='word_1_728' title='bbox 750 5165 794 5252; x_wconf 80' lang='lat' dir='ltr'>(a.</span> <span class='ocrx_word' id='word_1_729' title='bbox 820 5165 877 5250; x_wconf 90' lang='grc'>22)</span> <span class='ocrx_word' id='word_1_730' title='bbox 904 5183 1005 5247; x_wconf 91' lang='lat' dir='ltr'>quum</span> <span class='ocrx_word' id='word_1_731' title='bbox 1036 5161 1130 5228; x_wconf 86' lang='lat' dir='ltr'>dioit:</span> <span class='ocrx_word' id='word_1_732' title='bbox 1164 5165 1352 5232; x_wconf 88' lang='lat' dir='ltr'>Posuerunt</span> <span class='ocrx_word' id='word_1_733' title='bbox 1489 5166 1541 5232; x_wconf 88' lang='grc'>20.</span> <span class='ocrx_word' id='word_1_734' title='bbox 1575 5165 1619 5232; x_wconf 84' lang='lat' dir='ltr'>Et</span> <span class='ocrx_word' id='word_1_735' title='bbox 1648 5167 1783 5232; x_wconf 68' lang='lat' dir='ltr'>lemae</span> <span class='ocrx_word' id='word_1_736' title='bbox 1815 5169 2007 5234; x_wconf 62' lang='lat' dir='ltr'>maratana·</span> <span class='ocrx_word' id='word_1_737' title='bbox 2038 5168 2186 5236; x_wconf 57' lang='lat' dir='ltr'>iudaeae</span> <span class='ocrx_word' id='word_1_738' title='bbox 2217 5169 2376 5235; x_wconf 68' lang='lat' dir='ltr'>betilium</span> 
     </span>
     <span class='ocr_line' id='line_1_55' title="bbox 379 5249 2378 5340; baseline -0.003 -16"><span class='ocrx_word' id='word_1_739' title='bbox 379 5260 415 5324; x_wconf 90' lang='lat' dir='ltr'>iu</span> <span class='ocrx_word' id='word_1_740' title='bbox 437 5278 545 5327; x_wconf 87' lang='lat' dir='ltr'>eseam</span> <span class='ocrx_word' id='word_1_741' title='bbox 568 5275 674 5322; x_wconf 86' lang='lat' dir='ltr'>meam</span> <span class='ocrx_word' id='word_1_742' title='bbox 701 5253 762 5330; x_wconf 84' lang='lat' dir='ltr'>iol,</span> <span class='ocrx_word' id='word_1_743' title='bbox 793 5261 826 5318; x_wconf 86' lang='lat' dir='ltr'>ot</span> <span class='ocrx_word' id='word_1_744' title='bbox 859 5250 893 5316; x_wconf 89' lang='lat' dir='ltr'>in</span> <span class='ocrx_word' id='word_1_745' title='bbox 927 5249 981 5316; x_wconf 87' lang='lat' dir='ltr'>siti</span> <span class='ocrx_word' id='word_1_746' title='bbox 1014 5267 1088 5314; x_wconf 86' lang='lat' dir='ltr'>mea</span> <span class='ocrx_word' id='word_1_747' title='bbox 1117 5257 1270 5334; x_wconf 86' lang='lat' dir='ltr'>potarunt</span> <span class='ocrx_word' id='word_1_748' title='bbox 1299 5269 1351 5316; x_wconf 89' lang='lat' dir='ltr'>me</span> <span class='ocrx_word' id='word_1_749' title='bbox 1404 5251 1484 5336; x_wconf 87' lang='lat' dir='ltr'>(aut,</span> <span class='ocrx_word' id='word_1_750' title='bbox 1514 5249 1614 5318; x_wconf 90' lang='lat' dir='ltr'>iudex</span> <span class='ocrx_word' id='word_1_751' title='bbox 1642 5252 1807 5337; x_wconf 85' lang='lat' dir='ltr'>iustitiae),</span> <span class='ocrx_word' id='word_1_752' title='bbox 1838 5259 1986 5320; x_wconf 71' lang='lat' dir='ltr'>aerumna</span> <span class='ocrx_word' id='word_1_753' title='bbox 2014 5252 2210 5340; x_wconf 87' lang='lat' dir='ltr'>(inquirens)</span> <span class='ocrx_word' id='word_1_754' title='bbox 2240 5257 2378 5321; x_wconf 73' lang='lat' dir='ltr'>resonet</span> 
     </span>
    </p>
   </div>
   <div class='ocr_carea' id='block_1_11' title="bbox 0 0 2544 6116">
    <p class='ocr_par' dir='ltr' id='par_1_11' title="bbox 0 0 2544 6116">
     <span class='ocr_line' id='line_1_56' title="bbox 0 0 2544 6116; baseline 0 0"><span class='ocrx_word' id='word_1_755' title='bbox 0 0 2544 6116; x_wconf 95' lang='lat' dir='ltr'> </span> 
     </span>
    </p>
   </div>
  </div>
 </body>
</html>
