5158 6124
212 469 279 535 425
905 466 956 532 1u
979 447 1228 532 minturnis.
1273 463 1373 530 oss.
1396 462 1530 529 xxm.
2153 467 2220 534 426

214 657 315 722 etism
337 655 378 722 de
399 655 570 740 prophetie
592 653 774 722 Semeriae:
796 653 854 720 sed
875 654 931 735 qni
954 651 1098 735 quotidie
1119 671 1191 717 ease
1244 669 1343 732 quam
1366 671 1423 733 per
1445 649 1663 734 evangelium.
1698 651 1789 736 Ergo
1810 652 1867 718 ubi
1888 652 1981 720 Deus
2002 655 2103 721 semel
2124 657 2216 723 testi-

214 741 424 807 ostentabant
455 742 490 805 in
517 740 655 823 templo,
689 749 724 804 at
755 739 928 821 magnifiee
960 738 1125 803 instabant
1156 757 1192 802 se
1244 734 1390 800 monium
1423 735 1579 816 reddidit,
1616 737 1687 802 tisri
1719 757 1786 803 non
1819 746 1926 820 potest
1958 739 2038 822 quin
2069 742 2217 825 quisquis

215 826 377 892 divinitus
399 826 520 892 eleetos
541 847 623 903 esso,
667 823 811 890 raeditoe
833 823 951 907 spiritu
973 822 1192 898 revelationis,
1244 819 1335 901 eupit
1356 839 1391 886 se
1410 819 1560 887 addioere
1576 822 1612 887 in
1628 822 1701 887 eius
1718 823 1911 906 obsequium
1928 826 2024 890 simul
2041 835 2217 910 eognoseat

216 911 302 977 nihil
333 910 452 976 afferre
480 911 544 976 nisi
574 847 667 993 qnod
691 911 783 976 Deus
811 907 1036 974 mandaverat
1080 907 1191 988 Quum
1244 904 1322 987 quid
1344 910 1470 972 reotum
1492 906 1553 990 sit,
1585 906 1663 990 quid
1691 909 1800 990 sequi,
1832 909 1884 974 vel
1913 909 2028 994 fugere
2055 911 2215 995 expediet

217 1017 298 1080 ergo
319 997 400 1062 tolee
422 1004 552 1061 vetaret
572 995 687 1062 audire
709 993 876 1072 Ieremias,
905 993 978 1058 fieri
999 1013 1064 1058 non
1086 992 1193 1074 potuit
1244 990 1342 1056 Nune
1363 991 1513 1058 ridemus
1535 1002 1658 1075 quanta
1679 993 1724 1058 sit
1745 992 1841 1058 huius
1860 993 1926 1060 looi
1948 995 2081 1063 utilitas.
2121 997 2216 1064 Nihil

216 1083 298 1166 quin
321 1082 432 1165 gravis
463 1081 667 1165 perturbatio
693 1080 817 1146 subiret
845 1077 1038 1163 praesertim
1066 1078 1194 1143 animos
1245 1077 1334 1142 enim
1356 1076 1507 1143 miserius
1528 1088 1595 1156 eet,
1625 1097 1722 1161 quam
1743 1078 1933 1160 imposturis
1956 1079 2127 1148 hominum
2150 1082 2216 1150 huo

215 1166 423 1248 simplieium.
466 1165 557 1246 Quid
579 1164 642 1231 hoo
663 1165 725 1230 sibi
747 1163 841 1231 vult?
873 1183 932 1229 onr
954 1164 1079 1246 patitur
1101 1161 1194 1227 Deus
1245 1171 1278 1226 et
1298 1161 1376 1227 illue
1398 1162 1532 1245 raptari,
1554 1171 1588 1227 et
1609 1162 1728 1229 abduei
1749 1185 1768 1228 a
1789 1165 1845 1229 via
1862 1164 1987 1231 salutis.
2022 1167 2112 1251 Ilrgo
2130 1168 2215 1234 nibil

216 1253 298 1318 istos
320 1252 501 1316 nebulones
523 1251 632 1318 losum
654 1269 812 1332 oeoupars
840 1248 876 1314 in
903 1249 1041 1332 templo,
1070 1246 1194 1314 stillio
1244 1247 1350 1331 magis
1370 1248 1512 1330 optabile
1533 1257 1593 1332 est,
1616 1266 1714 1331 quam
1736 1259 1824 1314 oerto
1846 1259 1958 1316 tonare
1981 1252 2078 1319 nom.
2122 1253 2215 1320 Deus

216 1355 370 1402 uertere
391 1357 511 1401 munos
532 1335 778 1420 prophotionm:
811 1343 845 1400 st
872 1343 983 1400 tanim
1005 1353 1077 1398 osse
1098 1331 1193 1398 felsa-
1244 1341 1355 1397 autem
1373 1332 1427 1400 hio
1444 1332 1547 1416 digito
1564 1332 1764 1400 demonstrat
1780 1334 1879 1414 viam,
1902 1357 2003 1419 quum
2024 1338 2104 1405 dioit
2121 1359 2215 1421 posse

216 1421 300 1499 rios,
332 1431 367 1486 et
387 1422 552 1504 periuros,
585 1430 618 1486 et
643 1419 862 1504 impostores?
907 1418 1191 1500 Quemadmodum
1245 1427 1315 1483 tuto
1337 1417 1442 1483 audiri
1471 1419 1656 1501 quieunque
1684 1418 1865 1502 loquuntur
1885 1443 1926 1488 ex
1947 1425 2018 1489 eius
2039 1444 2105 1503 ore,
2134 1425 2214 1491 alios

216 1505 314 1572 hodie
336 1506 486 1572 videmus
507 1507 629 1572 multos
655 1506 860 1572 oonsternari
886 1514 1021 1587 proptor
1050 1503 1191 1582 dissidia,
1245 1511 1354 1569 autem
1375 1523 1446 1568 esse
1467 1503 1692 1586 repudiandos,
1718 1516 1885 1588 uteunque
1906 1529 2026 1574 nomen
2049 1509 2214 1592 propheti·

216 1593 335 1675 quibus
364 1590 462 1656 hodio
490 1591 625 1657 eeolesia
651 1591 827 1668 soinditnr,
860 1597 895 1655 et
927 1590 1020 1673 qnasi
1052 1589 1192 1655 laoorata
1244 1608 1319 1654 oum
1347 1586 1540 1667 obtendant,
1572 1599 1606 1654 ot
1627 1590 1674 1654 ita
1696 1591 1756 1656 sub
1789 1591 1864 1657 tneo
1896 1595 2080 1660 autoritatis
2107 1595 2214 1661 velint

216 1687 282 1743 est:
310 1676 460 1760 eogimnr
480 1675 640 1742 adversus
661 1695 718 1741 eos
740 1677 929 1759 oonfligere,
958 1675 1015 1758 qui
1037 1682 1192 1758 arrogant
1243 1671 1305 1740 sibi
1325 1673 1484 1740 subiioera
1506 1675 1599 1757 qnasi
1620 1675 1765 1756 eeptivas
1786 1677 1958 1744 hominnm
1987 1691 2124 1746 mentes.
2169 1681 2215 1746 ltt

215 1763 278 1828 sibi
300 1782 421 1827 nomen
445 1761 622 1828 ootholioae
643 1760 810 1840 eeoleeise,
839 1761 895 1842 qui
920 1761 1045 1826 iaetant
1063 1780 1099 1824 ee
1120 1779 1191 1825 esse
1244 1758 1305 1824 hoo
1333 1758 1428 1823 hodie
1460 1760 1581 1842 poterit
1611 1761 1762 1826 sulfieero
1793 1762 1835 1826 ad
1868 1762 2068 1831 dirimendae
2100 1787 2214 1832 omnes

215 1847 392 1930 episeopus,
414 1847 555 1913 vinarios
577 1846 712 1924 Christi,
734 1865 938 1912 snoeossores
962 1844 1189 1928 apostolorum.
1243 1844 1491 1910 oontrorsrsias.
1546 1844 1632 1910 Nam
1665 1844 1743 1912 hino
1776 1855 1864 1912 eerte
1898 1849 2020 1931 pendet
2054 1851 2213 1935 quidquid

215 1932 326 2013 Quum
348 1952 428 2016 ergo
449 1930 548 1997 rudes
569 1930 684 1997 vident
706 1941 770 1994 tarn
792 1928 928 1995 hostiles
956 1930 1126 1995 oonflietns
1154 1930 1189 1994 in
1242 1949 1333 1994 unne
1368 1928 1594 2011 quaestionum
1630 1931 1776 2015 agitatur
1808 1933 1842 1996 in
1876 1935 2007 2000 mundo.
2060 1936 2212 2019 Papistao

215 2018 324 2084 medio
344 2018 419 2084 sinu
441 2016 607 2098 adelasiae,
629 2015 701 2082 fieri
724 2036 789 2080 non
812 2023 928 2097 potest,
951 2015 1030 2098 quin
1045 2025 1190 2081 terrean-
1241 2014 1360 2081 volunt
1380 2013 1479 2096 reeipi
1502 2033 1561 2096 pro
1580 2015 1719 2081 oreonlis
1737 2036 1797 2083 sna
1814 2031 2008 2104 eommonta,
2029 2019 2214 2087 obtendunt

215 2111 287 2184 tur,
314 2111 347 2167 et
369 2102 449 2184 quin
472 2101 571 2167 etiam
593 2100 655 2168 hoo
681 2099 915 2167 offendioulum
941 2099 1087 2185 graviter
1113 2119 1190 2165 eon·
1243 2121 1361 2165 nomen
1391 2098 1561 2164 eoelesiaet
1594 2122 1655 2166 nos
1684 2109 1794 2167 autom
1822 2123 1863 2168 ex
1886 2106 2035 2188 opposito
2063 2108 2211 2189 dieimus,

214 2189 317 2254 outiat
337 2207 450 2252 eorum
471 2187 578 2254 fidem.
623 2185 702 2252 Ideo
724 2185 814 2252 leons
836 2184 891 2250 hie
912 2186 1059 2268 apprime
1080 2185 1189 2252 obser-
1242 2182 1471 2267 comprehendi
1503 2183 1681 2265 perfeotam
1715 2187 1910 2270 sapientiam
1945 2193 1979 2256 in
2012 2191 2100 2275 lege,
2138 2215 2212 2278 pro-

214 2273 345 2338 vandua
376 2282 443 2338 est:
479 2272 557 2354 quia
589 2271 652 2336 etsi
683 2271 777 2336 initio
810 2270 938 2336 turbari
970 2271 1077 2354 potuit
1109 2269 1192 2336 rude
1242 2271 1354 2354 photio
1371 2279 1405 2336 et
1425 2268 1607 2354 evangelio.
1651 2272 1743 2355 Ergo
1767 2272 1796 2338 si
1817 2273 1986 2341 attendere
2013 2275 2142 2358 plaoeat
2170 2279 2212 2344 ad

213 2357 334 2440 vulgus
351 2356 414 2422 hae
431 2356 665 2440 prohibitione:
688 2356 834 2439 quisquis
853 2364 964 2432 tamen
979 2355 1064 2422 serio
1079 2355 1190 2420 timuit
1240 2377 1276 2421 os
1298 2355 1372 2434 Dei,
1393 2354 1489 2420 laoils
1510 2356 1573 2420 erit
1593 2377 1786 2440 eomponore
1808 2377 1922 2425 omnes
1944 2360 2027 2426 lites.
2066 2363 2113 2427 Et
2133 2363 2212 2430 hino

212 2439 334 2522 Deum,
355 2454 499 2508 mentem
521 2462 616 2506 suam
638 2441 786 2526 eollegit,
818 2449 855 2506 ut
885 2440 1082 2508 disserueret
1102 2440 1190 2506 inter
1241 2442 1340 2506 etiam
1361 2440 1518 2522 seqnitur,
1550 2442 1695 2524 papistas
1724 2441 1797 2507 ideo
1818 2442 1933 2526 deoipi,
1967 2447 2121 2528 quoniam
2144 2469 2211 2514 non

212 2547 308 2592 veros
330 2536 364 2591 ot
386 2526 485 2592 salsos
506 2525 698 2608 prophetas:
720 2535 755 2590 et
772 2525 865 2592 Deus
883 2545 1052 2607 nunqnam
1071 2524 1189 2592 eleetos
1241 2527 1420 2610 dignantur
1441 2527 1642 2610 interrogare
1659 2547 1695 2592 os
1710 2525 1784 2604 Dei,
1807 2529 1863 2594 sed
1888 2529 2012 2595 malunt
2033 2552 2105 2598 sese
2121 2554 2213 2599 man-

212 2633 289 2677 suoe
312 2611 467 2676 destituet
488 2611 608 2696 spiritu
629 2609 751 2693 iudioii,
781 2615 815 2675 et
841 2608 1055 2688 diseretionis,
1085 2629 1187 2693 quum
1240 2611 1350 2696 sipare
1371 2609 1566 2691 hominibus,
1588 2620 1751 2676 eteorum
1774 2613 1960 2695 mendaoiis,
1982 2637 2079 2698 quam
2102 2619 2212 2684 soisoi·

211 2697 384 2762 oertabunt
416 2695 494 2762 hino
525 2696 603 2760 inde
634 2695 783 2762 dootoree
816 2705 849 2759 et
881 2697 992 2779 magni
1025 2695 1187 2761 tumultus
1240 2698 1304 2762 tari
1326 2696 1403 2780 quid
1427 2695 1498 2778 Deo
1520 2696 1657 2778 plaoeat.
1697 2697 1871 2780 Loquutus
1893 2709 1943 2765 est
1965 2703 2052 2768 enim
2075 2704 2155 2786 ipse,
2178 2715 2212 2770 et

213 2781 382 2847 ecelesiam
404 2781 472 2848 t'ere
493 2778 762 2864 pessumdabunt:
789 2781 867 2864 quin
891 2795 970 2847 tuno
991 2799 1128 2863 quoqne,
1150 2788 1188 2845 ut
1240 2803 1304 2848 non
1335 2783 1490 2864 loquutus
1518 2790 1567 2846 est
1589 2781 1623 2844 in
1646 2782 1848 2864 ebeoondito,
1881 2784 1944 2851 hoe
1966 2796 2024 2868 est,
2058 2809 2122 2852 non
2151 2810 2211 2873 por

213 2865 300 2944 dixi,
334 2885 463 2949 semper
492 2865 646 2932 retinebit
665 2865 796 2932 eleetos
824 2885 917 2944 suos,
949 2865 1047 2931 modo
1074 2867 1127 2950 pio
1153 2876 1187 2931 et
1239 2868 1404 2950 ambages,
1433 2884 1493 2932 neo
1513 2865 1658 2932 obseura.
1702 2867 1797 2932 Nihil
1817 2869 1907 2933 enim
1928 2881 1978 2935 est
1999 2872 2119 2939 elarius
2141 2877 2211 2940 eius

213 2950 384 3016 humiliter
422 2950 611 3018 studeamus
650 2971 710 3016 noe
749 2949 908 3017 sobiioere
954 2953 1025 3018 eius
1065 2949 1184 3017 verbo:
1240 2952 1396 3027 doetrina,
1430 2947 1524 3016 modo
1552 2969 1620 3016 non
1645 2952 1807 3018 malitiose
1836 2955 2021 3022 emendant
2048 2956 2208 3025 homines.

212 3035 333 3120 diriget
365 3035 465 3101 etiam
499 3056 559 3100 noe
591 3055 692 3101 monu
723 3055 783 3102 sua
814 3057 856 3102 ne
887 3035 1051 3102 fallamur.
1094 3035 1185 3121 Ergo
1238 3038 1358 3104 Postea
1379 3035 1479 3114 addit,

212 3142 312 3204 quum
335 3121 510 3186 Ieremiam
533 3119 627 3187 Dens
649 3121 847 3186 instruxerit
868 3120 930 3188 hoo
954 3121 1119 3200 mundato,
1147 3131 1186 3186 ut

212 3214 342 3271 rotaret
363 3206 664 3290 pseudoprophetas
685 3206 807 3287 audiri,
837 3205 933 3274 hodie
954 3229 997 3272 ne
1018 3207 1185 3284 miremur,
1325 3206 1376 3272 17.
1409 3204 1557 3272 Diodotus
1588 3206 1715 3272 dieoodo
1746 3207 1804 3291 iis,
1838 3208 1893 3289 qui
1925 3229 1974 3274 me
2005 3217 2209 3301 cotoneum,

211 3292 240 3392 si
263 3291 356 3374 probi
378 3290 535 3393 domoras,
557 3300 591 3356 et
612 3293 668 3374 qui
689 3291 828 3393 eupiunt
848 3312 995 3358 asserere
1015 3311 1131 3358 veram
1153 3300 1186 3357 et
1238 3292 1404 3374 [equuus
1424 3295 1470 3356 eet
1489 3290 1636 3390 Iobooolt,
1652 3311 1723 3373 pot
1743 3293 1804 3391 erit
1823 3292 1920 3378 υοόἰε,
1942 3301 1970 3360 et
1990 3296 2132 3365 nouitas
2152 3303 2210 3382 qui

210 3397 373 3560 ttttt
385 3386 987 3545 ottftttobttttttttttt
998 3375 1186 3546 ,1222le
1237 3375 1917 3546 ffldllllilllllllbllell
1940 3383 2209 3555 tttttttt

210 3555 245 3612 et
262 3567 489 3631 episcoporum
508 3547 713 3630 delitesount,
734 3557 772 3610 ut
789 3545 901 3614 fuoum
919 3545 1041 3613 fatiant
1057 3547 1186 3615 miserie
1230 3549 1390 3632 multato
1416 3548 1522 3614 cordis
1549 3549 1616 3632 atti,
1648 3549 1768 3630 tuso,
1802 3548 1878 3614 Nou
1904 3552 2005 3617 emto
2031 3571 2127 3634 super
2154 3575 2210 3622 voe

210 3643 244 3696 et
266 3633 411 3698 rudibus.
457 3632 508 3698 Ne
528 3631 679 3709 sodimis,
701 3631 818 3713 inquit,
839 3631 932 3697 oerbo
946 3631 1186 3716 prophetaram,
1235 3635 1367 3700 molam.

209 3719 266 3800 gui
279 3717 469 3801 prophetant
487 3717 581 3784 vobis.
628 3715 738 3798 Addit,
763 3717 846 3799 Qeet'o
867 3737 1042 3784 eooueeoere
1061 3737 1115 3783 ooo
1134 3718 1186 3800 so·
1324 3718 1374 3784 18.
1397 3715 1485 3782 Nom
1506 3718 1579 3797 oute
1598 3717 1681 3783 stetit
1696 3718 2054 3786 temereternere?
2074 3725 2208 3806 etoidit,

209 3805 312 3887 duat,
347 3803 407 3869 hoo
439 3811 505 3882 est,
537 3803 701 3868 infatuant
733 3823 803 3868 vos.
847 3800 916 3868 Sed
949 3804 1095 3868 nondum
1124 3801 1186 3870 hoo
1236 3802 1403 3870 namot
1422 3821 1592 3868 ommonem
1613 3803 1709 3870 etos?
1731 3806 1805 3886 qais
1826 3806 1956 3870 austu
1976 3806 2018 3872 ad
2038 3825 2208 3877 tumeam

210 3897 340 3972 poterat
360 3890 526 3968 suffieero,
554 3887 616 3953 niei
639 3887 749 3952 addita
777 3888 893 3953 fuisset
921 3888 1042 3954 eertior
1067 3888 1185 3954 oonfir-
1236 3891 1315 3973 eise,
1336 3893 1365 3955 st
1385 3886 1532 3954 sadud?

210 3975 321 4038 matio.
353 3974 443 4039 Dieit
460 3975 562 4058 igitur
578 3972 736 4038 Ieremias
755 3973 843 4055 ipsos
860 3973 1008 4056 prolerre
1025 3973 1186 4038 visionem

210 4059 317 4124 sordis
339 4061 399 4137 sui,
423 4079 488 4124 non
511 4068 619 4125 antem
641 4058 729 4142 loqui
752 4079 793 4123 ex
812 4056 876 4121 Dei
898 4078 965 4124 ors.
999 4057 1093 4124 Haeo
1109 4069 1187 4123 nota
1323 4058 1433 4123 Aliam
1462 4066 1573 4123 notam
1604 4058 1739 4143 apponit
1767 4059 1934 4139 Ieremias,
1967 4082 2033 4144 qua
2060 4061 2207 4147 dignosoi

210 4144 324 4210 fallere
343 4164 512 4226 nunqnam
529 4144 661 4225 poterit,
680 4143 743 4208 nisi
762 4144 834 4226 quis
852 4152 969 4227 sponte
986 4163 1022 4208 ee
1040 4142 1186 4226 proiieiat
1236 4144 1366 4227 possint
1386 4141 1460 4208 tetsi
1480 4143 1659 4226 prophetae
1681 4163 1701 4207 a
1723 4146 1818 4224 veris,
1852 4146 1938 4227 quod
1969 4147 2092 4212 seilicet
2114 4148 2206 4215 blan·

208 4230 242 4295 in
263 4230 394 4313 laqueos
413 4241 445 4292 et
463 4228 598 4294 insidias
616 4230 777 4294 Satanae:
799 4228 1072 4310 quemadmodum
1090 4227 1185 4293 multi
1237 4230 1371 4295 diantnr
1399 4228 1555 4311 improbis
1583 4239 1618 4294 ot
1640 4227 1804 4295 seeleratis
1824 4230 1889 4296 Dei
1917 4235 2206 4313 oontemptoribus.

210 4317 299 4382 ultro
321 4323 482 4397 appetunt
504 4313 618 4395 deeipi,
641 4315 707 4379 imo
730 4320 901 4381 aeeersuut
919 4313 981 4379 sibi
998 4314 1184 4380 mandaria:
1236 4314 1369 4398 Repetit
1401 4333 1481 4396 ergo
1503 4313 1587 4397 quod
1609 4331 1715 4394 nuper
1737 4313 1873 4391 dixerat,
1907 4336 2024 4399 nempe
2045 4318 2133 4400 ipsos
2155 4341 2207 4386 ro·

208 4423 326 4468 verum
350 4400 498 4484 quisquis
520 4400 666 4463 unimum
690 4420 786 4465 suum
810 4398 850 4464 ad
874 4399 1018 4466 studium
1038 4399 1186 4466 veritatis
1235 4401 1350 4466 borare
1371 4417 1507 4464 manum
1529 4398 1759 4480 improborum,
1782 4401 1829 4464 ita
1847 4410 1884 4464 ut
1899 4400 2150 4468 obdureseerent
2171 4407 2206 4471 in

209 4487 349 4563 ndiieiet,
372 4505 540 4568 nunquam
562 4485 683 4568 poterit
705 4485 821 4568 deripi,
849 4483 878 4550 si
903 4486 966 4551 hae
987 4495 1074 4564 nota,
1103 4506 1186 4568 qnae
1236 4504 1296 4550 sua
1326 4483 1510 4566 impietate,
1550 4495 1585 4547 ot
1615 4479 1793 4549 abiieeront
1825 4505 1955 4550 omnem
1988 4489 2207 4568 poenitentiae

209 4573 304 4638 nobis
327 4573 533 4655 proponitur,
563 4569 726 4636 disoernat
752 4571 841 4635 inter
870 4571 1056 4653 prophetas.
1098 4570 1185 4636 Nam
1235 4569 1389 4637 studium.
1447 4568 1520 4634 Etsi
1553 4569 1639 4633 enirn
1671 4568 1744 4634 aliis
1776 4568 1886 4636 verbis
1917 4571 2040 4635 utitur:
2077 4593 2207 4638 summa

209 4659 358 4740 quisquis
383 4657 528 4740 loquitur
561 4675 602 4720 ex
635 4675 735 4721 sensu
768 4655 900 4740 proprio
932 4657 1092 4739 impostor
1123 4671 1182 4721 eet.
1236 4665 1346 4720 tamen
1375 4656 1487 4722 eodem
1511 4653 1627 4730 reddit,
1660 4655 1741 4734 quod
1760 4655 1966 4735 promiserint
1987 4675 2111 4739 potem,
2143 4657 2206 4723 hoo

209 4743 316 4808 Nemo
349 4741 452 4826 igitur
482 4742 606 4806 oenseri
635 4739 732 4806 debet
761 4739 866 4806 bonne
894 4740 1006 4806 deotor
1034 4740 1098 4806 nisi
1127 4741 1183 4824 qui
1235 4751 1294 4819 est,
1310 4740 1571 4824 prosperitatem,
1588 4737 1651 4804 Dei
1668 4739 1952 4822 oontemptoribus.
1981 4741 2066 4806 Nam
2086 4762 2206 4808 nomen

209 4829 353 4910 loquitor
365 4849 406 4892 ex
417 4848 473 4891 oro
485 4826 559 4890 Dei.
594 4824 660 4892 Sed
678 4825 732 4890 hio
751 4827 873 4907 poterit
890 4827 1014 4891 moveri
1027 4827 1183 4908 quaestio,
1236 4809 1321 4894 nt5v
1351 4824 1546 4890 tantundem
1577 4824 1663 4890 valet
1691 4843 1728 4891 ao
1757 4824 1840 4889 bene
1872 4845 1958 4902 esse,
1992 4847 2030 4891 ao
2058 4826 2205 4893 lelieiter.

210 4912 375 4995 quomodo
396 4912 558 4995 intelliget
580 4909 722 4994 simplex
751 4911 887 4994 vulgus,
920 4911 1002 4978 alios
1033 4911 1121 4993 loqui
1141 4930 1183 4975 ex
1235 4910 1357 4976 Dieuot
1384 4911 1486 4994 igitur
1512 4909 1557 4974 iis
1578 4909 1634 4989 qai
1653 4929 1702 4974 me
1721 4910 1932 4991 vilipendunt,
1963 4909 2014 4975 vel
2042 4911 2205 4978 reiioinnt.

211 4999 274 5062 Dei
314 5018 388 5076 ore,
427 4997 508 5062 alios
547 5007 656 5062 autem
696 4995 843 5079 proferre
879 5016 940 5062 sna
980 4995 1192 5074 oommentu?¹
1235 4995 1320 5062 Nam
1352 5007 1413 5090 yttt
1445 5003 1623 5076 utrumque
1658 4995 1829 5078 signifieat.
1884 4995 2071 5077 Duplioetio
2106 4997 2205 5061 etiem

209 5083 420 5166 Respondeo,
455 5091 533 5146 tuno
554 5082 637 5165 legis
657 5080 837 5147 doetrinam
865 5083 945 5146 satis
974 5082 1115 5147 valuisse
1142 5080 1183 5146 ad
1235 5101 1302 5145 non
1322 5084 1412 5146 o'arot
1434 5079 1585 5163 pondere,
1609 5099 1710 5161 quum
1729 5078 1806 5145 dieit
1826 5090 1906 5147 tint<
1924 5090 2040 5147 n’tott.
2075 5078 2205 5147 Seimns

209 5166 397 5252 dirigendas
419 5167 532 5250 populi
549 5175 685 5244 mentes,
707 5166 803 5232 modo
820 5188 862 5231 ne
880 5166 990 5232 oenlos
1007 5166 1184 5234 olanderet.
1236 5166 1463 5250 onimquanto
1479 5165 1567 5231 fastu
1585 5164 1884 5248 pseudoprophetae
1900 5164 2043 5229 audeant
2057 5166 2205 5249 ingonem

210 5252 308 5330 Quod
327 5255 356 5318 si
376 5253 431 5317 lox
449 5252 597 5318 eulfieere
615 5253 721 5332 potuit
738 5251 794 5316 illo
813 5260 968 5334 tempore,
991 5273 1079 5318 nuno
1096 5262 1185 5317 eorte
1235 5271 1295 5318 sua
1326 5252 1462 5318 somnia.
1510 5250 1595 5316 Nam
1628 5262 1770 5333 aguntur
1802 5249 1920 5330 spiritu
1952 5251 2134 5332 superbiae,
2167 5262 2206 5318 nt

209 5338 302 5404 Dens
324 5339 443 5404 alarius
466 5333 558 5402 nobis
580 5337 716 5422 affulget
737 5345 805 5404 tam
828 5357 886 5420 per
903 5357 980 5403 snos
997 5336 1185 5422 prophetas,
1236 5345 1321 5404 sont
1346 5336 1406 5404 filii
1439 5334 1568 5402 diaboli.
1622 5335 1711 5402 Hine
1742 5334 1843 5418 igitur
1870 5333 1928 5400 illa
1959 5338 2134 5418 seouritas,
2166 5347 2205 5403 ut
