5118 6136
378 460 444 526 aaa
1185 440 1574 520 remansurorum
1905 521 1911 532 ,
2318 448 2383 514 aar

376 669 418 716 ex
457 642 661 712 lassitudine.
723 642 813 725 Ergo
854 661 911 723 per
949 639 1174 723 metaphoram
1215 649 1351 707 venatur
1403 641 1521 706 obruta
1554 643 1661 708 fuerat
1693 641 1734 705 ad
1767 651 1897 723 tempus
1935 660 2028 706 mene
2064 639 2253 722 prophetae.
2308 637 2379 702 Iam

377 733 487 800 anima
519 741 608 809 nult,
642 747 710 794 uon
738 726 838 806 lassa,
872 726 929 792 sed
961 727 1070 808 potius
1103 726 1285 792 sitieulosa:
1319 734 1352 792 et
1403 726 1562 811 adiungit,

376 818 516 886 verbum
539 813 722 898 respondet,
745 811 830 895 quod
852 812 1015 896 signifieat
1036 811 1199 877 inebriare
1221 819 1255 877 et
1276 812 1351 877 irri-

377 925 465 990 gare,
487 919 672 985 quanquam
696 919 792 981 saepe
815 898 973 981 aoeipitur
995 917 1054 981 pro
1077 904 1235 962 saturare.
1269 898 1353 962 Irri·
1489 898 1541 963 nt.
1565 896 1644 964 Erae
1663 892 2379 978 amomtuet‚utrit1eevat,etrontnuto

376 989 457 1074 pabo
479 987 588 1070 igitur,
613 983 724 1051 velud
743 983 924 1049 satietatem
949 1003 1049 1066 usque
1071 981 1190 1065 potabo
1211 984 1352 1049 animam
1403 983 1528 1049 domum
1546 983 1662 1062 lsrael,
1683 988 1711 1048 et
1732 983 1859 1047 domam
1881 979 2026 1047 laetat
2047 981 2163 1046 reatae
2183 978 2329 1060 luminis,
2351 982 2379 1042 et

376 1073 514 1151 aridam,
544 1076 572 1136 et
594 1090 712 1136 omnem
740 1069 882 1135 annnam
910 1088 991 1150 quae
1012 1068 1131 1149 derisit:
1163 1067 1220 1134 sed
1250 1087 1352 1150 quum
1403 1069 1519 1134 semine
1539 1068 1701 1135 animalia.

377 1173 445 1228 ΞΜ
475 1157 638 1242 signifieet
671 1155 823 1232 defioere,
857 1154 1023 1238 signifieat
1053 1155 1152 1218 etiam
1186 1153 1351 1218 interdum

376 1243 503 1312 lassari.
541 1243 606 1308 Hie
628 1240 790 1306 defeetum
813 1246 915 1319 notat,
937 1240 1012 1321 quia
1034 1239 1192 1322 sequitur,
1216 1237 1352 1321 Reptebo
1488 1238 1649 1306 Videmus
1671 1238 1864 1321 prophetam
1888 1235 1971 1301 nihil
1995 1255 2117 1302 novum
2140 1235 2296 1317 proferre,
2323 1231 2381 1298 sed

376 1331 520 1397 emesam
548 1348 628 1410 qaae
655 1325 766 1408 dotat.
811 1325 981 1408 Aooipitur
1010 1343 1089 1408 ergo
1112 1345 1170 1408 pro
1192 1322 1350 1391 tumelioo.
1403 1330 1534 1390 tautum
1567 1325 1714 1390 animare
1744 1321 1882 1388 Iudaeos
1916 1320 1957 1387 ad
1991 1319 2144 1386 fiduoiam
2179 1319 2384 1386 liberationis.

379 1415 517 1486 Summa
538 1423 604 1490 est,
635 1412 785 1496 quamvis
806 1409 976 1476 Israelitae
1005 1409 1152 1475 esuriant
1173 1418 1206 1474 et
1227 1409 1350 1487 sitiant,
1403 1431 1497 1488 suae,
1526 1419 1559 1475 et
1589 1409 1721 1474 reditus.
1773 1408 1887 1475 Utitur
1915 1413 2025 1472 autem
2060 1405 2125 1470 alia
2154 1404 2381 1479 similitudine,

378 1511 412 1568 et
434 1501 475 1566 ad
497 1508 628 1582 tempus
650 1497 769 1580 privati
791 1497 856 1560 siut
878 1495 948 1562 oibo
972 1502 1006 1560 et
1026 1503 1120 1577 potu,
1150 1514 1217 1560 non
1241 1501 1351 1560 tamen
1403 1495 1490 1578 quod
1512 1495 1637 1562 seilioet
1656 1494 1747 1560 Deus
1763 1493 1929 1559 rasitata
1945 1511 2061 1557 rursus
2078 1492 2115 1556 ia
2128 1496 2212 1556 terra
2228 1487 2381 1570 Istud&

378 1587 507 1653 obstare
536 1605 648 1649 eorum
678 1583 834 1665 inopiam,
864 1582 1037 1663 quominus
1066 1580 1132 1646 illis
1156 1579 1247 1646 Deus
1277 1599 1351 1646 suo·
1404 1595 1440 1645 ut
1462 1580 1621 1662 prodeest
1650 1593 1718 1644 tam
1746 1579 1907 1662 homines,
1938 1597 2037 1661 quam
2067 1596 2195 1659 peoora,
2223 1584 2258 1642 et
2284 1595 2382 1640 omne

378 1681 499 1749 eurrat,
533 1669 610 1753 quia
631 1669 666 1734 in
689 1668 761 1733 eius
792 1687 893 1732 manu
922 1673 973 1732 est
1003 1674 1036 1731 et
1062 1665 1197 1733 arbitrio
1230 1664 1352 1733 satiare
1404 1687 1508 1751 genus
1531 1665 1732 1732 animalium.
1763 1660 2200 1729 Diximusterramadtem
2226 1661 2383 1726 uetuisse

378 1755 552 1830 famelieos,
583 1767 616 1820 et
636 1751 799 1819 inebriare
829 1772 884 1818 eos
906 1753 962 1836 qui
985 1752 1108 1828 sitiunt,
1139 1760 1173 1816 et
1195 1750 1352 1817 deficiunt
1403 1750 1587 1835 squalidam
1605 1762 1639 1816 et
1657 1749 1828 1816 desertam.
1859 1748 1971 1831 Quum
1990 1767 2069 1831 ergo
2088 1746 2181 1813 Deus
2202 1683 2265 1813 iot
2287 1745 2383 1809 medo

377 1845 476 1909 etiem
499 1861 577 1924 prae
599 1840 662 1906 siti.
707 1838 804 1904 Nune
825 1838 982 1921 sequitur,
1403 1849 1525 1985 {arram
1548 1837 1755 1987 (1ιιιιιίιιῖιιᾰοι,Ι
1773 1848 1812 1984 nt
1833 1843 1981 1984 posiithli
1991 1853 2104 1982 ᾳιιιᾶιει
2121 1829 2383 2000 de'hrdmapilidld

1420 1942 1797 1988 amessesorurure
1833 1942 1919 1988 vast
1988 1939 2099 1998 ,reo
2143 1940 2184 1983 11

463 2013 516 2078 26.
539 2011 710 2092 Propterea
730 2008 962 2092 eaperpefoctas
983 2027 1063 2088 sum,
1086 2008 1207 2088 avidi,
1229 2012 1353 2074 dama-
1404 2009 1511 2074 Deum
1542 2008 1715 2083 fauturum,
1745 2013 1782 2072 nt
1810 2026 1926 2072 rursus
1957 2003 2123 2070 habitetur
2154 2013 2220 2069 tam
2252 2001 2293 2068 ab
2323 2001 2382 2066 ho-

376 2119 438 2166 mas
457 2117 545 2164 meas
567 2096 669 2164 totis
688 2095 752 2176 fuit
775 2093 857 2159 mitt
880 2092 957 2179 (vel,
981 2093 1093 2176 utilis).
1405 2093 1557 2172 minibus,
1570 2113 1677 2177 ,quarn
1700 2114 1720 2157 a
1742 2092 1908 2156 iumentis.
1947 2089 2014 2156 Sed
2036 2088 2214 2155 similitudo
2236 2087 2293 2185 illa
2315 2107 2382 2184 ma-

1404 2180 1454 2264 gis
1480 2179 1625 2245 illustrat
1652 2178 1715 2244 Dei
1743 2178 1894 2260 gratiam.
1938 2174 2097 2241 'Ponenda
2126 2182 2178 2240 est
2207 2171 2383 2239 anhtbesrs

463 2268 529 2334 Hie
551 2266 711 2351 propheta
732 2263 841 2348 prodit
862 2264 898 2330 iu
920 2263 1073 2339 medium,
1103 2270 1136 2328 et
1157 2263 1271 2330 fideles
1293 2284 1352 2330 suo
1404 2265 1490 2330 inter
1512 2273 1634 2330 terram
1657 2263 1779 2329 tultam
1802 2274 1834 2328 et
1856 2261 2032 2328 desertam:
2055 2257 2333 2345 quemadmodum
2353 2255 2384 2322 si

377 2353 530 2504 ·⁰¹⁰i>¹¹’·¹⁰
554 2355 704 2502 ’mlii'
723 2348 1353 2518 ‘tfitttttt‘ttttttttltt‘
1404 2350 1475 2500 tt·
1496 2346 2309 2519 tt‘aitt‘,attitulatis
2324 2343 2383 2494 'lt

377 2463 414 2509 ιιι
470 2461 499 2506 er
545 2458 674 2504 romrssr
696 2458 737 2503 ne
773 2486 781 2514 ‚
1344 2484 1352 2513 ,
1452 2458 1473 2500 n
1887 2483 1895 2514 ,

378 2545 461 2608 quae
491 2459 600 2590 adhue
631 2521 818 2588 abseondita
851 2531 935 2598 eret,
969 2521 1035 2586 imo
1068 2518 1281 2594 inoredibilis.
1316 2528 1353 2585 ut
1405 2456 1561 2586 aratiam.
1605 2519 1740 2604 Siquis
1762 2539 1840 2603 ergo
1863 2519 2033 2603 promittat
2058 2517 2218 2583 sationem
2241 2523 2274 2580 et
2297 2535 2382 2579 mes·

378 2610 501 2678 dietum
525 2609 594 2673 tuit
639 2606 730 2674 Dioit
750 2607 853 2691 igitur
874 2625 907 2672 aa
926 2607 1027 2689 fuisse
1049 2605 1301 2689 aspepefaetum,
1326 2610 1354 2670 et
1404 2627 1474 2672 sem
1496 2608 1530 2671 in
1553 2615 1642 2672 terra
1663 2605 1721 2671 illa
1743 2603 1886 2682 deserta,
1915 2603 1978 2670 hoe
2000 2603 2061 2668 erit
2083 2621 2223 2668 novum:
2253 2609 2285 2666 et
2307 2599 2382 2666 ideo

377 2695 503 2763 eidnec.
546 2693 640 2759 Haeo
670 2691 861 2774 metaphora
891 2690 1006 2756 referri
1036 2690 1130 2757 debet
1159 2689 1201 2756 ad
1222 2699 1351 2756 eontra·
1406 2691 1462 2757 vix
1484 2692 1604 2775 poterit
1629 2689 1876 2774 eomprehendi:
1908 2691 1955 2756 sio
1976 2689 2077 2756 etiam
2105 2687 2264 2771 prophete
2294 2703 2383 2750 nuno

378 2783 465 2848 rium
486 2779 650 2857 affectum,
671 2799 734 2862 quo
755 2777 917 2862 propbeta
938 2778 1044 2843 iuerat
1066 2776 1160 2858 quasi
1181 2776 1350 2842 attonitus.
1405 2777 1499 2855 dieit,
1532 2776 1706 2843 soniaabo:
1738 2776 1833 2858 quasi
1866 2775 2004 2854 dioeret‚
2036 2775 2140 2839 Terra
2173 2771 2306 2854 quidem
2339 2769 2381 2834 ad

377 2866 465 2933 Nam
488 2865 642 2949 quemvis
671 2862 817 2929 nondum
848 2860 979 2928 abdueti
1007 2867 1118 2928 essent
1135 2863 1174 2926 in
1197 2860 1353 2926 exsilium
1405 2871 1534 2945 tempus
1565 2864 1628 2928 erit
1656 2861 1841 2939 maledieta,
1876 2870 1912 2925 ut
1941 2878 2049 2942 neque
2082 2856 2241 2936 homines,
2274 2876 2382 2939 neque

378 2952 507 3032 Iudaei,
541 2949 650 3016 deoem
685 2959 795 3014 tamen
827 2946 933 3012 tribus
961 2955 1056 3012 erant
1084 2947 1118 3012 in
1147 2947 1266 3013 misera
1296 2946 1353 3012 illa
1405 2947 1552 3012 iumenta
1578 2947 1755 3013 sustineat:
1787 2946 1844 3011 sed
1866 2945 1987 3011 iterum
2010 2945 2236 3010 seminabitur.
2283 2941 2383 3007 Semi·

378 3037 555 3104 servitute:
593 3056 730 3119 regnum
763 3032 866 3099 Israel
904 3031 1090 3099 oonoiderat
1108 3053 1161 3097 rae
1191 3033 1352 3114 perierat:
1404 3033 1492 3115 nabo,
1514 3033 1631 3116 inquit,
1653 3033 1769 3099 semine
1791 3036 1857 3097 taes
1879 3031 2040 3096 banasam
2060 3049 2157 3112 paam
2179 3027 2383 3094 animalium:

378 3121 523 3188 instabat
545 3122 644 3186 etiam
667 3118 785 3185 ultima
806 3119 916 3185 eladae
938 3117 1210 3202 reguoIehudab.
1241 3116 1352 3199 Quum
1404 3119 1524 3200 quibus
1546 3117 1655 3184 verbis
1677 3119 1820 3184 ooeurrit
1847 3115 2045 3200 quaestioni,
2075 3135 2158 3199 quae
2178 3114 2213 3177 in
2238 3113 2382 3178 medium

378 3209 480 3290 igitur
512 3205 674 3288 propheta
707 3211 853 3271 attentus
884 3209 971 3269 esset
999 3202 1039 3268 ad
1071 3203 1244 3269 horribiles
1278 3201 1352 3268 illas
1404 3203 1539 3287 produei
1561 3212 1698 3287 poterat,
1729 3201 1797 3284 Qui
1817 3203 1876 3268 fiet
1899 3212 1935 3268 ut
1956 3208 2045 3268 terra
2066 3219 2182 3267 rursus
2204 3198 2382 3278 habitetur,

379 3291 445 3358 Dei
468 3289 638 3369 vindietas,
661 3289 722 3353 tuit
744 3291 836 3371 quasi
858 3308 971 3354 somno
989 3287 1132 3357 obrutus
1161 3288 1259 3354 Nono
1274 3286 1354 3356 dioit
1404 3309 1508 3371 quum
1538 3309 1625 3355 nune
1654 3289 1783 3355 deserta
1811 3289 1854 3353 sit
1875 3287 2013 3355 ineolis?
2046 3306 2164 3368 nempe
2193 3285 2270 3367 otto
2291 3283 2383 3350 Deus

378 3399 412 3446 ae
432 3377 534 3460 fuisse
561 3374 823 3459 massadam:
855 3372 1131 3457 quemadmodum
1153 3375 1186 3438 in
1209 3373 1352 3440 tenebris
1404 3373 1470 3441 itio
1508 3374 1684 3440 soatmttt.
1746 3373 2081 3524 Respondetseiffitur
2124 3371 2177 3437 hio
2220 3370 2383 3452 propheta

379 3471 507 3530 mentes
527 3460 697 3526 bominum
720 3460 867 3544 vigorem
888 3478 986 3524 suum
1009 3459 1181 3537 amittunt,
1209 3465 1244 3522 et
1265 3479 1351 3524 som·
1404 3460 1588 3542 quaestioni
1609 3461 1644 3525 in
1662 3459 1752 3526 hune
1771 3459 1910 3526 modum.
2029 3458 2155 3524 interea
2176 3453 2383 3522 sommendat

379 3547 569 3623 auretium
598 3545 780 3628 praevalet,
812 3546 859 3610 ita
881 3552 917 3610 ut
938 3565 1005 3610 nou
1033 3543 1239 3628 distinguant
1267 3543 1352 3609 inter
1404 3543 1469 3611 Dei
1491 3545 1642 3630 gratiam,
1665 3567 1702 3612 ao
1719 3545 1747 3610 si
1766 3544 1889 3612 dioeret
1910 3565 1975 3609 non
1998 3543 2089 3610 aliud
2110 3543 2181 3608 iore
2202 3539 2383 3606 remedium

378 3635 511 3718 nigrum
534 3637 567 3697 et
589 3631 717 3697 album:
740 3631 787 3697 sio
808 3630 906 3697 etiam
928 3629 1089 3712 propbeta
1110 3629 1230 3695 fatetur
1252 3651 1288 3694 se
1309 3629 1351 3694 ad
1404 3630 1597 3710 sterilitatis,
1619 3651 1717 3714 quam
1740 3629 1770 3696 si
1787 3630 1952 3696 Dominus
1975 3649 2036 3696 sna
2057 3649 2158 3694 mauu
2181 3637 2303 3692 terram
2325 3647 2383 3690 ex·

378 3729 510 3802 tempus
531 3717 631 3784 fuisse
649 3717 743 3799 quasi
760 3716 955 3794 exanimem,
980 3723 1090 3798 postea
1107 3714 1186 3781 dioit
1203 3735 1236 3782 se
1251 3714 1353 3797 fuisse
1403 3716 1497 3792 eolat,
1521 3727 1554 3781 et
1576 3717 1611 3780 in
1634 3737 1674 3782 ea
1694 3725 1830 3800 spargat
1851 3736 1979 3782 semen:
2013 3715 2106 3798 quasi
2136 3712 2258 3780 dioeret
2286 3711 2383 3776 resti-

379 3803 639 3888 massadam,
672 3800 729 3866 ubi
755 3801 878 3867 soilieet
904 3800 1016 3867 illuxit
1045 3800 1108 3866 Dei
1159 3801 1252 3879 ratis,
1286 3822 1351 3866 non
1404 3801 1562 3868 tutionem
1585 3808 1694 3868 terrae
1716 3821 1783 3866 uon
1806 3801 1877 3867 fere
1896 3821 1978 3886 opus
2000 3799 2164 3866 humanae
2189 3797 2382 3876 industriae,

379 3891 450 3974 ipso
479 3887 612 3968 effoeta,
643 3886 701 3954 sed
730 3887 765 3952 in
792 3885 854 3954 hoe
875 3887 1040 3954 vatioinio.
1085 3823 1244 3952 Videmus
1273 3907 1352 3970 ergo
1404 3895 1460 3954 aot
1489 3886 1638 3966 rimatis,
1673 3886 1730 3954 sed
1764 3885 1966 3953 admirabilis
1997 3886 2164 3970 potentiae
2192 3883 2267 3948 Dei.
2319 3880 2382 3949 Se·

377 3984 538 4059 tanquam
560 3974 593 4038 in
616 3973 748 4055 speoulo
770 3974 878 4056 ipsum
905 3972 1100 4055 eognovisse
1129 3971 1214 4054 quod
1245 3970 1352 4036 adhrm
1403 3973 1527 4056 quitur,

378 4059 618 4144 langenhorst
651 4056 797 4124 Neodum
820 4059 908 4123 enim
931 4058 1122 4122 ineboatum
1143 4059 1252 4121 tuerat
1273 4065 1351 4121 tem-

379 4165 440 4229 pus
462 4145 672 4229 septuaginta
694 4163 870 4209 annorum:
895 4143 952 4214 sed
972 4141 1052 4208 tides
1070 4151 1117 4206 est
1135 4143 1220 4208 visio
1240 4162 1351 4208 rerum
1489 4143 1541 4210 28.
1568 4142 1613 4208 Et
1633 4143 1701 4225 erit,
1730 4142 1824 4210 steort
1853 4143 1984 4225 pipilant
2005 4162 2100 4224 super
2121 4161 2170 4207 eos
2191 4142 2234 4206 ad
2254 4140 2383 4206 wete-

380 4229 655 4309 abseonditarum,
687 4239 724 4292 ut
753 4229 834 4294 satis
862 4238 978 4294 uotum
1007 4235 1072 4308 est,
1104 4237 1138 4292 et
1166 4227 1351 4310 hypostasis
1403 4229 1489 4310 dam,
1512 4228 1785 4311 eteorstmadam,
1806 4231 1894 4294 etad
1913 4227 2180 4312 eonfriapandam
2202 4226 2290 4292 etad
2307 4245 2382 4308 per-

380 4336 489 4381 rerum
513 4314 707 4381 absentium.
752 4314 824 4381 Nisi
846 4314 934 4379 enim
957 4314 1042 4378 hane
1067 4312 1294 4379 uertitndinem
1317 4314 1351 4377 in
1404 4313 1546 4396 densim,
1573 4319 1601 4378 et
1622 4314 1665 4380 ad
1686 4314 1899 4397 estimandum,
1928 4315 1975 4380 sit
1994 4313 2127 4397 aptato
2148 4332 2244 4396 super
2265 4331 2316 4376 eos
2337 4311 2382 4377 ad

380 4399 532 4469 sordibus
566 4400 686 4464 nostris
720 4398 866 4465 obtineat
900 4399 1034 4465 verbum
1068 4397 1147 4477 Dei,
1185 4397 1352 4482 prodimus
1405 4396 2260 4483 aedificandam,etadplontoadnm‚dieit1eltouoh.

380 4495 526 4552 nostram
545 4483 816 4551 ineredulitatem.
847 4484 1014 4567 Propheta
1031 4484 1132 4566 igitur
1147 4484 1244 4550 fidem
1259 4503 1352 4551 suam

380 4571 542 4656 probavit,
560 4569 647 4651 quod
664 4583 754 4636 eerto
772 4580 962 4652 agnoseeret
980 4568 1134 4654 quidquid
1153 4568 1352 4653 praediotum
1492 4568 1554 4634 His
1583 4569 1692 4636 verbis
1725 4572 1898 4636 eoufirmat
1929 4569 2090 4652 propheta
2117 4568 2204 4652 quod
2237 4568 2380 4634 dixerat.

380 4657 489 4724 iuerat
510 4655 677 4734 divinitus,
700 4655 851 4736 quamvis
870 4653 978 4721 adhue
998 4655 1091 4740 longe
1110 4656 1246 4733 abesset,
1267 4675 1353 4720 eom·
1404 4654 1562 4721 Poterant
1583 4656 1672 4721 enim
1694 4675 1824 4739 semper
1846 4657 1997 4738 exeipere
2018 4654 2188 4720 Israelitae
2211 4665 2243 4718 et
2265 4652 2382 4720 Iudaei

380 4742 508 4828 pletum
529 4740 570 4806 iri
593 4761 652 4806 suo
681 4747 838 4822 tempore.
883 4739 985 4839 Nune·
1011 4753 1158 4807 tenemus
1186 4760 1244 4808 eur
1266 4739 1353 4807 dieat
1404 4759 1462 4806 eur
1489 4739 1582 4806 Deus
1614 4741 1817 4823 promitteret
1850 4761 1885 4805 sa
1913 4742 1999 4839 fore·
2015 4740 2127 4823 populi
2159 4738 2380 4841 liberatorem,

380 4827 698 4993 {iiiiii-“ili
737 4824 1026 5009 tttqtttttt
1051 4829 1240 4978 iiiiii
1265 4845 1353 4994 ’tt
1404 4846 1651 4978 tittrtttt
1681 4824 1791 4977 ttttt
1820 4827 2063 4979 tttttttt
2084 4823 2382 4994 ttitttttt.

381 4998 455 5077 Dei,
478 4995 564 5079 quod
587 5007 698 5062 tamen
720 4996 952 5079 eomprehendr
974 5015 1040 5062 uon
1061 5005 1187 5080 poterat
1208 4997 1354 5062 humano
1404 4997 1518 5062 Iudaei
1544 4995 1746 5080 obstrepere,
1776 4999 1828 5063 uo
1852 4998 1943 5063 nobis
1967 4998 2020 5062 hie
2042 4997 2121 5063 tatis
2144 4994 2263 5061 bonam
2286 5017 2382 5078 spem

381 5103 497 5160 seusu,
531 5103 619 5148 nuno
647 5080 796 5166 adiungit
828 5083 948 5150 dulcem
980 5082 1042 5148 sibi
1069 5082 1170 5165 fuisse
1198 5102 1352 5166 somnum,
1404 5081 1544 5148 reditus:
1577 5080 1633 5147 sed
1659 5104 1719 5149 our
1742 5084 1832 5150 Deus
1861 5103 1977 5165 passus
2000 5092 2049 5147 est
2072 5103 2132 5148 nos
2154 5080 2242 5146 trahi
2264 5082 2299 5145 iu
2321 5103 2381 5146 ex·

381 5169 438 5252 qui
461 5181 571 5234 tamen
594 5168 698 5234 tristis
721 5178 755 5234 et
777 5167 1004 5234 formidolosus
1025 5168 1148 5234 fuerat:
1179 5168 1275 5234 aienti
1291 5179 1352 5251 'op·
1405 5166 1537 5233 silium?
1571 5189 1629 5233 our
1652 5189 1729 5252 ergo
1752 5189 1819 5234 non
1847 5168 1997 5234 adhibuit
2027 5166 2206 5234 remedium
2237 5168 2271 5234 in
2295 5175 2383 5233 tem·

381 5255 499 5319 timum
522 5252 768 5320 eondimentum
785 5255 891 5320 omnis
914 5255 1067 5319 tristitiae
1088 5261 1136 5319 est
1153 5273 1237 5338 spes.
1268 5252 1353 5319 Nam
1405 5252 1509 5336 pore?
1548 5273 1624 5318 uam
1658 5274 1730 5320 sero
1764 5275 1851 5320 nune
1885 5255 2080 5420 &renuntiat
2111 5273 2147 5318 se
2179 5253 2248 5318 tore
2284 5252 2382 5318 nobis

382 5338 526 5404 diximus
565 5339 704 5405 tonierri
744 5359 859 5405 somno
897 5339 986 5404 illam
1030 5339 1243 5417 moestitiam,
1290 5359 1356 5420 qua
1406 5338 1528 5403 auxilio
1558 5348 1632 5422 post
1659 5339 1840 5407 interitum.
1920 5339 2047 5405 uoniam
2075 5358 2155 5422 ergo
2176 5337 2291 5403 Iudaei
2319 5359 2382 5421 pu·
