5118 6136
349 411 414 482 595
1164 405 1550 473 Paauuuonlortus
2291 405 2356 472 596

348 611 435 668 certe
457 598 675 683 poeniteutiae
697 597 823 662 fruetus
846 606 896 661 est
920 596 1037 673 oratio,
1066 616 1149 678 quae
1179 596 1327 660 nascitur
1378 605 1523 676 tempus,
1557 595 1661 661 donee
1693 616 1806 679 praees
1839 618 1950 662 eorum
1984 606 2162 664 nascantur
2195 620 2235 662 ex
2269 599 2354 662 serio

350 709 393 752 ex
416 685 488 752 fide.
534 683 741 750 Paenitentia
770 693 881 746 autem
912 691 962 746 est
990 682 1111 746 denum
1134 681 1209 746 Dei.
1255 681 1324 744 lam
1377 680 1507 746 affeetu.
1552 681 1624 747 Hee
1646 681 1801 766 intelligit
1824 704 1881 766 per
1903 687 1998 748 tolum
2019 704 2079 748 cer.
2124 683 2261 748 Oertum
2284 685 2355 766 qui-

350 793 415 837 non
449 791 623 854 pessumus
656 771 719 833 rite
752 778 786 831 et
817 788 897 851 pure
931 769 1082 834 invocare
1106 768 1230 844 Deum,
1264 767 1325 832 nisi
1378 766 1450 830 dem
1474 777 1532 844 εει,
1556 788 1725 850 nunquam
1748 776 1817 834 tete
1848 769 1944 833 eorde
1966 770 2114 834 converti
2141 768 2290 834 homines
2314 769 2355 834 ad

349 858 466 941 spiritu
488 865 602 923 sancte
624 854 705 919 duee
728 862 761 918 et
783 854 948 936 magistro.
992 852 1054 917 Ille
1077 853 1164 917 enim
1196 852 1325 933 estqui
1377 852 1495 928 Deum,
1519 873 1624 933 neque
1647 854 1746 918 etiam
1770 861 1874 918 totum
1897 875 1953 919 eor
1971 877 2115 938 unquam
2135 856 2183 920 ita
2204 876 2275 920 esse
2297 855 2356 919 ad·

350 965 415 1008 non
438 950 566 1006 tantum
590 939 691 1004 verba
713 939 823 1016 dietat,
844 938 901 1005 sed
925 939 1021 1002 etiam
1044 940 1184 1021 gemitus
1207 939 1326 1002 lor-mat
1377 936 1498 1002 dietum
1529 938 1636 1003 studio
1667 939 1836 1021 precandi,
1865 954 1902 1004 nt
1931 941 2074 1005 deceret:
2110 941 2168 1005 sed
2196 943 2355 1022 propheta

349 1029 383 1094 in
407 1029 558 1094 cordibus
580 1025 711 1090 uostris.
746 1025 792 1088 Et
814 1026 860 1088 ita
877 1023 1087 1108 Augustinus
1110 1024 1227 1107 accipit
1249 1043 1325 1086 een·
1377 1043 1433 1088 cor
1455 1032 1558 1086 totum
1583 1027 1719 1106 opponit
1742 1025 1872 1105 duplici.
1918 1020 1991 1090 Non
2015 1047 2093 1108 ergo
2117 1026 2170 1090 hie
2198 1027 2355 1109 intelligi-

351 1126 402 1180 tra
433 1114 642 1196 Pelagianos,
681 1109 756 1174 dum
788 1110 904 1191 prebat
935 1131 1000 1173 nen
1031 1131 1101 1174 esse
1129 1111 1161 1172 in
1192 1108 1325 1172 arbitrio
1378 1115 1431 1172 tur
1453 1110 1617 1190 perfectio,
1641 1130 1723 1192 quae
1746 1111 1837 1174 nulla
1859 1123 1968 1193 posset
1990 1113 2128 1193 reperiri
2157 1113 2190 1176 in
2212 1112 2356 1176 homini·

350 1200 494 1265 hominis
517 1196 570 1262 vel
591 1196 736 1261 converti
757 1195 806 1260 vel
830 1216 931 1260 erare.
965 1195 1105 1260 Frustra
1127 1195 1214 1258 enim
1234 1192 1326 1258 Deus
1376 1191 1446 1270 bus,
1476 1194 1531 1258 sed
1558 1195 1718 1259 duntaxat
1751 1197 1923 1278 integritas
1953 1196 2004 1263 vel
2032 1198 2212 1262 sinceritas.
2258 1197 2356 1262 Nune

335 1287 556 1367 ‘promitteret
577 1281 662 1365 quod
685 1291 770 1346 essct
792 1281 825 1344 in
849 1290 1006 1363 potestate
1030 1280 1180 1354 heminis,
1209 1278 1324 1360 iuquit.
1379 1291 1526 1343 tenemus
1548 1301 1710 1344 summam
1734 1283 1910 1345 verborum
1936 1284 2129 1364 prophetae,
2159 1303 2275 1364 nempe
2298 1282 2356 1346 Iu-

350 1370 443 1436 Haee
465 1382 574 1435 autem
598 1377 648 1432 cst
670 1367 849 1449 promissio,
879 1365 1019 1432 orabitis.
1063 1365 1220 1447 Sequitur
1248 1384 1326 1447 ergo
1378 1363 1489 1443 dacos,
1529 1366 1584 1429 ubi
1617 1367 1703 1430 serio
1736 1367 1777 1430 ad
1812 1366 1918 1432 Deum
1953 1368 2129 1452 confugere
2161 1369 2355 1451 inceperint,

351 1477 412 1520 nes
436 1477 498 1520 non
530 1455 659 1537 proprio
689 1452 798 1516 earnis
824 1451 968 1533 impulsu
999 1471 1107 1524 orare,
1139 1450 1194 1514 sed
1225 1470 1325 1532 quum
1378 1471 1532 1516 sensuros
1561 1452 1669 1531 ipsum
1696 1453 1887 1533 propitium,
1928 1453 2022 1518 medo
2052 1456 2084 1517 id
2114 1455 2236 1518 faciant
2265 1469 2356 1520 recto

352 1542 487 1623 spiritus
503 1550 635 1604 sanetus
652 1538 750 1604 corda
767 1547 877 1602 nostra
896 1537 1017 1620 dirigit,
1040 1545 1073 1600 et
1089 1534 1326 1618 quedammodo
1378 1536 1506 1613 affeetu,
1530 1547 1563 1601 ει
1586 1558 1650 1601 nen
1674 1538 1841 1602 simulato:
1871 1539 1988 1603 deinde
2019 1540 2080 1606 hoe
2110 1562 2173 1606 non
2196 1541 2264 1603 lore
2286 1553 2356 1604 tam

352 1637 424 1691 orat
446 1629 480 1690 in
504 1625 606 1690 nobis.
652 1624 724 1705 Ege
748 1634 858 1687 tamen
883 1625 989 1688 nescio
1012 1643 1054 1686 an
1079 1621 1238 1703 propheta
1257 1631 1325 1684 tam
1377 1622 1450 1696 cito,
1474 1623 1551 1704 quia
1573 1623 1677 1687 maier
1696 1633 1767 1688 erat
1789 1625 1937 1707 ipsorum
1957 1626 2093 1690 durities
2116 1633 2149 1689 et
2171 1625 2355 1704 obstinatio,

351 1710 515 1780 subtiliter
543 1711 628 1792 loqui
660 1709 810 1773 voluerit.
855 1709 907 1774 Elx
935 1708 1007 1772 aliis
1038 1706 1116 1772 locis
1146 1707 1326 1790 scripturae
1378 1727 1475 1788 quam
1506 1713 1542 1770 ut
1576 1714 1723 1791 tempere
1754 1711 1873 1792 exigue
1905 1712 2144 1791 resipiscerent.
2197 1711 2275 1776 Ideo
2301 1711 2356 1776 ad·

351 1798 486 1879 probare
509 1795 603 1860 facile
625 1801 675 1860 est
699 1808 845 1860 nestrum
876 1816 938 1859 non
969 1815 1039 1860 esse
1064 1795 1168 1858 Deum
1199 1792 1326 1875 precari
1378 1803 1487 1856 menet
1511 1795 1601 1858 Deus
1626 1813 1707 1877 opus
1731 1816 1802 1860 esse
1832 1795 1980 1877 pluribus
2010 1797 2123 1878 malis,
2153 1803 2191 1862 ut
2221 1798 2356 1862 tandem

351 1885 414 1948 nisi
438 1905 496 1948 noe
518 1883 635 1964 spiritu
651 1901 708 1944 suo
724 1881 921 1962 praeveniat.
955 1878 1021 1945 Sed
1045 1879 1195 1960 quoniam
1217 1887 1326 1960 posset
1377 1879 1558 1953 flectantur,
1582 1892 1613 1942 et
1636 1893 1759 1944 exuant
1783 1881 1872 1945 illam
1892 1884 2116 1964 pervicaciam,
2140 1887 2191 1948 oui
2215 1884 2356 1948 nimium

351 1969 390 2034 de
418 1968 479 2034 hoe
514 1968 583 2033 lo'eo
613 1967 735 2030 moveri
763 1966 998 2041 controversia,
1033 1965 1119 2029 malo
1147 1964 1325 2045 simplicius
1377 1965 1507 2029 lucrant
1530 1964 1639 2029 dediti.
1681 1966 1772 2030 Haeo
1794 1981 1902 2031 autem
1928 1977 1997 2032 teta
2020 1969 2167 2034 doctrina
2189 1981 2226 2033 ut
2250 1989 2357 2052 nuper

349 2057 504 2138 accipere,
527 2052 611 2136 quod
634 2053 750 2118 scilicet
764 2051 853 2117 Deae
875 2053 1027 2125 arcadici,
1052 2051 1105 2113 ubi
1129 2051 1235 2132 ipsum
1253 2070 1325 2130 prc-
1378 2050 1481 2132 attigi,
1505 2051 1740 2116 accommodari
1765 2051 1860 2117 debet
1881 2055 1913 2116 in
1939 2075 2035 2118 usum
2065 2056 2227 2121 eeclesiae.
2273 2056 2357 2120 Pro·

350 2142 416 2207 eari
447 2140 638 2222 inceperint,
669 2136 727 2202 sed
750 2138 877 2202 interea
898 2136 1039 2202 ostendit
1061 2158 1127 2200 non
1157 2135 1225 2200 lere
1260 2148 1324 2198 tam
1378 2137 1488 2200 missio
1512 2137 1598 2200 enim
1624 2136 1704 2201 hace
1726 2138 1915 2203 extenditur
1937 2139 1976 2202 ad
2008 2161 2121 2206 omnes
2153 2142 2237 2222 pies,
2266 2143 2355 2224 quod

350 2227 440 2292 brevi
471 2225 625 2309 temporis
654 2223 774 2307 spatio,
805 2224 958 2305 quoniam
988 2222 1109 2287 scilieet
1138 2222 1205 2286 fere
1232 2229 1326 2285 erant
1377 2223 1431 2286 ubi
1453 2221 1489 2285 iu
1511 2223 1578 2288 suis
1607 2223 1746 2288 miseriis
1770 2225 1876 2288 Deum
1904 2225 2146 2304 invocaverint,
2178 2228 2264 2308 ipses
2295 2246 2354 2290 ex·

348 2311 510 2387 indomiti,
535 2330 639 2392 neque
662 2317 812 2391 poterant
828 2310 1019 2392 resipiscere
1035 2309 1098 2374 nisi
1116 2317 1189 2389 pest
1207 2307 1326 2371 multos
1378 2306 1496 2372 audiet.
1550 2309 1594 2372 Et
1629 2309 1758 2372 videtur
1791 2311 1969 2392 sumpsisse
2002 2311 2161 2376 Ieremias
2194 2335 2235 2376 ex
2267 2310 2357 2376 Isaia

351 2418 464 2463 annes.
511 2395 676 2478 Sequitur,
1378 2393 1462 2459 hane
1496 2395 1702 2471 sententiam,
1738 2393 1943 2478 Simulatque
1976 2399 2178 2462 invocaveris
2213 2419 2273 2473 me,
2308 2401 2355 2461 in-

1378 2479 1448 2560 quit
1481 2479 1584 2543 Isaias
1618 2479 1688 2564 (58,
1713 2479 1761 2566 9),
1796 2502 1856 2563 ego
1891 2492 1921 2544 te
1955 2485 2144 2547 exaudiam:
2178 2496 2355 2567 antequam

439 2567 487 2630 13.
511 2564 554 2630 Et
576 2567 807 2646 quaeretismc,
832 2564 1052 2641 diaconistis
1074 2565 1151 2645 qaia
1174 2565 1328 2642 quaeretis
1379 2555 1480 2628 verba
1498 2565 1620 2638 feceris,
1644 2566 1768 2631 habebo
1785 2587 1917 2630 manum
1934 2579 2112 2634 extentam.
2149 2570 2191 2632 ilc
2211 2569 2356 2632 notanda

350 2653 385 2718 ia
408 2657 469 2716 toto
490 2650 579 2716 corde
604 2653 710 2714 oestro.
1379 2656 1429 2712 est
1448 2651 1704 2731 circumstantia,
1727 2651 1904 2732 alloquitur
1923 2655 2009 2718 enim
2029 2654 2188 2737 propheta
2207 2655 2355 2733 Iudaeos,

1379 2735 1432 2815 qui
1456 2735 1637 2800 miserrime
1654 2737 1924 2818 oppreseierant.
1960 2738 2110 2806 Sciamus
2132 2760 2209 2824 ergo
2231 2760 2356 2804 sermo-

437 2822 529 2886 Idem
546 2821 618 2886 aliis
635 2819 742 2884 verbis
754 2820 944 2884 confirmat:
967 2839 1071 2900 neque
1084 2829 1193 2884 tamen
1212 2840 1325 2901 super·
1380 2840 1453 2882 nem
1477 2819 1566 2886 hune
1611 2823 1717 2903 roprie
1740 2822 1836 2902 dirigi
1859 2825 1898 2886 ad
1922 2826 2136 2906 calamitosos,
2165 2827 2220 2908 qui
2244 2825 2356 2890 viden·

351 2928 474 2975 vacuus
507 2917 556 2972 est
589 2925 712 2982 sermo,
751 2903 1022 2987 quemadmodum
1061 2904 1133 2968 beri
1166 2904 1325 2970 diximus:
1380 2918 1434 2970 tur
1459 2907 1564 2970 Deum
1590 2844 1713 2972 babere
1741 2907 1914 2972 adversum
1944 2923 1976 2974 et
2005 2911 2177 2976 infestum:
2210 2921 2244 2975 et
2274 2911 2355 2976 illud

351 2994 428 3076 quia
460 2995 544 3058 sieut
580 2992 794 3075 pervicaciter
827 2990 940 3055 Iudaei
981 3000 1175 3071 respuerant
1213 3012 1326 3055 omnes
1379 3002 1429 3055 εει
1451 3003 1668 3074 opportunum
1691 2993 1787 3056 etiam
1820 3005 1965 3075 tempus,
1995 2998 2087 3061 cuins
2117 2999 2153 3061 lit
2186 2999 2309 3062 mentio
2336 3019 2357 3061 a

350 3082 472 3156 minas,
513 3080 559 3142 sie
599 3076 732 3141 dilfieile
764 3077 845 3158 ipsis
878 3084 948 3140 crat
985 3077 1150 3157 percipere
1185 3076 1326 3158 aliquem
1379 3076 1526 3154 Davidc,
1559 3079 1692 3143 Psalmo
1715 3078 1764 3142 32.
1811 3079 1875 3144 Hie
1908 3082 2006 3144 etiam
2041 3083 2129 3148 loeus
2162 3083 2255 3148 decet
2289 3103 2356 3147 non

350 3174 481 3248 gustum
505 3163 659 3227 bonitatis
683 3162 745 3226 Dei
768 3181 809 3225 ex
832 3160 1106 3245 promissionibus.
1151 3162 1243 3227 Haeo
1265 3162 1326 3245 igi·
1379 3185 1449 3228 esse
1472 3164 1589 3227 mirum
1613 3167 1638 3228 si
1663 3164 1825 3229 Dominus
1849 3165 2026 3247 ingeminet
2049 3189 2107 3232 sua
2131 3168 2267 3251 flagella,
2298 3190 2355 3232 nc·

351 3261 407 3312 tur
429 3249 513 3312 ratio
536 3258 587 3312 est
609 3269 666 3312 eur
693 3246 853 3329 propheta
884 3246 1030 3327 pluribus
1061 3248 1168 3312 verbis
1196 3249 1327 3312 insistat
1379 3270 1441 3330 que
1467 3250 1577 3313 statim
1608 3250 1702 3313 nobis
1735 3250 1900 3333 ignoscat,
1934 3254 2010 3334 quia
2041 3275 2106 3317 nen
2142 3265 2207 3318 tarn
2242 3275 2356 3319 sumus

351 3336 386 3398 in
410 3332 470 3398 hee
492 3336 607 3416 eapite.
652 3331 839 3413 Quaerendi
865 3332 963 3396 verbo
986 3331 1203 3415 metaphorice
1225 3335 1326 3416 signi·
1378 3334 1546 3410 flexibiles,
1569 3341 1607 3399 ut
1630 3336 1734 3418 primo
1758 3356 1884 3418 quoque
1906 3337 1957 3402 die
1980 3339 2019 3402 ad
2042 3341 2149 3420 ipsum
2172 3340 2355 3404 redeamus.

350 3423 427 3486 ficat
447 3441 560 3503 preces
583 3431 614 3484 et
638 3427 726 3496 vota,
755 3417 1027 3500 quemadmodum
1056 3419 1206 3501 proximo
1228 3439 1325 3482 versu
1379 3420 1468 3502 Ergo
1495 3420 1624 3503 cogitur
1653 3435 1764 3485 nestra
1791 3426 1994 3488 contumacia
2025 3425 2145 3490 diutius
2175 3446 2234 3491 nos
2263 3427 2359 3491 easti-

351 3508 475 3572 dietum
498 3507 571 3570 fuit.
616 3505 661 3568 Et
683 3503 838 3568 Christus
861 3505 976 3580 etiam,
1010 3522 1111 3584 quum
1134 3524 1209 3569 suos
1233 3504 1326 3568 disei—
1352 3522 1354 3577 ι
1378 3526 1472 3587 gare:
1504 3516 1537 3570 ει
1567 3516 1675 3570 tamen
1699 3506 1778 3572 haec
1801 3509 1973 3589 promissio
1997 3511 2138 3574 tenenda
2160 3523 2225 3588 est,
2256 3513 2358 3576 etiam

351 3593 445 3676 pulos
469 3590 509 3656 ad
532 3589 691 3657 orandum
715 3588 875 3668 hortatur,
904 3588 991 3662 dicit,
1022 3588 1195 3669 Quaerite,
1226 3599 1258 3653 et
1280 3592 1327 3652 in·
1378 3593 1406 3655 si
1428 3612 1500 3655 sero
1516 3592 1749 3673 resipiscamus,
1775 3591 1880 3656 Deum
1898 3605 2006 3658 tamen
2030 3616 2158 3677 semper
2177 3598 2245 3661 lore
2264 3598 2359 3662 nobis

352 3678 509 3744 venietis:
533 3677 671 3759 pulsate,
701 3681 734 3739 ει
756 3677 922 3755 aperietur
944 3676 1043 3740 vehis.
1090 3675 1162 3740 Non
1192 3675 1324 3740 dubium
1378 3677 1591 3755 exorabilem,
1619 3675 1713 3742 modo
1737 3699 1777 3741 ne
1800 3679 1861 3743 sihi
1885 3679 1944 3744 hoo
1967 3693 2138 3762 praetextu
2160 3682 2357 3766 indulgeant

351 3771 402 3828 est
429 3763 508 3845 quia
542 3762 608 3828 illic
642 3771 718 3845 agat
751 3759 791 3823 de
825 3761 988 3842 precihus,
1021 3769 1131 3825 tamen
1164 3761 1244 3826 alios
1278 3762 1325 3825 lo·
1379 3764 1506 3845 reprobi
1534 3763 1569 3825 in
1604 3764 1801 3839 salaritiis,
1831 3764 2105 3844 quemadmodum
2133 3767 2281 3834 videmus
2308 3770 2357 3831 io·

351 3847 473 3932 quendi
495 3849 607 3913 medos
631 3851 784 3928 usurpat,
814 3866 895 3926 ques
924 3847 1024 3911 sumit
1054 3846 1224 3930 evulgari
1250 3868 1325 3913 eon·
1378 3867 1450 3912 cese
1473 3848 1625 3930 profanos
1648 3847 1797 3912 hemines
1821 3849 1956 3915 illudere
1980 3852 2061 3928 Deo,
2095 3862 2127 3918 et
2150 3854 2196 3916 ita
2218 3854 2356 3920 sceleste

351 3933 531 3999 suetudine.
576 3931 772 4012 Quaerimus
799 3931 884 3995 enim
915 3930 1000 4012 qued
1031 3932 1124 3997 nobis
1154 3933 1234 3997 utile
1267 3943 1324 3998 est.
1378 3933 1466 3998 abuti
1489 3945 1625 4016 paterna
1647 3934 1718 3998 eius
1741 3935 1924 4000 tolerantia.
1966 3936 2158 4002 Oavendum
2181 3952 2231 4003 est
2253 3941 2357 4024 igitur

351 4019 538 4101 Quaercndi
553 4030 658 4083 autem
675 4017 767 4092 ratio,
792 4015 845 4080 ubi
859 4036 941 4097 opus
955 4015 1112 4082 habemus
1128 4018 1189 4081 Dei
1208 4020 1325 4102 gratia,
1379 4040 1420 4082 ne
1443 4029 1592 4102 peccator
1615 4020 1804 4084 thesaurum
1829 4020 1989 4086 vindictae
2012 4024 2073 4088 sibi
2099 4024 2298 4102 accumulet,
2327 4027 2356 4088 si

351 4127 415 4170 non
440 4106 503 4170 alia
534 4113 583 4170 cst
604 4124 700 4185 quam
729 4103 864 4184 precari.
908 4100 1000 4165 Dicit
1028 4103 1129 4184 igitur
1159 4104 1325 4186 propheta,
1378 4118 1544 4187 exspectet
1579 4127 1679 4187 usque
1710 4106 1749 4170 ad
1783 4107 1881 4169 finem
1915 4109 2009 4172 vitae.
2056 4109 2245 4188 Caeterum,
2280 4131 2357 4192 spes

354 4192 441 4256 Tuae
462 4191 619 4272 quaerelis
640 4207 703 4266 mc,
734 4193 762 4252 et
790 4187 966 4266 invenietis,
990 4184 1186 4269 Quanquam
1217 4202 1323 4253 autem
1378 4199 1488 4254 tamen
1512 4191 1591 4254 haee
1614 4193 1805 4272 preponitur
1828 4191 1878 4254 his
1908 4195 1962 4275 qui
1991 4193 2046 4257 diu
2069 4196 2298 4278 obtorpuerint
2320 4197 2356 4259 in

349 4277 518 4344 Israelitas
539 4274 722 4356 alloquitur,
746 4272 841 4338 debet
859 4273 991 4338 extendi
1014 4272 1093 4338 hacc
1115 4273 1262 4338 doctrina
1284 4274 1325 4337 ad
1378 4276 1446 4340 suis
1479 4277 1637 4358 peccatis,
1675 4277 1704 4342 si
1745 4276 1877 4341 tandem
1916 4281 2048 4343 veniant
2085 4282 2237 4362 quamvis
2270 4301 2356 4358 sero,

351 4373 452 4428 totam
488 4361 671 4437 ecelesiam,
706 4359 800 4422 sicuti
837 4360 956 4440 passim
993 4358 1085 4423 Deus
1119 4368 1258 4423 testatur
1291 4380 1325 4424 se
1379 4367 1485 4424 tamen
1502 4367 1662 4426 ventures
1681 4375 1870 4444 opportune,
1889 4364 2173 4448 quiaDeusipses
2190 4367 2357 4432 exaudiet.

350 4447 549 4514 exorabilem
572 4447 640 4510 lore
662 4443 812 4509 omnibus
842 4445 896 4524 qui
928 4444 967 4508 ad
1000 4446 1103 4526 ipsrrm
1128 4444 1324 4527 confugient.
1379 4445 1444 4512 Sed
1468 4447 1642 4530 diligenter
1660 4449 1865 4513 observanda
1887 4460 1937 4514 est
1961 4450 2040 4516 hace
2062 4452 2218 4534 exceptio,
2243 4451 2356 4517 Deum

351 4534 418 4604 Sed
441 4533 594 4616 quoniam
619 4529 807 4614 hypocritae
830 4530 908 4593 satis
935 4542 1014 4594 sunt
1043 4528 1193 4610 clamosi,
1223 4544 1256 4592 et
1278 4531 1325 4593 vi·
1378 4553 1442 4595 nen
1479 4534 1545 4597 fore
1576 4533 1752 4616 propitium
1787 4536 1849 4600 nisi
1887 4537 2052 4616 quaesitus
2087 4537 2187 4602 fuerit
2217 4559 2257 4602 ex
2286 4549 2357 4603 tote

352 4623 470 4687 dentur
492 4629 620 4682 sanctes
643 4617 901 4697 ipsossuperare
923 4615 1173 4695 zeliardere,·si
1197 4627 1325 4679 tantum
1378 4618 1484 4701 eorde,
1507 4619 1567 4683 hoe
1590 4629 1654 4698 εει,
1687 4620 1813 4684 sineere
1835 4621 1961 4686 affectu.
2007 4621 2060 4686 Ita
2090 4643 2156 4686 non
2186 4628 2238 4688 est
2268 4624 2357 4705 quod

350 4711 515 4791 spectetur
536 4711 672 4768 externa
688 4701 852 4781 professio,
874 4699 966 4764 addit
987 4700 1153 4784 propheta,
1177 4702 1326 4781 quoniam
1379 4704 1537 4767 miremur
1559 4725 1654 4770 aures
1676 4705 1746 4769 eius
1764 4726 1861 4788 saepe
1881 4707 2007 4772 clausas
2026 4729 2097 4772 esse
2114 4709 2200 4774 retis
2223 4711 2357 4788 nestris,

351 4791 508 4876 quaeretis
529 4810 577 4855 mc
594 4789 629 4854 ia
658 4791 715 4851 telo
743 4786 833 4850 eorde
861 4791 968 4850 aestro.
1013 4787 1125 4870 Neque
1156 4787 1241 4850 enim
1266 4786 1324 4850 du·
1377 4792 1452 4871 quia
1475 4799 1601 4854 tantum
1625 4789 1816 4856 simulamus
1839 4813 1897 4857 aes
1926 4794 2033 4875 ipsum
2063 4813 2234 4874 quaerere:
2264 4795 2359 4860 nulla

350 4879 439 4944 bium
470 4885 521 4942 est
550 4876 629 4958 quin
659 4870 772 4938 Iudaei
802 4871 920 4935 millies
946 4872 1082 4953 singulis
1112 4874 1206 4936 annis
1233 4874 1323 4954 inge·
1378 4895 1454 4938 vero
1477 4877 1607 4940 interim
1632 4875 1819 4941 sinceritate
1842 4899 1902 4943 nes
1924 4899 1995 4943 esse
2017 4879 2191 4962 praeditos,
2220 4901 2262 4946 ex
2285 4881 2358 4946 vita

350 4963 503 5037 muarint,
526 4982 627 5043 quum
643 4967 710 5024 tam
727 4956 852 5021 duriter
865 4967 1090 5038 premerentur
1108 4957 1323 5023 aOhaldaeis.
1376 4969 1519 5043 apparet.
1564 4961 1594 5026 N
1599 4981 1660 5025 unc
1682 4962 1840 5043 sequitur,

351 5047 567 5115 Patiebantur
590 5046 678 5111 enim
700 5063 813 5108 omnes
835 5041 1063 5120 contumelias,
1094 5043 1210 5108 deinde
1242 5043 1324 5107 nihil

351 5145 421 5200 crat
443 5133 523 5216 ipsis
553 5141 660 5197 tutum
687 5130 737 5196 vel
768 5128 903 5193 salvum.
949 5127 1089 5194 Necesse
1121 5129 1225 5212 igitur
1255 5129 1324 5204 fuit,
1465 5131 1515 5194 14.
1537 5130 1583 5195 Et
1603 5131 1747 5198 maculer
1768 5155 1789 5197 e
1809 5133 1907 5212 eote,
1928 5135 2005 5201 dicit
2028 5134 2183 5217 Ichoeab,
2211 5143 2241 5202 et
2261 5139 2359 5203 rede-

349 5219 414 5286 nisi
435 5229 543 5286 essent
564 5218 749 5301 plusquam
774 5215 878 5292 ferrei,
900 5213 986 5295 ipsos
1008 5213 1177 5295 concipere
1199 5214 1325 5297 aliquas
1377 5235 1445 5280 eam
1475 5218 1680 5298 mplicitatem
1709 5224 1862 5297 εεειναει,
1896 5223 1923 5282 ει
1953 5221 2094 5304 mllipam
2122 5220 2190 5307 (vel
2220 5241 2360 5308 congre-

351 5327 472 5389 preccs.
519 5303 583 5370 Sed
606 5301 749 5368 ostendit
772 5299 862 5364 Deus
888 5297 1030 5363 nondum
1061 5299 1129 5363 fere
1159 5310 1324 5364 maturum
1377 5299 1473 5384 gabo)
1495 5322 1549 5368 voe
1570 5323 1607 5367 ecc
1634 5303 1777 5369 amathar
1802 5303 1958 5390 pentibus,
1988 5311 2016 5370 et
2043 5328 2081 5373 ea
2110 5307 2254 5376 omuibus
2280 5309 2361 5376 loeis
