5134 6124
210 425 273 491 249
917 423 968 490 IN
991 425 1242 492 quenalem.
1286 427 1385 494 OAP.
1407 426 1504 492 XVI.
2150 431 2214 498 250

209 637 273 702 eos,
295 636 392 700 aeque
407 623 519 699 patres
536 617 645 682 uestri:
666 617 815 698 quoniam
832 615 955 698 aequati
974 615 1094 698 suerint
1110 618 1184 682 deos
1237 617 1429 698 interposita
1461 616 1656 696 tonsolatio,
1698 637 1781 700 quae
1815 618 1946 700 proprie
1979 627 2140 700 speotaret
2172 620 2213 686 ad

208 704 394 790 incognitos,
427 708 455 768 et
486 703 605 785 abrepti
635 702 756 784 faeiat
786 708 862 783 post
893 723 954 767 aaa
987 707 1016 766 et
1047 702 1184 767 aliorum
1236 702 1321 768 solos
1355 701 1475 768 fideles.
1519 701 1585 768 Sed
1619 722 1680 788 ego
1713 703 1865 768 existimo
1898 703 2094 769 sententiam
2129 705 2215 773 bano

208 792 363 878 fiffiaeata.
416 790 512 856 Nune
541 789 633 854 Deus
667 789 858 872 pronuntiat
890 809 925 853 se
960 791 1028 853 lore
1060 789 1183 872 gloriae
1237 790 1373 852 mixtam
1397 809 1476 867 ease,
1498 789 1582 870 quod
1605 791 1722 873 partim
1739 809 1852 854 severe
1868 789 2039 862 denuntiet
2055 791 2215 874 propheta

209 897 288 944 suae
309 875 471 942 mndioem
497 875 576 940 dum
599 877 706 959 rapiet
727 877 814 956 ipsos
836 875 869 938 in
893 885 1013 939 terram
1038 875 1182 958 inoogni·
1237 873 1392 939 horribile
1415 875 1484 940 lore
1506 874 1673 953 exsilium,
1706 874 1831 957 dequo
1855 875 2067 941 vaticinatur:
2103 889 2212 944 tamen

209 971 275 1028 tam
299 963 432 1045 stipsis
455 961 669 1045 etpatribus.
702 961 780 1026 Mox
800 959 957 1044 adiungit,
983 961 1060 1026 Illic
1081 961 1185 1026 coletis
1236 961 1358 1043 partim
1381 961 1478 1025 simul
1503 960 1680 1026 admisoeat
1703 961 1825 1043 aliquid
1857 962 2097 1027 oonsolationis.
2144 963 2212 1030 Sed

209 1051 280 1118 aeos
302 1049 422 1114 alanos
442 1048 494 1114 alie
514 1055 544 1112 et
563 1053 655 1114 noete.
692 1045 880 1112 Notandum
904 1055 954 1110 est
976 1047 1038 1112 boo
1060 1068 1183 1130 poenae
1237 1046 1299 1112 hoo
1321 1047 1481 1129 posterius
1503 1047 1686 1111 membrum
1704 1047 1835 1112 videtur
1850 1046 1933 1112 mihi
1947 1046 2077 1130 oblique
2095 1051 2213 1134 attingi

208 1154 333 1222 genus:
370 1136 445 1218 quia
478 1133 559 1199 nihil
599 1135 689 1217 peius
723 1132 869 1198 aooidere
902 1135 1008 1215 potuit
1041 1132 1184 1213 Iudaeis,
1232 1146 1256 1196 ‘a
1279 1133 1445 1215 propheta.
1492 1133 1562 1216 Ego
1585 1133 1685 1216 igitur
1710 1145 1789 1217 puto
1812 1154 1882 1198 esse
1912 1133 2213 1216 amplifioationem.

210 1241 306 1306 quum
331 1226 369 1284 ut
391 1231 584 1305 angerentur
606 1220 646 1284 ad
669 1219 786 1301 impios
809 1226 842 1282 ot
864 1238 1035 1300 perversos
1065 1221 1182 1285 oultus.
1237 1219 1310 1283 Hon
1333 1219 1511 1283 tenendum
1533 1231 1592 1283 est.
1634 1217 1772 1283 Dixerat
1796 1239 1882 1302 ergo,
1905 1219 2079 1300 Expellam
2098 1242 2153 1286 eos
2171 1222 2213 1287 ab

208 1309 290 1374 Erat
309 1309 396 1373 enim
421 1306 577 1391 quaedam
598 1305 660 1369 Dei
680 1317 712 1370 et
732 1325 829 1369 verae
846 1305 977 1388 pietatis
1001 1304 1182 1388 abnegatio.
1237 1303 1473 1384 baeterrae:
1496 1305 1625 1368 mittam
1648 1307 1682 1369 in
1707 1316 1829 1370 terram
1854 1324 1938 1387 quae
1960 1307 2021 1369 fuit
2046 1307 2214 1390 ineognita

209 1393 297 1476 Quia
319 1393 448 1458 videtur
477 1393 540 1459 hoa
570 1393 675 1475 primo
704 1391 828 1456 intuitu
857 1411 1019 1475 asperum,
1051 1392 1182 1474 quidam
1237 1400 1304 1454 tam
1328 1391 1406 1473 ipsis
1429 1411 1527 1473 quam
1550 1393 1700 1473 patribus
1722 1410 1850 1456 aarum:
1873 1411 1960 1456 nuno
1982 1393 2128 1474 sequitur
2150 1395 2212 1459 air·

208 1481 372 1564 mitigaut‚
396 1482 486 1563 quasi
509 1479 617 1545 aultus
640 1477 774 1542 deorum
798 1476 975 1541 alienorum
999 1489 1084 1543 esset
1103 1479 1184 1542 dura
1237 1478 1441 1553 oumstantia,
1464 1497 1547 1560 quae
1563 1479 1758 1561 gravitatem
1775 1476 1883 1544 exsilii
1899 1477 2086 1560 amplifieat.
2122 1479 2212 1546 Saie-

207 1566 264 1630 illa
286 1568 438 1645 servitus,
461 1566 494 1630 in
518 1583 613 1648 quam
638 1562 759 1629 redacti
783 1571 868 1639 sunt,
892 1583 992 1646 quum
1015 1565 1185 1630 subessent
1237 1563 1317 1628 bant
1339 1564 1425 1627 enirn
1450 1583 1546 1646 quam
1571 1583 1670 1630 saeva
1692 1563 1808 1628 luisset
1833 1563 1890 1627 illa
1920 1564 2081 1644 servitus,
2108 1585 2213 1648 equa

207 1651 402 1718 idololatris:
432 1651 489 1717 sed
511 1649 593 1715 illud
618 1660 667 1716 est
689 1650 787 1714 nimis
810 1659 982 1715 remotum.
1028 1650 1100 1734 Ego
1123 1651 1182 1714 ita·
1238 1649 1329 1713 Deus
1360 1651 1525 1733 eripuerat
1555 1659 1664 1733 patres
1690 1649 1853 1732 ipsorum:
1887 1649 2029 1715 eonditio
2062 1651 2118 1715 illa
2150 1653 2213 1718 luit

208 1758 272 1822 que
294 1757 361 1802 non
385 1738 498 1804 dubito
521 1738 599 1820 quin
623 1734 716 1801 Deus
737 1755 793 1800 eos
815 1736 1000 1819 prostituat,
1028 1737 1182 1819 quoniam
1237 1733 1378 1800 deterior
1408 1746 1538 1800 eentum
1572 1734 1748 1813 mortibus,
1788 1754 1889 1817 quum
1929 1735 2139 1818 adigerentur
2171 1740 2212 1804 ad

206 1825 406 1889 vitiaverant
428 1845 545 1890 verum
569 1832 602 1886 et
624 1842 741 1905 purum
770 1821 905 1898 oultum,
935 1831 968 1886 et
997 1821 1183 1888 defecerant
1237 1820 1376 1886 serviles
1397 1841 1527 1905 operas:
1563 1821 1693 1906 deinde,
1725 1841 1825 1904 quum
1848 1821 1954 1886 omnis
1976 1825 2125 1906 aequitas
2147 1824 2212 1888 illis

202 1909 247 1978 ad
269 1911 388 1975 multas
412 1911 561 1995 gentium
584 1907 823 1973 immunditias:
847 1914 944 1990 atque
967 1908 1014 1972 ita
1032 1909 1184 1974 ostendat
1237 1913 1430 1990 negaretur:
1464 1929 1563 1990 quum
1587 1910 1696 1973 statim
1720 1908 1761 1972 ab
1790 1917 1884 1972 utero
1914 1919 2055 1972 matrum
2087 1911 2212 1976 oooide·

207 1995 323 2080 dignos
346 2016 416 2062 esse
446 1998 501 2080 qui
531 1995 681 2060 omnibus
708 1992 813 2058 modis
845 2013 917 2058 seso
950 1996 1183 2079 contaminent,
1236 2004 1351 2058 rentur
1373 1993 1488 2059 foetus.
1534 1993 1652 2074 Quum·
1668 2015 1746 2078 ergo
1767 2001 1831 2058 tam
1861 1992 1986 2058 duriter
2013 1997 2135 2061 seirent
2156 2017 2212 2079 pa·

207 2091 240 2148 et
261 2083 355 2165 quasi
385 2091 578 2167 mergantur
601 2082 635 2145 in
659 2080 855 2163 profundum
886 2081 1181 2146 abominationum:
1236 2087 1304 2145 tres
1326 2099 1401 2144 suos
1423 2081 1523 2146 luisse
1546 2089 1700 2146 traotatos
1727 2081 1768 2144 ab
1791 2081 1980 2163 Aegyptiis,
2015 2082 2096 2146 haee
2123 2103 2211 2149 oom-

208 2176 241 2233 et
263 2175 349 2234 terte
377 2167 543 2252 probabile
573 2171 624 2232 est
653 2167 754 2232 luisse
786 2165 949 2232 serviliter
979 2168 1108 2232 adaotos
1141 2169 1182 2232 ad
1237 2166 1372 2248 paratio,
1390 2169 1634 2250 quaeponitur,
1657 2166 1773 2231 melius
1789 2165 1960 2231 ostendere
1999 2169 2092 2248 otuit,
2114 2188 2211 2250 quam

207 2255 326 2340 impias
363 2255 597 2330 caeremonias,
636 2251 765 2337 quando
804 2253 940 2317 liberum
979 2263 1049 2318 erat
1083 2253 1182 2318 Ohal·
1236 2251 1449 2317 formidabilis
1471 2273 1576 2335 poena
1599 2253 1686 2336 ipsos
1708 2262 1876 2332 maneret,
1905 2272 1948 2334 qu
2017 2252 2142 2318 soilioet
2163 2275 2212 2319 re·

208 2340 297 2406 daeis
336 2340 425 2406 abuti
462 2360 576 2407 eorum
613 2338 793 2422 obsequiis,
834 2350 872 2402 ut
906 2341 1041 2404 traatari
1078 2340 1184 2405 solent
1237 2337 1381 2420 demptio
1403 2339 1514 2403 lutura
1537 2339 1738 2404 essetmulto
1754 2338 1859 2421 magis
1874 2337 2084 2404 inoredibilis.
2117 2340 2213 2406 Nune

206 2428 370 2510 manoipia
398 2427 469 2491 sine
492 2427 559 2492 ulla
581 2426 797 2491 humanitate.
841 2425 929 2489 Hine
960 2445 1037 2508 ergo
1066 2425 1182 2507 proba·
1237 2432 1387 2488 tenemus
1409 2424 1579 2490 eonsilium
1602 2424 1796 2507 prophetae:
1828 2426 1919 2507 quasi
1942 2421 2079 2489 diaeret:
2113 2423 2213 2492 Soitis

206 2510 281 2577 bilis
314 2514 502 2579 oonieotura
533 2511 670 2590 elioitnr,
708 2511 808 2576 fuisse
841 2521 962 2576 traetos
996 2509 1036 2576 ad
1070 2531 1182 2594 super·
1238 2509 1325 2573 unde
1348 2520 1458 2592 patres
1481 2511 1582 2575 vestri
1605 2511 1755 2588 exierint,
1778 2530 1895 2591 nempe
1917 2531 1935 2574 e
1958 2511 2088 2576 lornaee
2103 2531 2214 2592 aenea,

207 2599 364 2678 stitiones,
381 2597 523 2682 adeoque
539 2597 668 2662 nullum
684 2597 784 2662 luisse
799 2597 907 2676 finem,
925 2606 960 2660 ut
976 2618 1039 2662 non
1055 2605 1182 2662 tantum
1237 2595 1509 2676 quemadmodum
1532 2596 1609 2663 alibi
1633 2598 1790 2680 loquitur,
1820 2605 1853 2660 et
1875 2598 1966 2678 quasi
1989 2617 2030 2660 ex
2052 2597 2214 2680 profunda

207 2686 310 2750 aoaoti
333 2685 455 2749 fuerint
476 2685 576 2750 falsos
599 2683 677 2748 deos
699 2683 814 2760 ualere,
845 2682 901 2748 sed
925 2703 984 2766 per
1005 2682 1183 2748 ludibrium
1237 2693 1350 2746 morte.
1395 2682 1512 2765 Itaque
1535 2683 1713 2766 redemptio
1736 2683 1794 2747 illa
1815 2680 1926 2746 debuit
1954 2701 2025 2746 esse
2054 2703 2213 2748 memora·

207 2771 329 2835 luerint
351 2769 510 2836 traduoti:
539 2770 615 2854 quia
638 2769 824 2852 triumphos
845 2787 923 2832 snos
945 2769 1088 2853 quotidie
1111 2790 1184 2853 age·
1237 2767 1312 2832 bilis
1334 2789 1439 2850 usque
1461 2769 1500 2834 ad
1525 2771 1624 2834 linem
1647 2768 1771 2834 mundi.
1819 2767 1883 2834 Sed
1907 2769 1971 2831 iam
1995 2767 2088 2833 Deus
2110 2771 2213 2834 eonii·

207 2857 287 2921 bant
305 2854 428 2921 deillis
446 2857 596 2923 viatores.
626 2857 673 2922 u:
690 2855 776 2920 hano
794 2856 988 2920 sententiam
1012 2857 1184 2922 eonflrmat
1237 2854 1300 2917 niet
1323 2864 1380 2918 vo's
1403 2857 1437 2918 in
1460 2854 1622 2938 abyssum,
1646 2874 1727 2937 quae
1750 2855 1846 2937 louge
1869 2853 2061 2935 profundior
2079 2856 2142 2918 erit
2155 2855 2214 2919 illa

208 2941 293 3024 quod
317 2944 475 3026 sequitur,
501 2943 584 3025 Quia
606 2961 667 3007 aaa
687 2941 786 3007 dabo:
806 2953 882 3008 ἰιιιιι
904 2941 991 3006 enim
1010 2942 1183 3007 relativum
1237 2941 1380 3023 Aegypti
1405 2939 1590 3024 tyrannide,
1613 2961 1631 3004 e
1653 2961 1719 3024 qua
1741 2940 1845 3022 erepti
1867 2947 1945 3002 sunt
1968 2947 2078 3020 patres
2101 2943 2210 3007 vestri.

207 3027 262 3093 hia
283 3047 343 3111 pro
365 3030 486 3094 eausali
517 3028 678 3113 partioula
707 3029 865 3092 sumitur:
902 3027 985 3109 Quia
1015 3047 1080 3093 aaa
1106 3028 1184 3093 dabo
1236 3024 1321 3090 Nam
1345 3027 1370 3090 si
1394 3026 1469 3089 inde
1492 3047 1549 3090 vos
1571 3026 1720 3110 redimat,
1743 3028 1805 3091 erit
1825 3025 2021 3090 miraeulum
2042 3025 2140 3111 longe
2155 3047 2212 3091 ex-

206 3114 294 3180 eoba
312 3115 462 3197 gratiam,
485 3115 537 3180 vel
558 3113 826 3191 misericordiam,
853 3111 914 3176 hoo
937 3123 996 3188 est,
1021 3133 1083 3178 non
1107 3115 1182 3178 fleo·
1236 3109 1406 3176 nellentius
1429 3110 1470 3176 ad
1489 3121 1643 3195 posteros,
1667 3123 1706 3177 ut
1722 3114 1789 3177 lere
1803 3110 2002 3194 exstinguat,
2026 3112 2079 3176 vel
2095 3113 2211 3178 saltem

206 3207 273 3264 tam
299 3198 443 3265 hostium
463 3209 648 3266 vestrorum
671 3199 777 3275 eorda,
801 3206 839 3264 ut
857 3199 923 3262 sint
939 3198 1032 3263 vobis
1049 3199 1182 3283 propitii
1236 3195 1386 3262 obseurat
1409 3198 1599 3263 memoriam
1623 3199 1740 3281 prioris
1754 3198 1844 3263 illius
1860 3195 2102 3280 redemptionis.
2137 3199 2213 3266 Noa

206 3285 259 3350 vel
288 3285 478 3352 exorabiles.
524 3286 654 3367 Quibus
683 3285 792 3350 verbis
825 3284 970 3349 ostendit
993 3285 1084 3352 Deua
1118 3305 1182 3350 non
1207 3290 1212 3360 Ι
1236 3302 1307 3366 erpo
1328 3282 1447 3348 ditetur
1466 3284 1615 3368 amplias,
1645 3285 1730 3350 Viuit
1753 3283 1902 3364 Iebotab,
1924 3284 1980 3365 qai
2002 3284 2110 3350 edaait
2129 3285 2213 3366 filios

206 3379 336 3437 tantum
358 3392 393 3436 se
415 3390 538 3454 poenas
561 3372 601 3436 de
623 3371 689 3436 illis
712 3380 930 3453 sumpturum,
954 3370 1011 3435 ubi
1033 3391 1088 3437 eos
1110 3371 1184 3437 hos·
1237 3367 1342 3435 Israel
1362 3389 1400 3434 ea
1421 3371 1569 3455 Aegypto.
1615 3371 1699 3436 Nam
1731 3372 1787 3436 illa
1815 3372 1988 3453 eaptivitas
2019 3372 2212 3456 aegyptiaca

206 3459 294 3523 tibus
317 3457 467 3523 subiioiet
489 3463 524 3522 st
546 3477 658 3523 eorum
690 3455 826 3534 libidini,
857 3457 909 3522 val
932 3459 1074 3540 patietur
1096 3459 1184 3541 ipsos
1235 3454 1298 3519 luit
1319 3455 1426 3536 magis
1448 3456 1640 3535 tolerabilis,
1671 3478 1766 3540 quam
1791 3457 1901 3521 lutura
1923 3457 1967 3522 sit
1997 3456 2076 3522 haee
2106 3465 2211 3540 poete·

206 3544 276 3626 rapi
299 3544 333 3608 in
357 3543 527 3610 exsilium:
549 3545 606 3609 sed
629 3543 716 3609 bano
737 3543 805 3607 iore
828 3562 1005 3624 poenarum
1030 3544 1184 3610 aooessio-
1235 3541 1309 3620 rior,
1334 3542 1409 3624 quia
1433 3543 1523 3608 eritis
1546 3542 1685 3608 demersi
1708 3543 1798 3608 velut
1820 3544 1854 3607 in
1875 3544 1956 3626 ipsis
1978 3542 2108 3606 inferis:
2132 3555 2165 3606 et
2182 3542 2210 3608 si

207 3649 292 3710 nem,
316 3628 402 3713 quod
424 3629 600 3696 erudeliter
620 3631 656 3693 in
677 3630 764 3714 ipsos
785 3628 897 3695 hostes
919 3631 1082 3695 saevient:
1107 3631 1183 3713 quia
1235 3625 1328 3703 Deus
1352 3648 1408 3694 vos
1431 3629 1507 3692 inde
1529 3630 1699 3708 extrahat,
1731 3649 1845 3694 omnes
1875 3628 2019 3692 sentient
2049 3626 2109 3693 hoo
2139 3647 2212 3693 esse

206 3713 300 3781 Deus
318 3717 368 3781 vel
391 3717 607 3782 mansueiaoit
629 3716 782 3781 ierooiam
807 3714 985 3792 hominum,
1005 3716 1058 3782 vel
1080 3737 1181 3800 quum
1235 3731 1317 3796 opus
1339 3713 1540 3780 incredibile.
1574 3715 1646 3798 Ego
1669 3715 1753 3779 hano
1775 3714 1928 3778 existimo
1944 3733 2016 3777 esse
2031 3713 2209 3796 genuinam

205 3801 251 3865 ita
270 3803 376 3869 visum
400 3813 459 3885 est,
482 3803 588 3887 magis
610 3799 653 3865 ad
671 3803 794 3867 rabiem
813 3811 846 3866 et
864 3803 1034 3868 saevitiam
1057 3804 1182 3880 inoitat,
1235 3798 1414 3883 prophetae
1436 3813 1590 3865 mentem.
1634 3800 1764 3864 Interea
1793 3801 1924 3881 oblique
1953 3799 2050 3863 simul
2079 3808 2210 3882 gustum

205 3906 306 3971 quum
329 3888 404 3953 vult
432 3888 499 3952 illis
528 3889 577 3953 nti
600 3898 754 3971 tanquam
786 3886 933 3971 flagellis.
978 3887 1075 3954 Nune
1105 3909 1183 3971 ergo
1235 3885 1375 3966 aliquem
1398 3885 1476 3950 dare
1499 3886 1600 3951 voluit
1624 3885 1754 3951 futurae
1776 3883 2030 3968 redemptionis:
2060 3885 2116 3950 sed
2145 3906 2210 3950 non

206 3981 356 4039 tenemus
378 3983 485 4038 totum
512 3974 691 4057 prophetae
720 3974 911 4038 eonsilium:
944 3973 1027 4056 quod
1059 3974 1182 4041 soilioet
1234 3971 1314 4036 feeit
1347 3970 1408 4037 hoo
1442 3993 1482 4036 ex
1516 3974 1669 4056 professo.
1714 3970 1881 4036 Debemus
1914 3989 1993 4053 ergo
2025 3970 2211 4053 expendere

204 4058 329 4138 Iudaei,
364 4061 418 4142 qui
448 4070 564 4143 sponte
598 4080 664 4125 non
694 4060 863 4125 noluerant
889 4058 999 4124 Deum
1030 4062 1063 4124 in
1094 4071 1182 4125 terra
1235 4077 1388 4139 quorsum
1419 4057 1533 4123 tendat
1561 4057 1736 4141 propheta,
1766 4076 1900 4139 nempe,
1937 4055 2209 4138 quemadmodum

205 4165 273 4226 sua,
304 4144 480 4210 trahentur
505 4147 539 4209 in
564 4146 776 4227 Chaldaeum,
805 4145 862 4210 ubi
891 4154 1050 4230 augentur
1078 4147 1182 4212 velint
1235 4145 1319 4222 dixi,
1356 4142 1430 4208 vult
1463 4144 1608 4210 inautere
1642 4153 1771 4208 tantum
1805 4152 1961 4208 terrorem
1994 4141 2140 4222 Iudaeis,
2173 4154 2211 4208 ut

205 4230 320 4310 nolint,
355 4231 483 4300 alienos,
508 4232 584 4296 deos
616 4232 737 4312 oolere,
771 4231 869 4315 idque
902 4233 1025 4315 absque
1054 4233 1120 4298 fine
1150 4243 1182 4298 et
1234 4230 1337 4294 soiant
1360 4229 1485 4294 instare
1507 4230 1569 4296 sibi
1600 4231 1740 4295 atrooius
1769 4228 1908 4312 malum,
1937 4248 2036 4310 quam
2066 4231 2210 4311 perpessi

204 4317 309 4383 modo.
355 4317 451 4383 Nune
473 4318 630 4399 sequitur,
1233 4325 1342 4381 essent
1364 4334 1477 4381 aarum
1499 4324 1610 4399 patres
1633 4317 1666 4380 in
1690 4319 1853 4400 Aegypto,
1882 4316 1936 4398 qui
1961 4325 2070 4378 tamen
2094 4315 2211 4380 orade-

1234 4401 1356 4466 lissima
1378 4404 1525 4484 oppressi
1548 4403 1678 4467 inerant
1707 4400 1783 4466 illio.
1828 4401 1944 4483 Itaque
1973 4401 2111 4466 obseura
2139 4401 2210 4464 red·

292 4490 343 4554 14.
369 4488 539 4575 Propterea
561 4509 623 4556 eoae
644 4490 712 4555 dies
732 4491 869 4571 aeaiaat,
892 4490 967 4555 dieii
985 4488 1182 4573 retortae
1234 4486 1344 4565 detur,
1385 4509 1489 4572 neque
1522 4491 1569 4553 ita
1602 4498 1640 4552 ut
1672 4489 1748 4553 olim
1782 4485 1998 4553 eelebrabitur
2030 4486 2088 4551 illa
2120 4488 2211 4568 prior

204 4594 266 4640 aaa
294 4577 415 4641 damur
443 4576 582 4658 eruption
612 4574 688 4726 &hoo
715 4584 778 4651 est,
812 4575 930 4658 quibus
959 4597 1023 4640 non
1055 4574 1181 4642 dicetur
1232 4573 1400 4654 liberatio,
1434 4595 1518 4656 quae
1542 4583 1651 4638 tamen
1678 4574 1739 4638 luit
1769 4573 1992 4638 testimonium
2023 4574 2210 4638 inaestima-

205 4661 358 4747 amplius)
388 4661 473 4727 Viuit
495 4659 610 4727 Ieboaa
636 4711 643 4743 ,
671 4662 728 4743 qai
749 4663 859 4727 edaait
886 4661 1073 4746 (aseendere
1096 4664 1180 4741 feeit,
1233 4659 1307 4725 bilis
1327 4659 1390 4724 Dei
1408 4660 1588 4744 potentiae:
1613 4657 1674 4724 Sed
1688 4660 1798 4742 petias
1812 4659 1939 4737 diaeta,
1966 4658 2051 4723 Vivit
2065 4657 2209 4740 Ieltoaalt,

205 4746 246 4812 ad
269 4747 527 4834 verbumillius
549 4747 654 4814 Israel
676 4751 797 4812 eterra
820 4748 973 4830 Aegypti:
1232 4747 1309 4828 qaia
1324 4745 1481 4828 papalum
1509 4766 1602 4812 saum
1631 4746 1741 4810 eduxit
1768 4765 1783 4810 e
1812 4749 1896 4811 terra
1925 4743 2099 4828 aquileae:
2131 4745 2209 4893 {m

292 4831 343 4897 15.
380 4833 462 4915 Quia
485 4835 609 4914 petias,
641 4833 725 4900 Vua
749 4832 901 4914 Ielrovalt,
935 4835 991 4916 qai
1019 4834 1181 4901 ascendere
1232 4833 1357 4898 sailioet
1379 4833 1487 4897 minus
1506 4833 1575 4914 spei
1592 4831 1684 4897 vobis
1699 4833 1761 4896 erit
1777 4831 1955 4914 residuum,
1979 4828 2033 4894 ubi
2050 4828 2134 4895 Obal
2159 4831 2208 4895 aei

204 4920 275 5002 feeit
294 4920 379 5000 filios
400 4919 505 4986 Israel
526 4927 648 4987 eterra
671 4919 837 5003 aquilonia,
863 4925 950 4986 aaa
971 4921 1112 4985 omnibus
1133 4940 1178 4986 re·
1232 4939 1291 4983 vos
1313 4937 1372 4983 suo
1394 4917 1531 4996 imperio
1553 4917 1705 4984 subantes
1728 4918 1960 5001 dissipaverint
1981 4916 2073 4998 quasi
2091 4936 2209 4999 eorpus

190 5079 192 5083 ,
204 5005 358 5087 ababa,
389 5006 432 5070 ad
453 5027 534 5088 qaas
557 5007 720 5089 expulerat
741 5024 800 5088 aaa,
831 5011 859 5070 et
879 5007 1028 5072 reducam
1056 5007 1098 5072 ad
1119 5011 1179 5071 ter·
1231 5004 1391 5070 laterum:
1427 5004 1480 5067 ubi
1502 5006 1700 5069 exstinatum
1723 5004 1822 5069 tuerit
1845 5023 1961 5068 nomon
1985 5000 2105 5079 Israel,
2140 5002 2208 5068 oul-

204 5110 277 5154 ram
298 5111 404 5158 eoram
424 5112 519 5176 qaam
541 5093 613 5159 dedi
629 5091 780 5175 patribus
800 5092 922 5157 uestris.
1232 5099 1286 5156 tus
1311 5089 1374 5154 Dei
1403 5108 1538 5155 eversus
1566 5100 1599 5156 et
1625 5089 1783 5172 templum
1813 5090 1968 5154 exoieum.
2013 5087 2076 5154 Ubi
2106 5089 2209 5173 igitur

1231 5175 1344 5242 omnia
1376 5175 1499 5240 fuerint
1531 5177 1595 5240 iam
1631 5174 1819 5260 desperata,
1851 5175 1909 5238 illa
1938 5176 2113 5256 eaptivitas
2146 5177 2208 5240 erit

290 5265 357 5330 Hie
385 5264 515 5329 videtur
541 5265 698 5330 Ieremias
734 5265 923 5348 promittere
952 5262 1095 5328 reditum
1122 5260 1177 5326 Iu·
1232 5261 1464 5345 multomagis
1488 5261 1668 5338 horribilis,
1699 5281 1798 5344 quam
1822 5281 1886 5344 qua
1907 5263 2052 5343 oppressi
2074 5264 2208 5328 fuerunt

206 5350 310 5417 daeis:
334 5361 367 5418 et
388 5352 434 5414 ita
456 5352 675 5417 eommuniter
693 5360 870 5434 exponunt,
891 5351 982 5432 quasi
1000 5350 1079 5415 haeo
1095 5357 1180 5414 esset
1232 5357 1341 5431 patres
1370 5348 1482 5412 vestri.
1527 5347 1669 5413 Proinde
1697 5350 1724 5413 si
1754 5347 1846 5413 Deus
1875 5367 1932 5412 vos
1962 5346 2113 5426 redueat,
2146 5348 2207 5414 hoa
