5134 6124
357 436 416 500 191
1164 433 1552 502 Punaaacmoctas
2297 431 2356 497 192

356 623 534 702 vaticiniis,
578 623 694 708 quibus
735 624 861 709 decepti
895 628 1034 692 fuerant.
1089 624 1178 689 Dicit
1217 623 1328 705 igitur,
1381 622 1557 705 praecessit
1579 622 1637 687 illa
1659 622 1884 707 interrogatio,
1908 621 2049 686 Domine
2069 619 2169 698 Deus,
2193 619 2355 718 quidhoc

357 707 441 790 Quid
473 708 536 790 boc,
570 709 705 777 Domiac
728 711 888 779 chooclt?
921 733 997 778 acm
1024 709 1194 793 prophetoe
1224 707 1330 774 ecum
1381 706 1454 773 est?
1482 706 1654 790 Prophetae
1667 709 1784 791 popolo
1802 708 1875 773 baio
1887 707 2072 788 prouiderat
2085 725 2211 788 paoem:
2230 703 2356 787 derude,

354 794 432 860 altis.
464 794 529 862 Hic
552 796 679 878 pondus
703 795 801 864 habet
824 817 945 863 nomen
967 796 1214 882 propheticum:
1237 795 1329 876 quasi
1383 802 1495 859 vetant
1519 805 1661 859 metuere
1683 815 1704 858 a
1725 803 1817 876 pasta
1839 804 1872 858 et
1895 791 1990 858 bello.
2035 791 2146 873 Quum
2176 811 2254 890 erge
2283 810 2357 888 pre·

356 879 493 960 dicaret,
527 879 602 948 Non
633 895 749 966 sponte
778 884 825 947 ita
853 883 1040 964 insaniunt,
1074 895 1111 947 ut
1133 881 1194 947 sibi
1217 899 1328 964 pacem
1354 916 1356 943 ÷
1382 879 1481 962 pheta
1503 879 1564 945 hoc
1587 900 1628 943 ex
1650 900 1746 945 sensu
1770 892 1837 945 tum
1860 899 1928 956 suo,
1951 898 2047 962 quam
2071 897 2236 944 commum
2258 887 2357 941 totius

355 966 557 1048 promittant,
579 977 612 1032 te
634 968 747 1044 inrito,
770 968 827 1035 sed
850 971 914 1053 ipsi
936 969 1033 1035 etiam
1058 967 1244 1050 prophetae,
1275 966 1330 1047 qui
1382 965 1493 1048 populi
1517 965 1730 1048 exposuisset,
1759 965 1820 1032 hoc
1850 984 2052 1047 responsum,
2083 961 2356 1060 quemadmodem

354 1071 473 1116 nomen
496 1061 590 1118 tuum
613 1054 791 1136 proterunt,
815 1075 852 1120 ae
874 1056 1006 1130 iactant,
1031 1053 1080 1118 illi
1102 1062 1179 1118 sunt
1201 1061 1331 1117 autores
1384 1051 1460 1129 dixi,
1483 1051 1586 1116 multe
1607 1050 1836 1117 vehementius
1858 1061 1918 1128 est,
1947 1062 1980 1115 ει
2001 1049 2128 1116 facilius
2151 1058 2302 1146 pausarat
2324 1068 2358 1111 rn

355 1136 454 1201 huius
481 1144 548 1203 tam
578 1159 706 1204 crassae
735 1140 930 1207 securitatis.
981 1139 1095 1206 Dicunt
1123 1139 1223 1216 caim,
1258 1136 1331 1201 Noc
1383 1136 1517 1201 animos.
1563 1136 1654 1201 Deus
1676 1157 1754 1220 ergo
1776 1138 1823 1204 sic
1845 1135 2029 1218 respondet,
2060 1135 2261 1232 Mauram
2280 1153 2357 1215 prc-

354 1222 497 1288 oidcbttis
516 1224 668 1307 ploditoa,
689 1225 790 1306 fumos
804 1245 865 1290 ooo
880 1227 1032 1308 matiopct
1045 1223 1147 1291 cobis:
1169 1225 1231 1290 imo
1252 1220 1332 1288 dubo
1379 1222 1508 1306 ptoaot
1524 1221 1694 1306 propbetas
1722 1223 1759 1288 ic
1780 1225 1902 1289 comitto
1922 1242 2020 1319 meo..
2043 1221 2277 1303 Empbatrcum
2309 1228 2358 1283 set

354 1308 451 1374 oobo'c.
502 1308 566 1373 Hic
594 1309 738 1375 induunt
766 1332 938 1393 personam
969 1311 1073 1393 ipsius
1103 1310 1174 1375 Dei.
1219 1308 1331 1390 Neque
1384 1311 1444 1375 hcc
1474 1327 1604 1384 nomen,
1636 1309 1677 1372 Io
1707 1309 1829 1374 aoniae
1856 1327 1938 1372 meo:
1968 1329 2044 1390 quta
2074 1305 2229 1371 admonet
2257 1305 2358 1383 Deus,

355 1393 443 1458 enim
466 1393 587 1476 dicunt,
612 1395 714 1461 Dabit
734 1396 829 1463 vobis
852 1397 945 1463 Deus
967 1416 1079 1479 pacem
1104 1396 1250 1460 firmam:
1274 1391 1330 1457 sed
1383 1393 1564 1459 cavendum
1588 1414 1658 1458 esse
1681 1395 1721 1461 ab
1744 1396 1833 1459 omni
1856 1393 2017 1459 mendacii
2042 1397 2224 1475 praetextu,
2252 1410 2359 1472 neque

354 1480 451 1545 Dabo
475 1479 577 1546 vobis.
621 1479 776 1547 Vidimus
799 1503 877 1567 ergo
905 1483 1098 1568 prophetam
1128 1481 1182 1546 hic
1212 1479 1330 1546 exher-
1383 1479 1477 1545 facile
1499 1485 1533 1544 et
1555 1487 1687 1558 temere,
1710 1480 1762 1547 vel
1785 1481 1906 1562 absque
1925 1478 2052 1545 delectu
2070 1476 2269 1542 credendum
2288 1495 2359 1541 esse
2472 1533 2477 1548 ,

356 1583 492 1641 reecere,
516 1565 594 1630 dum
617 1567 699 1632 falsa
721 1569 877 1634 vaticinia
907 1578 1075 1650 comparat
1103 1587 1177 1632 cum
1200 1565 1331 1630 oraculo
1384 1566 1534 1632 omnibus
1558 1566 1731 1632 vaticiniis.
1775 1566 1888 1649 Neque
1915 1566 2001 1630 enim
2025 1562 2184 1647 quidquid
2208 1561 2358 1660 divinpm

355 1650 440 1732 quod
462 1671 504 1715 ex
526 1672 581 1716 ore
603 1651 667 1718 Dei
691 1663 867 1736 acceperat.
901 1653 1074 1736 Prophetae
1095 1654 1193 1736 iocor
1213 1652 1330 1718 dmum.
1383 1652 1530 1730 iactatur,
1554 1673 1590 1716 re
1613 1652 1685 1733 ipsa
1707 1651 1772 1716 tale
1795 1665 1853 1717 est.
1900 1649 2059 1715 Videmus
2088 1669 2167 1733 ergo
2195 1649 2284 1712 huuc
2307 1668 2359 1710 rn-

355 1735 585 1802 Honorificum
613 1749 684 1803 erat
712 1739 794 1804 illud
822 1761 958 1818 nomen,
991 1740 1202 1806 coniunctum
1232 1737 1329 1801 etiam
1383 1737 1510 1821 signem
1534 1757 1604 1803 esse
1626 1737 1746 1803 locem:
1770 1739 1921 1821 quoniam
1947 1735 2038 1801 Deus
2062 1733 2216 1834 admcnet
2239 1734 2360 1798 haben·

354 1841 430 1886 cum
460 1823 609 1905 imperio,
643 1834 675 1889 et
704 1827 879 1890 autoritate
907 1826 1011 1909 ipsius
1041 1825 1115 1890 Dei.
1159 1821 1332 1904 Prophetae
1384 1823 1462 1887 dum
1485 1843 1556 1889 esse
1580 1822 1738 1889 delectum
1762 1825 1795 1888 iu
1820 1821 1994 1889 vaticiniis:
2027 1842 2066 1887 ne
2089 1821 2214 1885 scilicet
2236 1831 2358 1883 temere

353 1907 456 1990 igitur
488 1909 565 1992 ipsi,
606 1911 661 1991 qui
695 1910 850 1977 videntur
882 1911 1020 1994 praediti
1053 1930 1124 1977 esse
1158 1911 1331 1974 autoritate
1383 1909 1579 1991 arripiamus
1600 1908 1757 1992 quidquid
1780 1911 1946 1992 profertur
1968 1908 2030 1972 sub
2059 1915 2232 1992 praetextu
2255 1905 2359 1970 divini

353 1991 501 2073 coelesti,
535 2005 569 2059 ει
592 1995 648 2078 qui
671 1996 827 2062 videntur
849 1998 907 2063 aba
936 2008 968 2062 te
998 1998 1087 2062 missi
1115 2016 1201 2072 esee,
1236 2016 1273 2060 ac
1303 1996 1330 2059 si
1384 1995 1535 2059 nominis.
1581 1993 1665 2059 Vult
1691 2016 1769 2078 erge
1800 2015 1859 2060 nce
1885 1994 2064 2078 prudenter
2096 1992 2298 2090 discernere:
2328 2000 2361 2054 et

354 2078 463 2162 angeli
487 2087 613 2160 essent,
642 2080 689 2145 illi
707 2083 895 2164 promittunt
910 2103 1022 2164 pacem
1050 2083 1195 2163 firmam,
1225 2099 1331 2162 neque
1383 2080 1456 2146 ideo
1478 2078 1546 2145 dixi
1570 2080 1631 2144 hoc
1653 2081 1829 2146 observatu
1852 2080 1988 2165 dignum
2013 2097 2102 2146 esse:
2125 2096 2281 2176 quopiam
2305 2096 2359 2158 pa-

353 2164 485 2249 vulgari
508 2165 619 2243 medo,
652 2165 710 2233 sed
734 2169 906 2252 magnifice
937 2188 974 2233 ae
1004 2170 1032 2235 si
1063 2177 1095 2232 te
1123 2167 1156 2232 in
1190 2165 1331 2231 medium
1384 2167 1486 2248 pistae
1508 2166 1605 2230 hodie
1627 2164 1704 2230 dum
1732 2166 1869 2232 futiliter
1890 2175 2051 2250 spargunt
2073 2185 2150 2229 suos
2172 2163 2296 2244 trtulos,
2326 2183 2360 2227 se

353 2250 515 2330 sisterent,
545 2261 578 2314 et
600 2254 627 2317 si
650 2274 691 2317 ex
715 2272 771 2317 cre
794 2263 852 2318 tuo
873 2255 1059 2338 preferrent
1079 2273 1155 2319 suas
1177 2251 1331 2334 fallacias,
1384 2273 1454 2318 esec
1488 2254 1801 2335 repraesentativum
1835 2251 2018 2318 ecelesiam:
2054 2250 2185 2328 deinde,
2219 2269 2268 2347 se·
2289 2269 2360 2347 esse

355 2333 445 2401 Dato
472 2335 567 2401 actm.
620 2338 717 2403 Nune
745 2360 823 2422 ergo
852 2349 1004 2406 tenemus
1033 2358 1187 2423 quorsum
1219 2337 1332 2402 tendat
1384 2347 1544 2421 pastores,
1579 2336 1747 2403 ecclesium
1781 2337 1843 2403 Dei
1877 2357 1948 2403 csse
1980 2337 2164 2403 columnam
2199 2342 2360 2414 ventatn,

355 2421 525 2504 propheta.
577 2422 733 2507 Oportuit
766 2426 854 2489 enim
887 2426 1019 2491 Iudaeis
1051 2424 1161 2491 excuti
1194 2443 1330 2506 prauam
1384 2425 1446 2490 hoc
1468 2423 1565 2489 modo
1587 2424 1850 2506 obstupefaciant
1879 2422 2052 2504 simplices,
2083 2424 2129 2486 ita
2159 2429 2194 2486 ut
2224 2419 2361 2486 tollatur

356 2506 446 2571 illam
481 2507 732 2586 confidentiam,
766 2531 831 2594 qua
863 2515 949 2593 ipsos
981 2510 1227 2576 inebriaverunt
1259 2508 1332 2574 falsi
1384 2530 1478 2574 omne
1500 2507 1664 2588 iudicium,
1688 2516 1721 2573 ει
1745 2510 1919 2591 recipiatur
1948 2529 2007 2591 pro
2035 2507 2167 2573 oraculo
2198 2505 2359 2589 quidquid

356 2591 543 2674 prophetae,
569 2596 625 2676 qui
648 2595 848 2660 simulabant
869 2618 905 2662 ee
926 2596 1083 2662 divinitus
1105 2615 1176 2660 esse
1199 2595 1330 2660 missos:
1383 2595 1448 2660 illis
1481 2595 1640 2678 placuerit
1672 2602 1825 2661 statuere.
1873 2594 1938 2660 Hic
1971 2603 2081 2659 autem
2106 2592 2197 2658 Deus
2230 2612 2290 2672 per
2324 2613 2359 2657 os

357 2687 391 2742 et
411 2679 459 2741 ita
481 2676 707 2762 gloriabantur
728 2701 763 2746 ee
786 2703 856 2746 esse
879 2702 992 2748 seruos
1014 2681 1094 2759 Dei,
1121 2701 1157 2745 se
1186 2701 1256 2745 esse
1278 2699 1330 2743 cr·
1382 2681 1541 2746 Ieremias
1564 2679 1708 2745 ostendit
1730 2701 1794 2746 non
1818 2691 1941 2746 temere
1962 2677 2160 2745 credendum
2184 2699 2255 2744 esec
2275 2682 2359 2741 vati·

356 2783 443 2846 gana
473 2763 609 2846 spiritus
637 2767 751 2832 sancti.
797 2765 961 2848 Quoniam
991 2788 1069 2850 ergo
1099 2785 1230 2831 neccsse
1261 2774 1333 2829 erat
1384 2766 1479 2832 ciniis
1500 2765 1706 2848 quibuslibet.
1753 2765 1852 2845 Dicit,
1881 2765 1924 2831 Ia
1946 2767 2070 2831 nomiae
2096 2785 2165 2830 mco
2188 2762 2360 2846 prophetae

356 2849 442 2914 hanc
464 2849 616 2916 fiduciam
640 2851 770 2916 detrahi
792 2852 941 2930 Iudaeis,
975 2873 1057 2936 quae
1079 2859 1151 2917 erat
1179 2853 1332 2917 interitus
1377 2852 1580 2936 prophetant:
1602 2853 1693 2934 quasi
1717 2850 1847 2929 diceret,
1874 2852 2003 2918 Nomen
2022 2873 2130 2916 meum
2147 2870 2244 2932 saepe
2260 2852 2360 2949 impie

355 2954 464 3014 causa,
491 2935 575 3017 quod
599 2937 722 3002 scilicet
743 2938 996 3007 obdurescerent
1017 2938 1057 3003 ad
1079 2937 1143 3003 Dei
1166 2947 1331 3019 contemp·
1385 2939 1578 3019 profanatur
1615 2937 1656 3001 ab
1692 2937 1887 3002 hominibus.
1950 2935 2115 3018 Quoniam
2153 2955 2232 3019 crgo
2266 2936 2360 3034 multi

357 3029 437 3096 tum,
461 3027 496 3082 et
516 3041 630 3087 omnes
652 3025 758 3088 minas
779 3035 991 3108 spernerent:
1014 3025 1086 3090 ideo
1109 3024 1196 3103 dicit,
1222 3023 1331 3107 Quid?
1385 3032 1462 3090 sunt
1484 3023 1540 3106 qui
1562 3044 1598 3088 se
1620 3022 1793 3088 venditant
1815 3045 1873 3107 pre
1897 3025 2001 3088 servis
2023 3025 2105 3087 meis
2123 3025 2158 3086 et
2179 3021 2361 3105 prophetis,

356 3104 403 3167 ite
424 3103 597 3184 loquantur
618 3107 804 3188 prophetoe,
839 3109 929 3176 Dabo
957 3111 1043 3175 uobis
1064 3129 1177 3190 paoem
1205 3109 1333 3190 firmam
1384 3119 1417 3176 et
1439 3109 1496 3192 qui
1511 3111 1617 3176 locum
1634 3109 1731 3173 etiam
1747 3119 1916 3192 occupant,
1939 3120 1972 3174 et
1986 3117 2141 3174 exercent
2156 3107 2360 3173 ordinarium

359 3189 394 3252 ic
423 3183 477 3252 too
506 3189 580 3254 loco.
630 3191 719 3256 Hinc
748 3192 931 3276 colligimus
960 3195 1134 3258 Ieremiam
1168 3195 1268 3259 tuisse
1297 3195 1332 3258 in
1386 3218 1523 3262 munus:
1553 3195 1708 3278 quoniam
1731 3215 1809 3278 ergo
1832 3201 1925 3260 tanta
1946 3202 1997 3260 eet
2018 3196 2053 3258 in
2076 3192 2265 3259 hominibus
2289 3213 2362 3274 pra-

358 3273 512 3337 eentinuo
542 3273 609 3338 fere
638 3277 827 3341 certamine.
871 3278 956 3343 Nam
986 3281 1213 3362 antagonistae
1242 3299 1332 3344 acer·
1387 3285 1479 3358 vitas,
1509 3290 1546 3345 ut
1569 3302 1635 3346 non
1658 3280 1778 3363 pudeat
1800 3282 1888 3364 ipsos
1910 3280 2039 3345 nomine
2062 3301 2133 3344 meo
2155 3277 2258 3361 abati,
2282 3299 2361 3359 pru·

358 3357 434 3422 rimi
456 3359 669 3439 prosiliebant
690 3363 801 3426 statim
825 3364 860 3427 in
883 3362 1037 3441 medium,
1061 3363 1187 3447 quoties
1203 3365 1331 3428 minita-
1385 3365 1496 3431 dantia
1518 3365 1701 3432 adhibenda
1723 3385 1781 3432 eet.
1825 3365 1897 3431 Hcc
1925 3375 1974 3431 est
2003 3367 2161 3448 primum:
2190 3363 2246 3429 ubi
2268 3362 2362 3429 Deus

358 3441 455 3508 batur
477 3445 595 3527 populo
618 3445 669 3509 vel
693 3447 853 3524 exsilium,
876 3447 930 3512 vel
954 3451 1082 3527 tamem,
1105 3447 1159 3513 vel
1183 3446 1246 3513 alia
1269 3448 1333 3513 Dei
1385 3452 1549 3534 siguificat
1579 3473 1645 3518 non
1678 3453 1827 3518 sulficere
1861 3461 2069 3534 praetextum
2104 3452 2250 3516 muneris
2283 3470 2361 3532 pro·

356 3527 493 3595 iudicia:
517 3528 629 3610 Quid?
652 3529 760 3596 securi
775 3540 894 3599 estete:
917 3533 1011 3599 Deus
1025 3535 1112 3598 euim
1129 3533 1227 3616 elegit
1244 3533 1333 3599 hunc
1385 3537 1515 3618 phetici,
1541 3538 1604 3601 nisi
1627 3538 1724 3601 stiam
1748 3559 1783 3603 re
1806 3539 1877 3619 ipsa
1897 3537 2035 3620 probent
2057 3557 2092 3602 se
2113 3556 2185 3602 esse
2207 3555 2305 3601 veros
2329 3545 2363 3600 ει

357 3612 476 3691 locum,
498 3614 555 3680 ubi
578 3615 717 3681 celatur:
741 3617 854 3683 fierine
877 3629 985 3701 posset
1007 3629 1043 3682 ut
1061 3618 1216 3684 evelleret
1232 3617 1331 3684 ecclo-
1385 3620 1496 3686 fideles
1519 3622 1705 3702 propbetas.
1750 3622 1870 3688 Postea
1901 3621 2002 3702 addit,
2035 3622 2109 3688 Noa
2136 3621 2212 3688 mici
2242 3640 2303 3699 coe,
2336 3625 2363 3686 ct

357 3699 439 3763 siam
462 3719 553 3764 suam
577 3702 618 3767 ab
641 3702 703 3765 hac
724 3701 854 3786 quiete?
877 3724 943 3768 non
960 3712 1010 3768 eet
1025 3705 1127 3788 igitur
1141 3703 1332 3782 timendum,
1385 3727 1446 3772 noa
1462 3709 1611 3788 praecepi
1632 3709 1686 3786 cis,
1709 3713 1736 3772 ct
1757 3730 1818 3774 non
1840 3710 1985 3790 loquutus
2006 3728 2076 3774 sum
2097 3728 2168 3774 cum
2197 3707 2244 3772 eis
2268 3708 2363 3772 eicio·

357 3804 400 3848 ne
421 3804 566 3866 unquam
590 3795 703 3867 pereat
725 3787 787 3852 hoc
809 3807 966 3871 regnum,
1001 3809 1042 3854 ne
1065 3789 1221 3871 templum
1245 3791 1333 3855 exci·
1384 3813 1454 3857 acm
1476 3793 1639 3870 mandacii,
1663 3801 1725 3857 etc.
1769 3793 1834 3861 Hic
1862 3793 2005 3858 detrahit
2035 3792 2134 3858 fidem
2164 3793 2363 3875 pseudopre-

358 3868 464 3933 datur.
504 3870 593 3954 Ergo
615 3873 827 3954 conqueritur
848 3872 1016 3955 propheta,
1040 3895 1104 3937 non
1128 3873 1212 3957 quod
1236 3874 1334 3938 tuerit
1386 3878 1507 3960 phebis:
1535 3879 1611 3961 quia
1634 3899 1737 3960 nsque
1758 3881 1846 3963 ipsos
1868 3880 2002 3959 miserit,
2031 3900 2137 3962 neque
2158 3879 2364 3962 praeceperit

359 3975 503 4037 unquam
526 3967 708 4021 commotus
739 3958 858 4023 talibus
889 3957 1084 4024 mendaciis:
1117 3959 1172 4024 sed
1203 3959 1335 4041 respicit
1386 3967 1432 4027 ita
1450 3963 1545 4046 loqui,
1570 3984 1675 4046 neque
1698 3966 1797 4029 etiam
1820 3966 1972 4048 loquutus
1994 3964 2039 4029 sit
2060 3984 2136 4032 cum
2158 3965 2246 4046 ipsis.
2288 3965 2363 4030 Hoc

361 4039 514 4123 populum
538 4041 663 4124 ipsum,
694 4051 728 4107 ει
751 4043 837 4119 vult,
868 4043 1137 4125 quemadmodum
1168 4045 1233 4110 iam
1256 4045 1334 4125 dixi,
1387 4055 1585 4131 postremum
1609 4049 1795 4132 generalius
1818 4060 1882 4114 est:
1913 4051 1969 4116 sed
1992 4058 2102 4115 tamen
2124 4050 2206 4117 haec
2227 4050 2291 4114 tria
2314 4051 2363 4114 di·

361 4125 402 4189 ab
424 4125 491 4190 illis
513 4125 755 4208 deceptionibus
777 4128 947 4194 retrahere
973 4149 1028 4193 ecs
1050 4129 1105 4211 qui
1128 4141 1206 4195 sunt
1228 4130 1335 4195 adhuc
1389 4137 1526 4216 ligentur
1549 4136 1693 4200 notanda
1715 4147 1803 4218 sunt,
1826 4136 1981 4219 quoniam
1999 4136 2166 4202 sufficiunt
2184 4134 2225 4201 ad
2245 4136 2365 4202 discer-

361 4211 532 4276 sanabiles.
577 4211 656 4277 Ideo
678 4214 834 4294 sequitur,
1388 4216 1511 4282 nendos
1533 4239 1627 4282 veros
1656 4221 1833 4303 prophetas
1856 4243 1875 4286 a
1898 4220 1996 4287 falsis.
2041 4221 2155 4286 Voluit
2184 4223 2288 4306 igitur
2311 4223 2364 4288 hic

614 4349 620 4362 .
651 4349 656 4361 .
880 4352 885 4363 .
914 4352 920 4364 .
1090 4351 1097 4362 .
1388 4303 1480 4368 Deus
1509 4315 1615 4369 certas
1644 4317 1738 4370 notes
1769 4307 1912 4390 proferre
1942 4309 1976 4371 in
2004 4307 2159 4386 medium,
2190 4307 2277 4373 trude
2305 4311 2364 4373 fiet

449 4347 500 4411 14·
524 4347 669 4446 Eldml
687 4347 822 4447 ζώω
839 4350 929 4472 Jn²l³⁸¹
948 4348 1151 4449 Meldamum
1168 4351 1336 4431 1²?le
1389 4387 1563 4454 discrimen
1592 4391 1679 4454 inter
1710 4411 1803 4457 veros
1832 4393 2006 4475 prophetas
2034 4403 2066 4458 et
2094 4394 2202 4459 lalsos.
2248 4393 2364 4460 Primo

354 4432 543 4532 P'Ol'l'll‘lm
565 4455 599 4498 ’ῃ
620 4453 744 4499 'mmm‘
764 4454 842 4499 Μ·
867 4455 928 4498 '²⁰²²
943 4454 1019 4500 Μ
1037 4439 1224 4584 wiplllfw'l
1239 4457 1336 4534 tm
1389 4472 1468 4538 dicit
1500 4495 1565 4539 non
1595 4487 1725 4542 vocatos
1752 4499 1832 4556 esse,
1861 4479 1938 4562 quia
1965 4500 2000 4543 se
2029 4480 2250 4563 ingesserunt.
2297 4480 2364 4545 Re-

360 4539 427 4602 oel'*
454 4519 531 4618 ‘llll’
566 4523 594 4583 el
619 4539 677 4583 ’'⁰''
707 4519 852 4600 mulus
878 4540 950 4585 Μ
978 4541 1048 4619 ptem
1076 4542 1089 4618 l
1113 4539 1154 4584 ²⁸·
1189 4541 1337 4620 ”mm
1361 4558 1363 4569 '
1389 4558 1530 4639 quiritur
1564 4560 1673 4644 itaque
1702 4565 1838 4640 vocatio,
1893 4565 2025 4629 uoniam
2055 4565 2146 4630 Deus
2177 4565 2259 4629 nihil
2292 4567 2365 4632 vult

359 4605 514 4670 modoet
530 4601 605 4688 (hoc
621 4609 672 4668 est
686 4603 891 4688 mendacem)
910 4610 937 4670 ot
951 4605 1183 4684 detrectabam
1207 4610 1234 4670 ot
1250 4627 1337 4706 oeae
1360 4590 1363 4703 l
1555 4646 1569 4708 f
1872 4585 1893 4713 3

360 4696 451 4756 totam
484 4690 549 4773 (vel
583 4709 652 4754 rem
682 4688 791 4776 nihili)
827 4696 854 4755 ct
884 4691 1030 4772 fraudem
1059 4690 1162 4756 cordis
1191 4691 1245 4756 sai
1272 4713 1337 4773 aper
1389 4665 1459 4709 ⁰⁸⁸⁶
1492 4666 1550 4709 ⁰⁰¹³
1568 4667 1680 4744 ¹¹.⁸¹¹m’
1712 4647 1765 4712 val
1799 4650 1872 4747 ³3²⁰*
1896 4651 2022 4714 imm
2056 4649 2091 4748 ln
2124 4672 2183 4748 ΒΨ
2216 4651 2363 4753 ⁰⁰⁰l⁰⁸,l³·

355 4776 543 4860 prophetant
564 4774 659 4840 vobis·
1094 4809 1096 4813 ⁸
1389 4728 1514 4794 Verum
1538 4728 1667 4812 quidem
1698 4743 1747 4797 est
1774 4733 1872 4800 fuisse
1901 4734 2196 4800 extraordinariam
2220 4751 2364 4805 vocatio·

1391 4835 1464 4880 nem
1487 4814 1655 4881 Ieremias.
1700 4817 1784 4882 Nam
1808 4821 1835 4884 si
1858 4826 1963 4886 status
1985 4821 2139 4887 ecclesiae
2161 4823 2279 4890 luisset
2302 4829 2364 4891 rite

448 4897 545 4964 Nunc
579 4896 699 4962 clarius
728 4894 880 4961 videmus
910 4915 969 4959 cur
999 4895 1158 4976 propheta
1188 4895 1337 4960 retulerit
1390 4899 1601 4982 compositus,
1635 4923 1783 4968 summus
1815 4904 1964 4971 sacerdos
1998 4908 2167 4992 religionis
2199 4921 2232 4973 et
2261 4933 2364 4994 purae

360 5004 457 5050 suam
487 4981 736 5064 querimoniam,
766 4989 798 5045 et
825 4981 923 5047 simul
955 4979 1214 5062 admirationem,
1244 4981 1337 5046 cuiue
1390 4984 1553 5050 doctrinae
1576 4987 1713 5052 antistas
1735 4988 1859 5067 fuisset,
1882 4991 1937 5072 qui
1962 4990 2155 5059 adversatus
2177 5007 2226 5060 est
2248 5007 2364 5064 sancte

361 5070 450 5134 eolus
468 5068 561 5133 Deus
579 5070 686 5134 fuerat
704 5069 812 5133 testis:
836 5086 952 5148 nempe
971 5074 1007 5129 ut
1026 5066 1164 5147 populus
1183 5067 1338 5131 attentior
1363 5067 1365 5074 ’
1391 5068 1453 5133 Dei
1476 5090 1581 5134 servo.
1618 5070 1690 5136 Imo
1708 5072 1773 5152 alii,
1796 5085 1833 5139 ut
1852 5079 1960 5154 Amos,
1984 5099 2002 5143 e
2020 5080 2114 5162 plebe
2132 5085 2256 5164 sumpti
2274 5095 2362 5150 sunt.

361 5163 446 5222 esset
463 5155 503 5218 ad
520 5154 605 5220 hanc
620 5154 881 5220 admonitionem.
906 5150 993 5217 Nam
1009 5151 1036 5215 si
1049 5159 1177 5215 tantum
1190 5148 1336 5232 dixisset,
1390 5154 1492 5237 Atqui
1514 5177 1579 5220 non
1601 5155 1655 5220 alii
1678 5160 1783 5242 magis
1805 5161 1911 5226 idonei
1941 5175 2035 5228 erant
2065 5167 2106 5231 ad
2138 5189 2259 5236 munes
2288 5191 2363 5252 pro-

361 5242 540 5325 prophetae
559 5262 615 5306 vos
638 5240 811 5324 decipiunt,
835 5243 868 5304 et
882 5238 975 5302 Deus
992 5236 1062 5300 vtrlt
1078 5237 1138 5300 hcc
1154 5237 1245 5303 vobis
1267 5257 1337 5303 esse
1361 5275 1365 5368 p
1391 5240 1554 5321 pheticum
1578 5263 1674 5323 quam
1697 5245 1889 5312 sacerdotes.
1934 5249 2041 5315 Erant
2062 5252 2151 5318 enim
2171 5255 2280 5341 angeli
2300 5256 2364 5321 Dei

362 5337 486 5405 notum,
511 5346 577 5391 non
600 5335 667 5392 tam
690 5327 807 5392 efficax
830 5325 944 5391 luisset
972 5321 1084 5398 oratic,
1114 5321 1209 5386 sicuti
1238 5343 1336 5404 quum
1390 5325 1601 5408 exercituum,
1624 5328 1893 5409 quemadmodum
1918 5335 2037 5400 dicitur
2058 5338 2144 5421 apud
2164 5340 2363 5409 Malachiam
