5118 6136
201 425 265 492 645
892 421 941 486 IN
963 421 1213 490 IuauMIAM.
1258 423 1356 490 uAP.
1380 423 1513 491 XXXI.
2138 437 2202 503 646

199 614 234 679 in
252 633 318 695 qua
334 611 525 679 exhibuerat
549 612 676 696 insigne
698 611 928 676 documentum
951 631 1030 676 suae
1052 611 1174 677 miseri·
1227 621 1259 678 et
1283 611 1463 692 diuturnos,
1485 623 1518 679 et
1540 614 1738 697 multiplices
1761 616 1861 684 fuisse
1885 640 2075 703 progressus
2098 623 2202 690 bono·

200 699 339 772 eordiae,
368 698 511 764 ostendit
532 697 704 762 fundatam
727 698 825 764 luisse
847 697 881 760 in
903 695 1076 779 adoptione
1098 718 1174 780 gra·
1227 719 1299 762 rum
1333 719 1417 781 quae
1449 699 1597 781 patribus
1632 701 1697 766 tuis
1730 703 1862 770 eontuli.
1916 704 2013 772 Nune
2048 713 2202 778 tenemus

202 787 294 864 tuita,
326 804 407 868 quae
430 805 495 849 non
520 791 650 848 tantum·
676 782 776 848 unius
801 782 877 847 anni
906 788 991 856 erat,
1019 783 1076 848 sed
1101 803 1179 866 per·
1228 783 1406 867 genuinum
1437 803 1569 850 sensum
1597 787 1785 868 prophetae.
1830 789 1869 856 Si
1892 791 1965 873 quis
1986 796 2199 873 praeteritum

202 882 318 956 petuas
341 869 531 936 durationis.
571 867 731 933 Videmus
753 889 831 950 ergo
853 879 890 930 ut
911 869 1055 952 surrigat
1083 868 1172 932 illam
1227 880 1354 951 tempus
1377 869 1471 933 malit
1490 883 1617 936 vertere
1634 871 1669 936 in
1688 873 1832 940 futurum
1856 895 1920 940 non
1940 898 2096 961 repugno,
2120 880 2201 948 Ideo

202 957 426 1024 detestabilem
471 954 582 1039 populi
627 952 879 1035 blasphemiam,
926 974 1043 1036 nempe
1087 951 1172 1035 quod
1227 954 1415 1036 protraham
1436 954 1487 1019 vel
1506 957 1676 1022 extendam
1699 979 1777 1041 erga
1796 971 1828 1024 te
1846 982 1951 1026 meam
1974 963 2199 1032 elementiam:

202 1043 333 1125 adoptio
366 1061 461 1107 eausa
500 1041 613 1106 luisset
648 1040 860 1105 liberationis.
917 1040 962 1104 Et
996 1039 1048 1104 hio
1080 1039 1173 1105 loous
1226 1040 1325 1104 etiam
1347 1040 1403 1103 ille
1429 1060 1544 1106 sensus
1576 1040 1655 1108 bene
1687 1043 1871 1126 quadrabit.
1915 1047 1981 1112 Sed
2006 1059 2043 1114 ut
2064 1071 2197 1116 suman·

201 1130 374 1212 diligenter
395 1126 557 1192 notandus
575 1135 634 1190 est.
668 1125 789 1190 Statim
813 1126 900 1189 enim
919 1125 1057 1188 veniunt
1081 1123 1173 1188 nobis
1227 1135 1281 1189 tur
1302 1123 1494 1208 simplieiter
1513 1129 1612 1192 verba
1633 1128 1782 1194 videmus
1803 1152 1862 1197 our
1884 1132 2016 1199 adiieiat
2039 1137 2199 1217 propheta

201 1219 236 1280 in
274 1223 416 1278 mentem
452 1232 627 1296 perversae
664 1212 745 1276 istae
784 1211 1033 1294 imaginationes
1072 1231 1171 1292 quum
1227 1211 1290 1275 Dei
1308 1209 1509 1276 elementiam
1529 1211 1629 1278 fnisse
1648 1219 1854 1299 protraotam,
1877 1239 1994 1300 nempe
2012 1231 2049 1284 ut
2069 1221 2199 1287 ludaeis

201 1301 340 1384 legimns
372 1297 425 1364 vel
458 1296 607 1362 audimus
640 1317 738 1378 quam
767 1296 859 1362 varie
892 1305 925 1360 et
957 1305 1037 1378 quot
1069 1295 1175 1360 modis
1226 1296 1494 1378 ingratitudinem
1526 1319 1619 1363 suam
1646 1299 1830 1381 exprobret,
1863 1303 1947 1384 quod
1972 1304 2126 1372 benefioia
2150 1317 2199 1372 tot

201 1386 300 1452 luerit
319 1386 408 1450 Deus
431 1383 614 1449 miserirors
637 1401 716 1464 erga
738 1381 894 1465 populum
917 1400 1029 1447 sunm:
1054 1381 1116 1457 Ilo,
1139 1381 1171 1444 id
1226 1381 1362 1448 saeeulis
1387 1384 1544 1464 praestita
1567 1404 1632 1448 non
1656 1387 1851 1467 expandent.
1898 1387 2061 1470 Sequitur,

200 1475 323 1538 lautum
344 1470 406 1534 tuit
427 1469 514 1543 olim,
537 1467 594 1533 sed
618 1469 779 1533 neseimus
801 1489 843 1532 an
862 1465 947 1532 idem
968 1477 1100 1532 maneat
1112 1465 1172 1531 Dei

201 1555 388 1624 eonsilium:
423 1553 541 1620 deinde
570 1554 631 1619 hoo
659 1552 796 1618 eontulit
820 1553 922 1618 veteri
950 1553 1081 1636 populo,
1114 1551 1171 1616 sed
1310 1553 1340 1618 4.
1372 1553 1484 1620 Adduo
1514 1555 1681 1634 oedificabo
1709 1563 1752 1640 te,
1784 1564 1811 1622 et
1841 1559 2058 1641 aedificaberis
2084 1563 2197 1643 puella

202 1643 364 1710 uesnimus
387 1661 429 1704 an
452 1639 493 1706 ad
516 1659 575 1703 nos
597 1637 731 1703 extendi
759 1637 810 1705 vel
838 1641 939 1721 possit
967 1639 1018 1704 vel
1046 1637 1170 1702 debeat.
1225 1639 1347 1704 Israel:
1377 1639 1478 1704 mter
1505 1640 1666 1706 andeis
1691 1645 1850 1725 tympania
1878 1647 1951 1728 tais,
1982 1652 2011 1711 et
2031 1648 2132 1714 euthia
2160 1651 2197 1716 ia

201 1729 259 1796 Sia
292 1727 438 1792 diabolus
470 1725 593 1808 ingerit
626 1725 718 1790 nobis
750 1745 809 1789 sua
846 1726 966 1790 astutIa
1002 1743 1172 1806 perversas
1224 1723 1331 1790 atuor
1352 1725 1531 1790 ludentium.

201 1816 275 1880 illas
297 1812 560 1897 imaginationes,
589 1831 672 1892 quae
698 1808 861 1892 abripiant
888 1829 1020 1876 rursum
1047 1810 1172 1892 gratiae

200 1901 280 1976 Dei,
310 1919 351 1962 ne
374 1897 496 1963 adnos
519 1917 620 1978 usque
651 1897 831 1979 perveniat.
876 1896 965 1980 Ergo
995 1895 1172 1962 sufferatur
1310 1895 1383 1960 Hoo
1420 1916 1518 1962 versu
1558 1902 1765 1983 prosequitur
1801 1902 1956 1968 Ieremias
1995 1905 2081 1986 quod
2119 1921 2196 1972 unte

202 1986 265 2052 Dei
291 1985 398 2068 gratia
425 2004 524 2066 quum
548 1984 595 2047 ita
617 2001 676 2046 nos
704 2001 893 2062 separamus
915 2003 935 2045 a
954 1981 1111 2063 patribus,
1141 1986 1174 2044 et
1226 1980 1320 2061 dixit,
1352 2001 1468 2064 nempe
1496 1985 1647 2064 quamvis
1677 1987 1811 2070 longum
1834 1997 1920 2053 esset
1943 1999 2071 2072 tempus
2094 2011 2196 2056 anuo·

200 2071 351 2137 omnihus
382 2070 452 2134 siue
479 2067 592 2141 servis,
625 2087 703 2150 erga
732 2088 813 2149 quos
840 2087 876 2132 se
903 2067 950 2134 ita
979 2067 1173 2132 elementem
1227 2089 1298 2131 rum
1323 2067 1373 2150 tu,
1409 2068 1515 2133 Deum
1550 2079 1659 2136 tamen
1692 2073 1760 2137 fore
1789 2073 1944 2140 eoelesiae
1977 2074 2195 2144 liberatorem.

199 2165 353 2240 praestat.
383 2154 462 2219 Ideo
481 2154 561 2219 haee
577 2152 725 2219 doetrina
740 2153 887 2235 apprime
904 2153 996 2218 utilis
1010 2161 1061 2217 est
1075 2171 1173 2235 quum
1227 2153 1311 2217 Nam
1340 2161 1466 2236 poterat
1492 2154 1690 2224 diuturnitas
1719 2159 1876 2239 temporis
1902 2160 2112 2242 exstinguere
2139 2183 2196 2244 po·

199 2241 358 2327 propheta
380 2240 523 2305 ostendit
546 2237 702 2321 quidquid
727 2259 871 2320 unquam
893 2237 985 2302 Deus
1015 2237 1173 2302 bonorum
1227 2237 1296 2320 puli
1325 2238 1438 2318 fidem,
1469 2249 1505 2303 ut
1533 2239 1606 2306 fieri
1635 2243 1726 2309 solet.
1777 2244 1843 2310 Ubi
1873 2245 1961 2310 enim
1991 2246 2073 2311 nibil
2104 2248 2197 2314 noble

202 2327 340 2396 eontulit
362 2325 465 2390 veteri
494 2324 625 2407 populo,
656 2323 715 2390 hoo
738 2323 855 2388 debere
882 2323 970 2388 trahi
997 2322 1037 2387 ad
1061 2321 1174 2388 foedus
1226 2334 1361 2406 apparet
1388 2335 1515 2405 praeter
1538 2326 1660 2391 nudum
1683 2331 1830 2405 verbum,
1861 2343 1894 2394 et
1915 2329 1955 2395 de
1977 2332 2029 2396 die
2050 2332 2086 2396 in
2110 2333 2196 2398 diem

200 2413 395 2498 gratuitum:
431 2410 543 2475 foedus
572 2419 683 2474 autem
713 2409 795 2474 illud
823 2430 893 2474 esse
921 2418 1107 2473 aeternum:
1141 2420 1174 2473 et
1228 2410 1345 2491 repetit
1376 2409 1468 2476 Deus
1501 2411 1631 2476 easdem
1665 2415 1910 2497 promissiones,
1948 2430 2101 2498 putamus
2134 2417 2196 2486 hoo

177 2500 272 2582 ,ideo
295 2519 360 2562 non
383 2517 454 2562 esse
477 2493 692 2560 dubitandum
715 2495 793 2576 quin
809 2493 900 2559 Deus
923 2494 1019 2560 hodie
1042 2505 1173 2574 paratus
1227 2517 1297 2562 esse
1320 2495 1440 2561 nullius
1462 2498 1635 2562 momenti:
1659 2499 1776 2566 deinde
1797 2522 1895 2583 quum
1920 2502 2040 2567 malum
2064 2501 2196 2586 aliquod

200 2586 243 2650 sit
264 2583 305 2648 etl
330 2584 470 2649 salutem
495 2581 641 2646 omnium
667 2579 803 2660 piorum.
847 2579 932 2644 Nam
955 2589 1067 2646 manet
1088 2601 1172 2645 sem·
1227 2581 1382 2659 invaluit,
1413 2591 1567 2663 putamus
1588 2583 1653 2650 iam
1675 2607 1788 2652 omnes
1810 2588 1882 2651 vias
1904 2586 1976 2652 Deo
2004 2609 2074 2653 esse
2104 2609 2197 2670 prae·

200 2691 259 2753 per
280 2668 377 2751 idem,
412 2687 517 2750 nsque
550 2665 716 2732 mutabilis
738 2674 806 2730 est:
839 2665 958 2731 deinde
985 2665 1055 2730 vult
1081 2685 1172 2732 suam
1226 2666 1342 2744 elusus,
1374 2686 1414 2731 ne
1437 2668 1538 2749 possit
1568 2670 1746 2736 remedium
1761 2672 1909 2737 afferre:
1940 2674 2096 2738 metimur
2125 2675 2196 2739 eius

200 2755 298 2822 fidem
317 2761 351 2820 et
368 2752 585 2821 eonstantiam
608 2752 716 2818 luoere
734 2752 769 2815 in
785 2751 921 2827 loedere,
945 2752 1031 2834 quod
1050 2752 1175 2835 pepigit
1226 2754 1407 2836 potentiam
1441 2767 1552 2818 nostro
1586 2757 1726 2822 modulo.
1781 2758 1824 2821 Et
1853 2759 1929 2842 qula
1958 2779 2030 2824 sero
2061 2759 2101 2824 ad
2136 2780 2196 2826 nos

199 2863 273 2907 oum
301 2839 444 2906 eoelesia.
491 2837 602 2918 Quum
630 2857 708 2920 ergo
738 2837 851 2902 foedus
874 2839 938 2903 Dei
964 2839 1006 2902 sit
1035 2837 1173 2903 inviola·
1226 2839 1379 2915 ooourrit,
1407 2838 1482 2920 quie
1504 2840 1627 2920 patitur
1648 2841 1815 2906 hominem
1838 2843 1890 2907 vel
1915 2845 2026 2909 morbo
2049 2845 2100 2910 vel
2124 2845 2198 2910 aliis

200 2927 274 3004 bile,
305 2946 410 3008 neque
433 2926 537 3008 possit
558 2923 683 2998 eollabi,
711 2923 809 2988 etiam
832 2923 860 2990 si
883 2923 1006 2989 eoelum
1030 2934 1064 2989 et
1086 2933 1174 2987 terra
1226 2924 1321 2990 malis
1343 2922 1399 2988 diu
1421 2925 1542 3002 oonfioi,
1565 2926 1611 2990 ita
1632 2928 1729 2992 etiam
1752 2929 1971 3012 imaginamur
1986 2929 2094 2995 Deum
2114 2952 2197 2996 uun·

200 3013 409 3090 minabantur,
432 3010 504 3075 ideo
524 3019 612 3075 nerto
632 3010 778 3091 persuasi
800 3008 904 3074 simus
927 3029 1054 3092 semper
1067 3009 1171 3074 Deum
1225 3027 1324 3092 quam
1347 3017 1522 3076 venturum
1550 3011 1583 3074 in
1608 3023 1762 3096 tempore,
1792 3014 1847 3079 nbi
1872 3013 1995 3081 diutius
2025 3017 2197 3100 suspendit

200 3099 269 3162 lore
299 3097 391 3162 nobis
424 3095 645 3160 liberatorem:
680 3097 803 3178 quare?
838 3105 949 3160 manet
983 3096 1070 3159 enim
1103 3095 1173 3160 eius
1225 3117 1316 3162 suam
1341 3095 1491 3178 gratiam,
1515 3116 1552 3161 aa
1570 3096 1680 3163 differt
1700 3120 1797 3181 quem
1817 3100 1985 3166 vellemus.
2018 3101 2108 3184 Ergo
2126 3123 2197 3185 pro·

200 3182 330 3249 foedus:
365 3180 510 3246 manebit
542 3181 641 3264 igitur
674 3183 744 3244 eius
774 3180 919 3262 potentia
947 3179 988 3244 ad
1017 3200 1076 3244 uos
1104 3200 1173 3244 ser·
1225 3182 1325 3264 pheta
1355 3179 1407 3246 hle
1430 3179 1517 3260 dieit,
1546 3182 1647 3250 adhue
1676 3184 1846 3265 oedificabo
1868 3191 1905 3265 te,
1934 3191 1963 3250 et
1984 3187 2198 3268 aedificaberis

201 3267 334 3334 vandos.
386 3266 452 3331 Hio
484 3272 535 3332 est
568 3287 645 3331 usus
678 3265 777 3331 buius
810 3267 998 3332 sententiae.
1053 3265 1174 3330 Postea
1224 3267 1315 3348 sirpo
1338 3265 1457 3332 Israel:
1487 3275 1608 3350 postea,
1635 3268 1739 3336 adhue
1759 3270 1921 3338 ornaberis
1941 3273 2006 3338 heis
2027 3274 2195 3357 tympania.

200 3353 348 3437 sequitur
363 3352 574 3429 confirmatio,
593 3351 670 3417 Ideo
678 3353 828 3432 protram
842 3371 915 3434 erpo
930 3356 957 3416 te
971 3351 1172 3418 elementiam.
1226 3351 1413 3435 Opponitur
1430 3351 1484 3418 hio
1501 3353 1657 3436 gaudium
1682 3358 1828 3437 moerori,
1851 3379 1913 3439 quo
1930 3359 2069 3441 populns
2090 3360 2197 3442 oppri-

199 3439 282 3504 Dixi
305 3436 401 3503 aliter
423 3440 507 3503 verti
531 3443 564 3502 et
586 3438 705 3519 exponi
733 3437 821 3502 buno
844 3437 967 3502 looum:
1001 3437 1058 3502 sed
1088 3436 1174 3501 nihil
1226 3439 1365 3504 meudus
1399 3451 1468 3502 erat
1498 3439 1534 3502 in
1564 3440 1695 3520 exsilio,
1728 3452 1762 3506 et
1792 3441 1902 3524 aliqua
1934 3464 1976 3508 ex
2006 3455 2098 3526 parte
2130 3447 2197 3510 iam

200 3537 250 3590 est
269 3524 412 3601 dilutius,
430 3543 527 3606 quam
545 3522 572 3587 si
591 3522 746 3600 dieamus,
765 3523 924 3588 Abstraxi
943 3523 1171 3588 teolementia.
1226 3543 1399 3606 oppressus
1429 3533 1508 3587 erat.
1553 3525 1702 3590 Fuerant
1735 3529 1822 3592 euim
1852 3529 1949 3594 multi
1978 3531 2012 3594 in
2044 3529 2196 3596 exsilium

200 3610 289 3692 Quid
308 3610 424 3675 hooad
441 3607 694 3693 perpetuitatem
714 3607 843 3684 amoris,
861 3607 967 3673 velud
984 3609 1171 3673 eontinuum
1226 3608 1366 3676 abdueti.
1411 3607 1585 3675 Caeterum
1615 3612 1764 3694 figuratis
1794 3613 1946 3696 loquendi
1978 3615 2089 3680 formis
2117 3636 2197 3699 gau·

199 3705 342 3762 traotum
360 3705 392 3759 et
410 3693 642 3778 progressum?
666 3692 732 3760 Sed
750 3693 872 3777 optime
894 3694 1068 3759 eonveniet
1090 3693 1173 3759 alter
1227 3692 1316 3759 dium
1340 3705 1372 3758 et
1394 3692 1551 3759 laetitiam
1575 3698 1730 3780 exprimit
1749 3698 1903 3765 Ieremias
1919 3720 1980 3781 per
2001 3704 2198 3782 temporanei

199 3801 324 3859 seusus,
355 3782 442 3863 quod
463 3781 588 3846 soilioet
610 3778 701 3846 Deus
732 3779 929 3861 protraxerit
953 3778 993 3844 ad
1017 3779 1171 3846 Israelem
1222 3799 1281 3860 per
1302 3779 1410 3846 ueros
1441 3780 1623 3846 ladettt'am.
1667 3782 1751 3848 Nam
1780 3785 1835 3850 ubi
1864 3785 2042 3867 prophetae
2071 3786 2197 3853 denun·
2317 3791 2318 3795 ’

199 3887 295 3933 suem
331 3867 556 3933 elementiam:
596 3865 818 3931 subaudienda
855 3875 905 3929 est
942 3875 1069 3930 tantum
1108 3886 1173 3930 una
1227 3866 1310 3930 tiant
1333 3866 1396 3940 Dei
1420 3865 1610 3945 viudiotam,
1640 3868 1748 3933 solent
1776 3868 1892 3946 disere,
1922 3870 2072 3936 Cessabit
2101 3893 2197 3938 omne

199 3953 312 4019 litera:
343 3951 400 4019 sed
429 3952 488 4017 hoc
518 3972 649 4018 sensum
681 3971 746 4016 non
776 3947 928 4032 impedit:
962 3959 995 4014 et
1018 3951 1097 4016 tales
1126 3950 1172 4015 lo·
1227 3949 1381 4036 gaudium
1404 3950 1572 4029 intervos,
1603 3973 1669 4018 non
1688 3954 1808 4021 ludatis
1831 3955 1972 4037 amplius
1992 3957 2042 4022 rel
2060 3957 2196 4036 eithara,
2299 3977 2303 3986 ·

199 4039 320 4122 quendi
348 4040 469 4104 formae
492 4037 613 4120 passim
636 4036 712 4100 alibi
736 4035 955 4118 reperiuntur.
1000 4036 1090 4100 Dioit
1111 4037 1173 4120 igi·
1227 4038 1278 4102 vel
1302 4037 1374 4102 aliis
1403 4037 1535 4103 musteis
1564 4039 1704 4122 organis.
1749 4041 1802 4105 Ita
1824 4042 1923 4106 etiam
1946 4041 2007 4107 hoo
2029 4043 2098 4108 loeo
2121 4042 2199 4108 dioit

201 4133 268 4204 tur,
298 4123 386 4204 Quia
406 4124 597 4206 eomplexus
620 4124 662 4188 sit
685 4122 839 4186 Israelem
870 4143 980 4186 amore
1007 4135 1171 4206 perpetuo,
1226 4123 1384 4188 Ieremias
1405 4122 1567 4196 redituros
1589 4145 1660 4190 esse
1683 4125 1724 4192 ad
1744 4137 1902 4210 tympana
1925 4140 1957 4192 et
1975 4127 2117 4206 ohoreas,
2142 4129 2198 4194 ubi

200 4211 271 4277 ideo
292 4230 325 4275 ae
347 4211 494 4292 traxeras,
524 4210 573 4273 vel
596 4208 784 4274 extendisse
805 4207 1004 4290 mulam,
1033 4207 1110 4289 quia
1132 4229 1174 4273 ex
1228 4207 1318 4273 Deus
1354 4209 1440 4291 ipsos
1477 4211 1657 4275 restituerit
1690 4211 1725 4275 in
1758 4213 1910 4296 patriam.
1966 4213 2098 4279 Interea
2130 4234 2196 4279 non

185 4317 265 4380 ·quo
294 4295 452 4378 populum
481 4295 647 4377 eripuerat
673 4315 691 4358 e
714 4293 888 4376 tyrannide
911 4293 1109 4368 Pharaonis,
1140 4299 1173 4358 et
1227 4294 1381 4360 debemus
1415 4303 1563 4376 torquere
1597 4297 1658 4362 hoo
1688 4297 1865 4380 prophetae
1900 4299 2123 4364 testimonium
2155 4298 2196 4364 ad

201 4383 329 4448 aluerat
350 4382 394 4446 40
415 4381 509 4446 aunis
532 4380 567 4444 in
590 4379 728 4462 deserto,
759 4380 866 4444 fuerat
887 4379 1000 4444 multis
1023 4378 1095 4445 aliis
1119 4380 1172 4446 be·
1226 4382 1446 4446 excusandam
1470 4382 1637 4462 profanam
1661 4382 1838 4461 lasciviam,
1868 4404 1933 4466 qua
1953 4384 2018 4450 Dei
2041 4384 2197 4451 benefioIa

200 4469 325 4533 nefioiie
356 4477 579 4550 prosequutus.
625 4463 754 4545 Quibus
784 4464 871 4529 enim
895 4465 1038 4530 vietoriis
1065 4465 1173 4548 ipsum
1226 4476 1441 4548 eorrumpuut
1465 4466 1591 4548 profani
1614 4467 1771 4536 homines.
1816 4469 1930 4552 Neque
1951 4471 2039 4535 enim
2061 4481 2198 4553 possunt

201 4552 356 4618 donarit?
389 4550 507 4616 deiude
535 4550 659 4632 quoties
689 4551 840 4616 misertus
863 4558 913 4616 est
935 4550 1059 4633 ipsIus?
1096 4551 1174 4615 Non
1225 4573 1358 4619 servare
1391 4552 1492 4616 ullam
1522 4554 1773 4634 temperantiam
1804 4555 1838 4618 in
1868 4555 2006 4635 laetitia,
2039 4557 2097 4622 sed
2126 4576 2197 4622 sese

201 4639 325 4704 destitit
352 4638 453 4720 igitur
474 4636 567 4701 Deus
590 4657 608 4700 a
631 4637 783 4704 eontinuo
806 4645 910 4720 trautu
934 4637 1172 4702 miserirordiae
1225 4638 1409 4721 proiieiunt,
1432 4645 1464 4703 et
1482 4638 1528 4702 ita
1550 4637 1723 4704 lasciviunt
1746 4639 1903 4704 adversus
1921 4640 2039 4705 Deum.
2071 4641 2115 4706 Et
2132 4640 2196 4706 hue

201 4744 331 4807 exque
358 4723 459 4788 semel
488 4722 606 4804 populo
637 4743 770 4787 manum
800 4731 996 4806 porrexerat.
1041 4722 1085 4788 Et
1111 4721 1173 4788 hoo
1226 4723 1365 4790 tendunt
1382 4743 1493 4788 omues
1512 4722 1656 4802 eboreae,
1678 4745 1792 4791 omnes
1808 4725 1937 4791 sonitus
1955 4737 2196 4809 tympanorum,

199 4831 298 4877 seusu
321 4810 442 4892 optime
465 4807 586 4873 dieitur
609 4808 748 4873 traxisse
769 4809 985 4885 elementiam,
1008 4807 1083 4889 quia
1106 4829 1172 4873 non
1226 4809 1312 4892 quod
1340 4809 1463 4875 soilieet
1490 4829 1561 4874 sese
1590 4809 1854 4893 obstupefaoiunt
1884 4811 2008 4893 profani
2036 4809 2195 4878 homines.

200 4902 330 4961 tantum
361 4915 425 4960 uno
451 4893 502 4959 die
527 4894 577 4960 rel
606 4914 691 4958 anno
721 4893 900 4976 propitium
930 4913 965 4958 se
994 4893 1172 4958 ostenderit
1227 4894 1340 4959 Noluit
1365 4893 1468 4978 igitur
1491 4893 1649 4976 propheta
1672 4897 1755 4962 hano
1777 4895 1942 4961 lieentiam
1966 4896 2043 4960 dare
2065 4897 2195 4981 populo.

200 4979 372 5059 Israelitis,
402 4980 459 5046 sed
482 5001 540 5061 per
562 4978 828 5063 quadringentos,
860 4979 1066 5062 quingentos,
1097 4999 1170 5044 sex·
1225 4980 1309 5045 Nam
1344 5000 1473 5062 semper
1508 4981 1667 5046 memoria
1703 4981 1880 5048 tenendum
1917 4990 1968 5046 est
2001 4983 2087 5064 quod
2123 4983 2197 5049 beri

199 5075 312 5133 uentos
340 5086 444 5130 annos
470 5086 505 5130 se
532 5066 672 5131 eundem
704 5064 908 5130 exhibuerit:
942 5072 975 5129 et
1000 5064 1047 5129 ita
1074 5066 1171 5131 etiam
1226 5064 1316 5145 dixit,
1346 5066 1507 5130 exituram
1537 5087 1607 5131 esse
1630 5086 1743 5133 vooem
1773 5064 1879 5133 laudis
1901 5068 1935 5132 in
1957 5068 2085 5150 gaudio.
2130 5068 2196 5135 Per

199 5154 321 5236 optime
344 5151 506 5216 refellitur
522 5151 579 5215 illa
597 5152 748 5236 impietas
765 5149 887 5234 populi,
910 5154 944 5214 et
962 5149 1170 5232 blasphemia,
1224 5156 1374 5234 tympana
1394 5151 1496 5234 igitur
1518 5156 1546 5216 et
1561 5151 1682 5235 eborea,
1705 5152 1861 5236 intelligit
1882 5160 2004 5219 uastam
2026 5153 2195 5233 laetitiam,

200 5239 287 5322 quod
309 5236 388 5303 olim
410 5243 606 5321 apparuerat
625 5238 728 5304 Deus:
752 5238 827 5314 imo,
849 5236 964 5318 inquit,
988 5236 1051 5302 nisi
1074 5237 1171 5302 nimis
1225 5249 1258 5301 et
1287 5257 1370 5318 quae
1404 5237 1576 5304 eoniunuta
1605 5249 1656 5304 est
1685 5259 1759 5304 oum
1788 5236 1939 5304 laudibus
1967 5237 2031 5306 Dei
2059 5249 2093 5306 et
2121 5259 2196 5308 oum

200 5323 344 5409 maligne
366 5322 550 5406 supprimas
573 5344 645 5389 mea
668 5324 835 5407 benefioia,
866 5321 1028 5407 intelliges
1057 5322 1172 5408 longos
1224 5323 1381 5389 saerilieio
1404 5323 1583 5408 gratiarum
1605 5325 1751 5392 aetionis.
1795 5323 1916 5390 Postea
1938 5325 2094 5407 sequitur,

1938 5426 1989 5480 41*
