5134 6124
345 383 407 450 199
1156 378 1545 449 PRAELEO'HONES
2284 382 2346 448 200

344 574 400 641 ubi
431 581 541 639 autem
572 571 663 638 nulla
690 580 741 638 est
769 591 844 654 spes
873 569 1039 653 sanitatis,
1073 570 1203 636 videtur
1229 569 1322 637 Deus
1376 576 1405 635 et
1427 570 1626 651 iniquitatem
1652 573 1783 650 punam
1805 574 1990 646 nostrorum,
2021 571 2103 653 qaod
2125 571 2240 638 scilicet
2262 570 2349 638 scete·

344 661 475 726 irritum
516 660 621 725 facere
662 656 747 740 quod
781 656 945 739 pollicitus
978 666 1035 720 est.
1092 657 1182 741 Ergo
1215 659 1323 740 pergit
1374 657 1441 721 rati
1472 675 1575 721 omnes
1607 655 1711 722 simus
1745 655 1912 722 ιιιινιιιιι
1945 661 1981 722 te.
2037 655 2107 722 Iam
2142 659 2350 740 exposuimus

245 800 247 804 .
345 746 532 813 ratiocinari
554 743 711 810 Ieremias
738 741 778 807 ab
801 742 959 808 absurdo:
990 742 1082 824 qnasi
1106 742 1227 808 diceret
1249 739 1320 807 fieri
1375 742 1486 826 paucis
1509 740 1617 808 verbis
1640 741 1819 825 prophetae
1841 741 2025 821 consilium,
2048 764 2165 827 nempe
2189 744 2243 810 uhi
2261 742 2350 809 Deus

346 854 412 898 non
443 852 537 916 posse
565 840 602 896 ιιι
625 828 717 895 Deus
740 834 809 894 tam
832 829 957 893 duriter
980 827 1141 911 percutiat
1164 827 1322 911 populum
1376 848 1509 893 manum
1540 847 1632 892 suam
1663 835 1778 893 contra
1799 847 1859 891 nos
1881 827 2035 907 exseruit,
2066 851 2132 894 non
2160 830 2258 896 aliam
2282 851 2351 896 esse

347 939 452 996 suum,
483 917 560 1000 quin
589 915 754 998 relinquat
780 915 885 980 lucum
909 915 1033 995 veniae,
1063 915 1109 980 ita
1130 925 1167 980 ut
1189 913 1322 978 tandem
1375 934 1468 996 spem
1489 913 1608 978 salutis
1631 914 1694 978 nisi
1718 913 1753 978 in
1776 913 2011 995 resipiscentia
2052 913 2222 982 Confessio
2244 927 2350 981 autem

348 1014 509 1084 exoretur,
540 1011 575 1067 et
602 1013 698 1067 senet
725 999 811 1084 quod
842 1001 1010 1083 percussit.
1061 999 1324 1080 Exspectauimns
1376 1000 1430 1064 hic
1462 999 1596 1082 ponitur
1626 1019 1684 1081 pro
1715 999 1786 1081 ipsa
1815 1001 2023 1082 poenitentia.
2069 1001 2268 1086 Hypocritae
2297 1023 2351 1068 ora

342 1109 461 1178 posent,
490 1094 518 1155 et
547 1086 629 1154 nibil
657 1088 736 1170 boni,
768 1093 888 1170 tempus
910 1087 1097 1164 sanationis,
1127 1091 1238 1152 dcccc
1260 1091 1325 1150 tar·
1376 1085 1506 1169 quidem
1533 1086 1612 1150 satis
1641 1095 1720 1149 sunt
1746 1084 1897 1150 liberales
1920 1086 1956 1150 in
1980 1088 2174 1154 confitendis
2197 1089 2351 1172 peccatis:

347 1177 438 1260 butio,
470 1174 522 1240 vel
546 1185 661 1239 terror.
705 1173 797 1239 Haec
820 1180 986 1255 postrema
1008 1193 1084 1254 pars
1109 1192 1224 1236 versus
1247 1191 1322 1236 con·
1376 1171 1433 1238 sed
1462 1171 1622 1255 propheta
1650 1170 1704 1236 hic
1732 1170 1881 1253 loquitur
1903 1170 1944 1236 de
1966 1174 2051 1238 seria
2073 1173 2288 1240 confemione:
2318 1185 2353 1239 ιι

346 1265 457 1330 firmat
488 1261 573 1344 quod
597 1280 702 1343 nuper
725 1259 808 1323 dixi:
841 1257 1033 1341 prophetem
1058 1257 1182 1324 scilicet
1204 1257 1323 1340 partim
1376 1278 1435 1340 per
1458 1257 1695 1341 synecdochen,
1728 1267 1765 1321 ut
1788 1255 1866 1338 dixi,
1897 1256 1980 1323 aliae
2004 1270 2112 1341 partes
2134 1260 2353 1344 poeniteutiae

347 1348 509 1431 respicere
525 1348 633 1412 Deum
655 1345 691 1410 in
708 1345 775 1410 -hac
796 1344 951 1427 precandi
975 1345 1087 1422 forma,
1112 1345 1228 1427 partim
1245 1363 1323 1409 vero
1378 1343 1430 1410 hio
1452 1352 1619 1408 notantur.
1654 1341 1721 1408 Sed
1746 1341 1809 1408 huo
1829 1342 1934 1408 tendit
1949 1366 2086 1422 summe,
2110 1357 2147 1411 ut
2163 1345 2353 1428 suppliciter

348 1434 488 1500 Iudaeos
511 1431 749 1516 perstringere:
775 1431 926 1513 quoniam
951 1450 1104 1512 perversa
1126 1429 1246 1495 fiducia
1268 1428 1323 1493 de·
1377 1430 1418 1495 ad
1452 1428 1627 1512 petendam
1652 1430 1789 1494 veniam
1820 1430 2027 1513 confugiant:
2062 1432 2146 1515 quod
2181 1432 2254 1497 fieri
2288 1453 2354 1496 nou

349 1521 434 1604 cepti
467 1518 624 1602 putabant
652 1538 688 1583 se
717 1537 788 1583 esse
816 1525 910 1580 extra
939 1515 1135 1599 perieulum,
1170 1536 1207 1582 eo
1237 1513 1323 1599 quod
1377 1523 1484 1599 potest
1506 1516 1584 1597 quin
1607 1535 1642 1581 se
1664 1514 1753 1598 ipsos
1775 1514 1995 1582 condemnent
2015 1538 2123 1583 coram
2147 1518 2227 1596 Deo,
2252 1530 2287 1583 ut
2308 1519 2355 1583 ita

348 1606 585 1690 lerosolymam
620 1603 680 1670 sibi
710 1602 802 1668 Deus
836 1615 1072 1680 consecrasset,
1106 1614 1144 1666 ut
1175 1601 1243 1667 illic
1272 1601 1323 1665 in·
1377 1602 1593 1684 praeveniant
1620 1601 1690 1666 eius
1719 1599 1887 1666 iudicium.
1940 1603 1991 1668 De
2023 1609 2152 1685 patrum
2182 1604 2354 1687 iniquitate

349 1700 519 1758 vocaretur
549 1691 618 1756 eius
650 1709 785 1765 nomen,
818 1709 855 1754 ac
885 1687 1042 1770 templum
1074 1695 1162 1754 esset
1191 1697 1325 1752 aeterna
1377 1686 1532 1770 loquitur,
1557 1706 1622 1752 non
1639 1686 1723 1769 quod
1743 1687 1856 1752 fideles
1879 1690 2108 1754 extendendae
2127 1690 2355 1773 culpaecausa

349 1779 420 1845 eius
443 1777 545 1844 sedes.
591 1775 756 1857 Quoniam
780 1794 857 1858 ergo
878 1772 1011 1839 videbat
1033 1774 1126 1857 quasi
1147 1773 1324 1838 inebriatos
1378 1774 1433 1840 hic
1455 1773 1531 1838 inde
1561 1773 1666 1839 socios
1695 1783 1881 1839 accersant:
1917 1774 1973 1852 sed
2004 1774 2084 1841 haec
2115 1783 2165 1842 est
2194 1774 2355 1842 scelerum

348 1886 420 1932 esee
441 1884 516 1928 suos
540 1862 712 1947 populares
736 1861 797 1926 hac
819 1858 921 1924 stulta
943 1861 1103 1942 opinione,
1134 1860 1237 1925 voluit
1259 1857 1325 1923 illis
1378 1858 1581 1944 aggravatio,
1615 1879 1717 1940 quum
1752 1859 1898 1924 fatentur
1923 1881 1958 1926 se
1986 1883 2051 1926 non
2082 1867 2211 1928 tantum
2245 1883 2354 1929 eoram

347 1951 492 2017 breviter
521 1947 703 2029 ostendere,
733 1947 801 2012 fore
824 1945 895 2010 Deo
926 1946 1066 2029 aliquam
1092 1946 1253 2010 rationem
1276 1945 1326 2008 in·
1378 1947 1450 2011 Deo
1484 1965 1556 2010 reos
1587 1965 1667 2022 esse,
1701 1944 1757 2010 sed
1789 1945 1829 2010 ab
1860 1956 1954 2012 utero
1988 1947 2135 2014 attulisse
2169 1949 2230 2015 hoo
2262 1948 2356 2030 quasi
2423 2029 2424 2033 Ἰ

279 2079 281 2084 ,
349 2035 525 2120 cognitam,
550 2055 615 2116 qua
637 2033 788 2098 attidem
812 2043 968 2111 servaret,
998 2043 1032 2096 et
1055 2041 1163 2098 tamen
1187 2051 1325 2114 poenam
1378 2030 1643 2108 haereditarium,
1669 2041 1705 2095 ut
1724 2030 1815 2114 digni
1839 2043 1949 2097 essent
1970 2033 2116 2112 interitu,
2140 2034 2292 2116 quoniam
2316 2034 2356 2100 ab

350 2134 495 2187 sumeret
517 2119 556 2184 de
576 2120 686 2202 impiis
715 2129 747 2183 et
771 2117 1074 2204 transgressoribus.
1120 2117 1204 2183 Nam
1239 2115 1326 2199 quod
1379 2118 1488 2200 impiis
1518 2116 1666 2200 patribus
1696 2125 1793 2182 erant
1818 2119 1989 2202 progeniti.
2033 2120 2247 2204 Hypooritae,
2278 2119 2355 2185 dum

352 2207 440 2290 dicit,
463 2205 725 2289 Exspectabimus
742 2224 861 2286 pacem,
883 2209 911 2269 et
932 2225 993 2270 ιιι
1010 2202 1131 2282 bonnm,
1153 2213 1241 2270 certe
1260 2223 1326 2266 non
1380 2203 1531 2285 exempla
1560 2213 1690 2285 patrum
1716 2204 1748 2266 in
1772 2203 1916 2268 medium
1948 2207 2135 2289 proferunt,
2165 2213 2284 2290 putant
2304 2204 2357 2272 vel

350 2293 462 2359 laudat
485 2291 583 2357 fidem
605 2291 641 2355 in
663 2292 794 2373 populo,
818 2290 904 2372 quod
927 2290 1050 2355 scilicet
1072 2290 1148 2355 freti
1170 2289 1233 2354 Dei
1257 2308 1328 2372 pro·
1380 2311 1416 2354 se
1447 2289 1508 2354 hoc
1537 2287 1633 2354 modo
1663 2309 1756 2371 posse
1790 2288 1930 2370 absolvi,
1965 2290 2014 2356 vel
2049 2291 2165 2357 saltem
2200 2293 2356 2358 leviorem

351 2379 561 2445 missionibus
589 2377 741 2442 solatium
770 2375 969 2460 quaesierint
998 2377 1031 2439 in
1062 2377 1129 2441 suis
1156 2375 1266 2452 malis,
1296 2385 1329 2438 et
1381 2395 1452 2440 esse
1473 2394 1565 2440 suam
1589 2373 1726 2456 culpam,
1755 2375 1907 2457 quoniam
1931 2377 1992 2443 hoc
2016 2376 2189 2442 didicerint
2211 2398 2230 2442 a
2253 2378 2359 2460 prime

352 2466 557 2548 speraverint
579 2462 688 2528 Deum
720 2463 850 2526 taudem
881 2461 948 2526 fore
978 2460 1178 2525 exorabilem
1202 2472 1235 2525 et
1256 2481 1328 2543 pro·
1382 2461 1529 2543 pueritia,
1544 2459 1643 2543 'quod
1668 2460 1755 2526 mala
1777 2460 1925 2527 educatio
1948 2464 2036 2545 ipsos
2057 2463 2246 2547 perdiderit.
2292 2461 2360 2530 Sed

352 2553 484 2634 pitium:
518 2568 584 2613 non
619 2547 775 2631 accipitur
791 2573 793 2578 ¹
808 2547 869 2614 hoc
905 2568 1021 2612 nomen
1054 2545 1266 2629 exspectandi
1294 2547 1329 2610 in
1382 2547 1497 2612 fideles
1519 2547 1616 2629 longe
1639 2547 1736 2612 aliter
1759 2547 1895 2612 animati
1922 2569 1993 2614 esse
2022 2549 2151 2627 debent,
2181 2569 2301 2633 nempe
2323 2559 2360 2614 ut

353 2639 470 2702 bonam
500 2639 637 2719 partem,
667 2632 724 2698 sed
755 2633 863 2716 potius
890 2633 1038 2716 coarguit
1066 2633 1214 2711 ludaeos,
1244 2630 1330 2715 quod
1383 2634 1548 2698 fateantur
1571 2653 1606 2697 se
1628 2631 1745 2716 dignos
1767 2654 1838 2698 esec
1863 2633 2006 2700 vindicta
2020 2634 2093 2712 Dei,
2117 2637 2270 2718 quamvis
2292 2657 2360 2702 non

351 2721 647 2807 pseudoprophetis
683 2721 823 2785 nimium
857 2718 932 2784 fidei
967 2717 1186 2785 adhibuerint.
1240 2719 1330 2803 Ergo
1383 2719 1529 2800 inquirat
1558 2717 1592 2782 iu
1622 2729 1753 2800 patrum
1784 2720 1921 2785 scelera:
1957 2719 2075 2786 deinde
2105 2724 2131 2786 si
2157 2720 2252 2787 Deus
2279 2722 2361 2788 velit

352 2809 501 2873 videmus
543 2815 579 2871 ut
612 2807 815 2889 perstringat
846 2805 998 2871 vitiosam
1033 2804 1122 2870 illem
1161 2813 1330 2887 exspecta·
1384 2819 1513 2887 patrum
1547 2801 1671 2870 scelera
1704 2805 1815 2871 ulcisci
1848 2806 2004 2872 adversus
2036 2807 2141 2888 ipsos,
2179 2808 2265 2873 iuste
2298 2808 2361 2872 hoc

352 2896 484 2974 tionem,
506 2913 570 2977 qua
593 2891 726 2956 fuerant
748 2891 884 2973 decepti.
919 2890 1008 2978 Hinc
1031 2893 1130 2956 etiam
1145 2890 1330 2974 colligimus
1384 2891 1564 2956 iacturum:
1600 2901 1633 2954 ιι
1655 2889 1726 2956 ideo
1749 2912 1784 2956 se
1806 2890 1927 2973 duplici
1959 2893 2103 2958 vindicta
2132 2913 2203 2959 esse
2233 2894 2359 2977 dignos.

354 2980 439 3063 quod
468 2979 546 3056 dixi,
577 2976 716 3042 Iudaeos
748 2977 847 3043 stulte
877 2977 938 3042 sibi
968 2978 1159 3060 promittere
1189 2977 1329 3060 impuni·
1383 2976 1480 3043 Nunc
1513 2996 1591 3060 ergo
1626 2988 1776 3042 tenemus
1813 2977 1993 3059 prophetae
2029 3000 2178 3045 sensum:
2216 2991 2250 3045 ιι
2284 2981 2361 3044 hinc

354 3074 470 3147 tatem,
504 3065 656 3145 quoniam
685 3062 777 3128 Deus
808 3063 893 3146 apud
924 3061 998 3128 illos
1032 3062 1234 3128 domicilium
1268 3062 1330 3128 sibi
1383 3063 1567 3146 colligimus
1591 3083 1689 3144 quam
1708 3063 1808 3128 stulte
1830 3074 1997 3146 opponant
2016 3065 2104 3131 hunc
2121 3065 2272 3149 clypeum
2287 3064 2361 3132 Deo

355 3150 515 3233 elegerat:
545 3168 663 3229 nempe
692 3149 767 3230 quia
796 3148 947 3213 ostendet
976 3169 1011 3212 se
1033 3168 1100 3213 nou
1123 3149 1248 3214 frustra
1269 3148 1329 3213 mi·
1383 3151 1539 3232 papistae,
1574 3148 1653 3213 dum
1680 3159 1812 3214 resonat
1841 3148 1979 3216 subinde
2006 3153 2040 3215 in
2063 3151 2207 3235 ipsorum
2238 3152 2362 3236 linguis

356 3241 470 3299 natum
501 3232 602 3298 fuisse
630 3231 756 3298 cladem
790 3253 847 3315 per
869 3253 983 3298 servos
1006 3253 1090 3299 suos.
1135 3234 1209 3298 Hoc
1231 3256 1330 3300 seusu
1384 3255 1506 3300 nomen
1536 3244 1679 3316 patrum.
1724 3234 1811 3301 Nam
1841 3233 2022 3302 debuerant
2055 3237 2162 3320 potius
2191 3246 2224 3304 et
2254 3237 2361 3304 scelus

356 3320 464 3402 itaque
498 3318 592 3394 dicit,
634 3317 893 3400 Exspectabimus
926 3323 1049 3398 tempus
1079 3319 1266 3402 medicinae,
1306 3323 1333 3383 et
1384 3341 1490 3397 suum,
1514 3327 1548 3384 et
1566 3331 1698 3402 patrum
1721 3320 1914 3403 iniquitates
1936 3342 2130 3406 agnoscere:
2153 3324 2362 3407 quemadmo-

356 3425 418 3472 ecce
440 3409 546 3470 terrm.
592 3403 689 3469 Nunc
711 3405 870 3486 sequitur,
1386 3403 1462 3470 dum
1497 3404 1559 3471 hoc
1593 3414 1696 3470 totum
1731 3406 1838 3472 fusius
1870 3409 2069 3490 explicatum
2102 3409 2164 3474 fuit
2197 3409 2227 3474 9.
2256 3409 2362 3491 capite

1385 3489 1545 3568 Danielis,
1570 3490 1627 3556 ubi
1646 3490 1773 3557 dicabat
1791 3513 1836 3572 se,
1859 3501 1892 3557 et
1910 3503 2019 3574 patres
2038 3501 2072 3560 et
2088 3515 2184 3580 reges
2203 3495 2363 3562 scelerate

1386 3578 1499 3660 egisse.
1545 3577 1591 3640 Et
1612 3577 1647 3642 in
1672 3577 1779 3645 verbis
1802 3579 1901 3644 etiam
1924 3578 1986 3647 hoo
2008 3579 2187 3647 noandum
2212 3591 2277 3648 est:
2306 3603 2362 3646 ne·

1386 3682 1450 3745 que
1472 3661 1560 3727 enim
1583 3662 1637 3727 hic
1660 3663 1733 3726 leve
1755 3664 1886 3749 aliquod
1915 3663 2070 3732 delictum
2092 3671 2185 3732 notat
2206 3666 2363 3734 Ieremias

1386 3768 1486 3830 quum
1510 3747 1597 3822 dicit,
1625 3748 1835 3834 Agnoscimus
1856 3751 2052 3833 inunitatem
2073 3757 2221 3832 nostrum,
2251 3758 2279 3818 et
2302 3775 2364 3837 pu-

1386 3840 1472 3899 trum
1500 3838 1694 3900 munorum.-
1726 3837 1783 3900 sed
1812 3837 1905 3919 ponit
1934 3839 2135 3920 impietatem
2169 3859 2281 3904 eorum
2309 3838 2364 3920 qui

1387 3920 1559 3986 vivebant:
1589 3931 1709 4003 postea,
1736 3923 1933 4004 iniquitatem
1956 3929 2105 4006 patrum:
2133 3924 2284 3990 attentio
2307 3925 2364 3990 ad·

1386 4006 1502 4090 iungit,
1527 4005 1596 4071 Nos
1616 4007 1713 4089 impie
1730 4013 1757 4072 et
1773 4009 1918 4074 scelestae
1940 4011 2059 4093 egimus
2080 4017 2186 4077 cantro
2203 4015 2240 4076 te.
2265 4009 2365 4076 Vide·

1386 4111 1462 4158 mus
1484 4112 1571 4175 ergo,
1601 4105 1724 4158 utnon
1749 4091 1951 4160 defunctorie
1974 4105 2130 4181 agnoscat
2152 4095 2284 4179 aliquod
2307 4095 2363 4161 de·

441 4177 507 4244 Hic
538 4175 698 4260 propheta
729 4175 816 4241 haud
851 4172 947 4240 dubie
980 4174 1172 4257 praescribit
1203 4173 1334 4241 Iudaeis
1387 4176 1518 4242 lictum:
1548 4177 1605 4242 sed
1628 4180 1720 4262 quasi
1744 4180 1840 4262 pleno
1862 4201 1919 4246 ore
1941 4182 2134 4265 profiteatur
2155 4202 2269 4248 omnes
2292 4202 2363 4250 esse

356 4284 518 4349 quaenam
553 4264 597 4328 sit
625 4263 709 4327 ratio
739 4261 890 4344 placandi
912 4261 986 4326 Dei.
1030 4260 1141 4325 Antea
1169 4260 1215 4324 ita
1245 4280 1334 4326 com·
1386 4263 1503 4344 impios
1525 4269 1559 4328 et
1581 4268 1673 4330 trans
1698 4285 1842 4332 ressoree
1871 4265 1954 4351 legis
1976 4266 2049 4348 Dei,
2081 4276 2113 4334 et
2137 4289 2202 4333 non
2232 4275 2362 4333 tantum

356 4351 467 4437 posuit
495 4370 616 4434 preces,
646 4358 684 4413 ut
712 4347 831 4430 partim
862 4347 1016 4430 populum
1042 4357 1235 4429 coargueret
1255 4367 1335 4412 suae
1388 4347 1504 4430 dignos
1527 4369 1598 4414 esse
1621 4287 1774 4419 mediocri
1805 4352 2028 4435 castigatione,
2059 4354 2117 4420 sed
2139 4352 2289 4420 horribili
2310 4353 2364 4418 in·

357 4438 477 4522 impiae
506 4434 742 4499 obstinationis.
791 4433 918 4498 Partim
951 4453 1030 4498 vero
1058 4431 1245 4497 ostenderet
1273 4432 1335 4514 piis
1387 4433 1501 4499 teritu:
1533 4435 1686 4516 quoniam
1715 4437 1892 4504 sceleribus
1922 4439 1990 4504 suis
2020 4441 2103 4506 irem
2127 4439 2191 4505 Dei
2220 4441 2266 4506 sio
2288 4459 2363 4523 pro·

358 4535 392 4592 ιι
414 4522 525 4589 electis
548 4540 680 4585 manere
703 4517 826 4603 aliquid
849 4518 918 4599 spei
946 4517 1126 4582 residuum:
1160 4517 1217 4582 sed
1249 4539 1335 4584 nunc
1387 4530 1594 4586 vocaverant.

356 4609 497 4693 simplex
528 4617 578 4672 est
599 4607 703 4672 forma
731 4603 904 4689 precandi,
936 4625 1035 4686 quum
1066 4602 1161 4683 dicit,
1190 4601 1334 4686 Domine,
1439 4612 1441 4616 ’

357 4696 563 4782 wpnocimns.
597 4692 666 4757 Vix
688 4691 880 4757 millesimus
901 4692 1038 4773 quisque
1060 4693 1140 4754 tunc
1161 4707 1334 4772 cognosce·
1404 4762 1409 4776 ,
1473 4690 1525 4756 21.
1555 4691 1605 4757 Nc
1625 4693 1753 4760 reticius
1769 4700 1900 4778 proptu
1920 4716 2029 4762 nornen
2051 4702 2149 4775 tuum,
2172 4716 2210 4762 ne
2230 4698 2363 4764 reiicics

358 4784 428 4849 hat:
470 4781 526 4848 sed
564 4779 724 4864 propheta
757 4797 823 4841 non
859 4775 996 4858 suscipit
1030 4795 1200 4857 personam
1234 4775 1334 4841 totius
1387 4775 1455 4860 (bnt
1493 4777 1658 4862 significat
1698 4780 1864 4845 interdum
1904 4803 2075 4866 respuere,
2118 4782 2362 4866 floccipendere,

357 4869 478 4954 populi:
536 4866 625 4948 Quid
657 4862 780 4950 igitur?
823 4858 911 4927 haud
945 4860 1044 4927 dubie
1077 4860 1201 4942 colligit
1234 4881 1269 4926 se
1303 4873 1335 4924 et
1387 4863 1550 4945 significat
1581 4865 1675 4928 etiam
1706 4865 1875 4946 prolicere,
1903 4876 1936 4933 et
1958 4868 2071 4933 eadem
2100 4878 2148 4933 est
2170 4869 2238 4935 fere
2260 4871 2362 4954 signi-

357 4955 514 5040 pauculos
542 4953 664 5028 fideles,
695 4951 750 5034 qui
780 4945 949 5014 restabant
969 4947 1005 5010 in
1028 4946 1161 5031 populo.
1205 4946 1335 5013 Deinde
1388 4947 1494 5014 ficatio
1517 4947 1652 5016 alterius
1676 4951 1765 5016 verbi
1789 4965 1865 5046 yut:
1898 4954 2062 5038 siguificat
2084 4953 2172 5018 enim
2195 4955 2362 5037 proiioere,

358 5041 497 5126 posteris
527 5040 623 5104 etiam
655 5037 755 5102 dictat
778 5054 891 5102 veram
921 5030 1075 5115 precandi
1106 5031 1263 5116 regulam,
1297 5036 1335 5097 ut
1359 5030 1362 5087 l
1387 5040 1421 5098 et
1443 5034 1629 5116 pronihilo
1659 5036 1788 5117 ducere,
1818 5049 1852 5103 at
1875 5038 2085 5123 vilipendere,
2118 5061 2157 5106 ue
2181 5061 2259 5125 ergo
2289 5062 2362 5124 pro·

359 5129 394 5192 in
423 5125 540 5192 exsilio
569 5126 672 5192 sciant
699 5123 762 5188 hoc
791 5121 853 5188 sibi
883 5138 985 5184 unum
1008 5137 1186 5200 superesse,
1218 5139 1334 5201 nempe
1386 5117 1488 5198 iicias,
1511 5120 1563 5187 val
1586 5122 1780 5210 vilipendas)
1802 5124 1917 5191 sutiam
1935 5123 2056 5209 pieriae
2077 5131 2164 5191 tuuc:
2191 5127 2361 5206 enudare,

359 5223 398 5279 ιιι
428 5213 595 5278 fateantur
622 5220 752 5294 peecata
780 5228 853 5284 sua,
888 5227 948 5270 uec
974 5204 1070 5269 aliter
1103 5203 1335 5286 impetraturos
1386 5224 1424 5270 ne
1442 5205 1570 5272 irritum
1585 5208 1688 5290 facim
1706 5208 1776 5294 (alii
1791 5220 1934 5289 vertunt,
1954 5210 2127 5298 dissolvas)
2147 5211 2259 5294 foedus
2275 5219 2363 5279 tunna

360 5299 500 5366 veniam.
546 5298 635 5364 Dicit
656 5298 766 5382 igitur,
800 5291 1005 5378 Oopnauimas
1026 5295 1054 5356 et
1074 5288 1173 5355 scetus
1195 5295 1335 5356 nostram
1386 5289 1549 5358 sensnm.

442 3629 493 3694 20.
520 3625 747 3711 Cognoscimus,
766 3625 913 3708 Ielaovub,
935 3627 1034 3692 scelus
1052 3629 1203 3707 nostrum,
1227 3631 1255 3692 et
1272 3626 1333 3690 ini·

355 3714 503 3796 quitatem
523 3719 651 3796 patrum
673 3717 865 3779 mennam:
887 3713 1035 3794 qnoniam
1054 3711 1197 3778 scekrute
1215 3712 1334 3796 egimus

353 3803 578 3884 intumuisti:
602 3817 788 3882 quanquam
807 3810 891 3876 ιιιιιι,
915 3807 949 3862 ιι
963 3809 1034 3866 suu
1054 3795 1138 3862 idem
1158 3797 1225 3862 fere
1244 3807 1333 3875 sunt,

354 3897 465 3951 tamen
495 3884 687 3966 simpliciter
717 3883 890 3963 concludit,
920 3883 1004 3968 quod
1028 3883 1184 3950 scelerate
1207 3885 1335 3969 egerint

357 3971 516 4038 adversus
538 3969 673 4057 Deum).
