5158 6124
217 457 283 523 413
914 458 964 523 IN
987 457 1235 523 IERlllMIAllI.
1281 455 1379 523 CAP.
1402 455 1537 524 XXIII.
2161 464 2227 528 414

220 648 304 715 siam
328 668 430 727 susm,
453 648 529 732 quia
551 647 650 713 stabit
672 649 804 714 firmum
820 654 854 712 et
875 653 982 713 ratum
1000 644 1084 732 quod
1106 645 1197 728 polli-
1250 643 1343 729 signe
1370 651 1404 710 et
1431 647 1634 728 praeclarum
1663 647 1753 731 iore,
1787 658 1825 714 ut
1858 652 2007 733 superior
2043 653 2225 738 redemptio

220 735 304 801 utus
337 735 443 798 luerat
476 733 516 799 de
548 733 764 818 redemptore.
819 733 891 798 Iam
929 733 1062 797 additur
1094 730 1198 814 qualis
1251 751 1316 794 non
1339 729 1472 796 accedat
1489 731 1529 797 ad
1547 733 1632 798 haue
1648 733 1908 818 magnitudinem
1931 748 1963 801 et
1978 740 2223 820 praestantiam.

219 821 350 886 iuturus
371 819 416 884 sit
437 819 492 884 ille
515 819 719 902 redemptor,
749 829 782 885 et
803 819 880 902 quid
903 818 945 884 ab
972 820 1043 900 ipso
1066 837 1198 899 exspeo·
1250 814 1361 896 Quum
1384 816 1491 882 edueti
1518 828 1597 884 sunt
1626 819 1683 884 filii
1711 819 1814 886 Israel
1843 842 1885 885 ex
1909 822 2074 907 Aegypto,
2104 826 2224 892 scimus

222 905 360 971 tendum
391 906 443 970 sit.
489 905 688 970 Pronuntiat
716 905 820 989 igitur
847 905 916 970 fore
938 923 1054 970 verum
1079 905 1199 986 Deum,
1250 911 1329 986 quot
1351 902 1517 968 miraculis
1539 915 1680 969 testatus
1698 905 1796 970 luerit
1814 906 1905 972 Deus
1924 927 2016 973 suam
2035 913 2224 992 potentiam,

221 996 256 1057 et
287 1000 398 1055 tamen
432 990 536 1056 lilium
570 989 730 1056 Doridis:
772 990 889 1055 deindo
925 991 1017 1056 iubet
1055 990 1096 1054 eb
1129 989 1199 1071 ipso
1250 1007 1314 1070 que
1336 989 1406 1052 sins
1429 989 1536 1071 gretie
1562 1001 1647 1056 esset
1674 989 1834 1055 illustrior
1860 1011 1939 1077 erga
1967 994 2134 1079 populum.
2180 997 2224 1062 Et

223 1076 348 1160 sperari
371 1075 546 1155 iustitiam,
576 1086 609 1141 et
630 1076 789 1160 quidquid
812 1077 851 1140 ad
876 1078 1052 1158 perlectam
1075 1083 1109 1139 et
1131 1075 1198 1156 ple·
1250 1074 1367 1138 merito
1389 1073 1568 1158 prophetae
1590 1075 1717 1158 quoties
1732 1074 1909 1143 hortantur
1924 1088 1956 1144 et
1972 1081 2121 1146 animant
2143 1081 2223 1148 fide·

221 1182 298 1227 nam
329 1161 517 1228 felicitatem
547 1171 683 1244 spectat.
728 1162 797 1226 Iam
830 1182 928 1243 quum
961 1162 1081 1227 dicitur
1108 1159 1200 1225 Deus
1249 1159 1297 1224 les
1319 1160 1359 1222 ad
1376 1159 1459 1224 bene
1475 1162 1682 1243 sperandum,
1705 1167 1861 1228 revocant
1878 1163 1911 1228 in
1930 1167 2119 1232 memoriam
2138 1167 2224 1249 quod

220 1247 344 1313 leudis
376 1252 499 1326 melre,
533 1247 652 1312 iterum
694 1247 854 1331 propheta
887 1247 1006 1312 elarius
1043 1246 1199 1329 exprimit
1250 1256 1329 1310 tune
1351 1256 1479 1328 gestum
1503 1246 1573 1311 fuit.
1618 1245 1686 1312 Sed
1715 1248 1875 1331 propheta
1905 1261 2017 1317 noster
2046 1254 2222 1318 secundam

219 1333 379 1398 iustitiam
413 1351 479 1396 non
508 1332 651 1398 residere
683 1333 718 1397 in
749 1332 897 1415 Christe,
930 1333 1021 1415 quael
1054 1342 1140 1396 esset
1169 1331 1198 1394 ei
1250 1331 1505 1414 redemptionem
1534 1332 1716 1412 amplificat
1743 1331 1805 1400 hac
1840 1337 2094 1418 comparatione,
2125 1337 2223 1419 Quod

224 1420 375 1502 propria:
399 1416 455 1483 sed
478 1418 571 1483 nobis
589 1439 660 1483 esse
680 1439 754 1484 cum
770 1419 842 1483 Deo
857 1439 1073 1484 communem.
1107 1416 1198 1483 Nihil
1250 1417 1386 1500 posthae
1407 1437 1471 1482 non
1495 1418 1711 1484 celebrabitur
1731 1418 1812 1484 illud
1836 1420 1900 1485 Dei
1923 1422 2127 1502 beneficium,
2160 1445 2223 1507 quo

222 1505 309 1570 enim
333 1503 432 1569 hebet
455 1524 475 1569 a
497 1504 592 1569 nobis
614 1518 810 1588 separatum.
852 1503 943 1568 Deos
965 1505 1094 1587 quidem
1114 1523 1197 1567 sem·
1250 1503 1407 1586 populum
1438 1523 1532 1568 sunm
1561 1503 1716 1588 dignetur
1743 1505 1863 1585 fuerat,
1894 1527 1994 1590 quem
2022 1507 2224 1575 liberarete

222 1610 280 1675 per
302 1589 412 1655 iustus
435 1589 632 1668 censebitur,
654 1590 781 1654 etiarnsi
800 1597 970 1674 grassetur
987 1589 1143 1672 iniquitas
1165 1589 1197 1652 in
1249 1588 1437 1670 captivitate
1456 1590 1615 1674 Aegypti:
1639 1590 1695 1655 sed
1718 1589 1841 1672 aliquid
1863 1592 1920 1657 fiet
1941 1593 2037 1677 longe
2060 1602 2225 1676 praesten-

221 1683 289 1742 toto
317 1674 450 1742 mundo.
495 1675 569 1740 Non
598 1675 719 1740 iaciant
747 1676 848 1759 igitur
878 1674 1041 1752 homines,
1072 1673 1197 1739 etiamsi
1249 1673 1324 1752 tius,
1349 1682 1387 1737 ut
1413 1693 1528 1740 omnes
1557 1677 1593 1739 in
1623 1695 1678 1740 ore
1709 1675 1867 1755 habeant,
1896 1698 1933 1742 ao
1955 1678 2142 1761 praedicent
2164 1680 2225 1744 im-

222 1781 338 1826 omnes
360 1763 427 1826 sint
448 1759 607 1837 scelerati,
631 1761 709 1842 quin
729 1759 822 1826 Deus
841 1769 973 1825 maneat
994 1761 1112 1843 iustus,
1134 1760 1198 1823 imo
1249 1778 1400 1823 mensem
1430 1759 1623 1826 beneficium
1657 1760 1745 1844 quod
1773 1763 1955 1844 praestabit
1983 1762 2074 1831 Deus
2104 1765 2224 1848 populo

221 1848 303 1930 quin
321 1856 455 1912 maneat
469 1847 568 1912 etiem
584 1846 715 1931 integre
734 1847 803 1911 eius
820 1845 955 1912 institia.
990 1843 1056 1913 Sed
1072 1847 1199 1910 interea
1249 1863 1317 1921 suo,
1340 1844 1395 1908 ubi
1418 1866 1493 1910 eum
1516 1845 1668 1912 liberabit
1688 1846 1728 1911 ab
1750 1846 1866 1912 exsilio
1889 1847 2089 1932 babylonico.
2135 1851 2224 1915 Dicit

219 1934 312 1999 Deus
334 1952 399 1997 non
422 1943 472 1997 est
493 1933 618 1997 iustitie
640 1943 753 1997 nostra
774 1943 937 2015 quatenus
966 1932 1001 1996 in
1031 1953 1065 1997 se
1093 1931 1198 1997 iustus
1248 1929 1349 2012 igitur
1370 1936 1513 1996 uenturos
1543 1951 1609 1998 csse
1635 1932 1704 1996 dies
1736 1932 1851 2014 peteo
1879 1954 1942 1999 eon
1969 1935 2104 2018 dicem,
2140 1935 2225 2001 Vive

220 2027 286 2097 est,
317 2017 370 2082 rel
397 2019 488 2083 intus
515 2019 660 2084 eontinet
687 2037 780 2082 susm
805 2018 983 2083 iustitiam:
1016 2019 1093 2100 quia
1122 2027 1198 2083 tenc
1250 2015 1646 2100 sescentesimum
1667 2037 1761 2082 suum
1783 2019 1892 2084 ederit
1920 2039 1959 2085 ee
1981 2021 2141 2105 Aepypo,
2170 2023 2227 2090 sed

222 2103 287 2168 erit
314 2102 414 2170 iudex
444 2112 570 2168 noster:
609 2104 654 2168 ite
683 2103 811 2169 iustitia
838 2104 910 2168 eius
940 2103 1033 2168 nobis
1062 2102 1199 2168 adverse
1248 2101 1304 2185 qus·
1321 2103 1475 2186 populum
1496 2122 1590 2168 suum
1611 2102 2050 2187 montemmaranum
2094 2106 2227 2172 Interea

222 2189 295 2253 erit.
348 2187 414 2255 Sed
447 2188 574 2255 Christi
607 2189 731 2254 iustitia
762 2189 860 2254 aliem
895 2188 995 2253 habet
1027 2188 1196 2254 rationem.
1249 2209 1314 2252 non
1343 2188 1508 2271 signifieat
1544 2187 1736 2253 abolendam
1767 2209 1838 2255 esse
1871 2191 2062 2256 memoriam
2100 2193 2226 2275 gratiae

219 2274 282 2339 Est
303 2275 404 2358 igitur
426 2285 547 2352 nostra,
570 2276 647 2356 quie
664 2273 821 2340 Christus
843 2295 907 2338 nen
931 2273 991 2339 sibi
1014 2275 1119 2338 iustus
1140 2283 1198 2352 est,
1250 2273 1329 2354 Dei,
1356 2294 1454 2357 quam
1483 2273 1674 2338 ostenderet
1702 2295 1781 2360 erga
1810 2274 1993 2357 Israelitas,
2031 2297 2133 2360 quum
2166 2298 2226 2362 per

220 2359 273 2424 rel
298 2360 332 2424 in
355 2381 399 2439 se,
423 2359 480 2424 sed
504 2360 662 2424 inscitiam
686 2360 828 2442 accepit,
856 2380 954 2443 quam
984 2360 1199 2426 communicet
1249 2378 1385 2423 manum
1408 2360 1510 2424 blesis
1531 2359 1607 2424 illos
1629 2359 1782 2425 educeret
1812 2381 1853 2425 ex
1874 2361 2036 2460 Aegypto.
2082 2360 2149 2428 Sed
2173 2364 2226 2428 hie

218 2443 398 2511 nobiseum.
427 2443 588 2510 Videmus
603 2447 713 2528 itaque
730 2445 927 2529 hiopropria
943 2457 1019 2509 nota
1030 2444 1199 2510 Christum
1250 2446 1463 2510 ratiocinetur
1485 2464 1505 2509 a
1527 2445 1646 2510 minori
1669 2445 1710 2510 ad
1727 2447 1842 2523 mains,
1865 2467 1959 2528 quasi
1981 2448 2103 2512 diecret
2124 2447 2225 2514 luisse

218 2530 384 2614 insigniri,
425 2530 521 2611 Quod
553 2551 615 2595 non
645 2541 773 2596 tantum
804 2544 966 2595 venturus
995 2531 1094 2595 luerit
1124 2551 1198 2595 oum
1250 2528 1331 2594 illud
1354 2529 1575 2594 testimonium
1598 2532 1725 2615 gratiae
1748 2531 1818 2608 Dei,
1842 2531 1928 2614 quod
1950 2531 2050 2598 nullis
2070 2535 2226 2600 encomiis

219 2614 955 2682 demonstrationedivioaeiustitiaesedeum
969 2617 1103 2691 iustitia,
1116 2635 1198 2698 qnae
1251 2615 1331 2684 satis
1352 2613 1493 2698 exprimi
1516 2629 1632 2698 posset,
1659 2637 1758 2700 quum
1780 2616 1903 2682 seilicet
1924 2617 2038 2683 eduxit
2065 2618 2225 2703 populum

217 2700 344 2766 valeret
359 2702 396 2767 in
409 2702 548 2766 salntem
565 2702 746 2768 hominnm.
775 2701 859 2767 Nam
876 2703 903 2766 si
923 2703 1027 2766 Deum
1039 2703 1074 2766 in
1090 2722 1126 2766 se
1147 2723 1197 2766 re·
1249 2720 1385 2765 suome
1415 2711 1500 2764 terra
1524 2702 1679 2786 Aegypti.
1723 2701 1814 2786 Ergo
1836 2703 1862 2768 si
1885 2724 1945 2786 per
1966 2723 2002 2768 se
2022 2706 2226 2786 aestimetur,

216 2797 382 2869 putamus,
398 2788 671 2869 quemadmodem
688 2787 766 2865 dixi,
784 2787 891 2853 iustus
909 2787 1040 2870 quidem
1059 2797 1120 2871 est,
1141 2787 1197 2852 sed
1251 2785 1315 2849 erit
1337 2784 1471 2868 dignum
1495 2794 1631 2851 aeterna
1653 2788 1827 2852 memoria:
1858 2787 1913 2852 sed
1943 2789 1970 2853 si
1992 2790 2128 2873 incipiat
2149 2809 2225 2856 eon·

217 2892 285 2937 non
298 2873 361 2936 erit
373 2872 497 2939 iustitia
510 2882 630 2939 nostra.
655 2873 691 2940 Si
704 2895 783 2958 ergo
795 2875 945 2955 cupimus
957 2871 1065 2937 Deum
1078 2872 1198 2937 habere
1250 2871 1329 2934 lerri
1350 2891 1424 2937 cnm
1447 2870 1592 2937 secunda
1613 2871 1820 2950 liberatione,
1848 2873 2080 2955 propemodum
2104 2893 2224 2939 evene·

220 2959 380 3024 iustitiam
403 2968 566 3038 nostram,
598 2958 750 3025 Christos
778 2961 872 3024 nobis
902 2959 1110 3041 quaerendus
1138 2966 1199 3034 est,
1251 2967 1329 3022 seat.
1381 2956 1518 3020 Summa
1545 2967 1610 3035 est,
1651 2956 1827 3022 secundam
1859 2957 2116 3042 redemptionem
2153 2959 2224 3024 fore

217 3045 296 3127 quia
326 3043 388 3109 hoc
417 3064 484 3109 nen
514 3045 577 3108 nisi
608 3046 642 3109 in
672 3046 743 3128 ipso
770 3043 963 3126 completur.
1016 3044 1106 3127 Ergo
1134 3042 1199 3108 Dei
1252 3040 1514 3107 excellentiorem
1537 3043 1664 3124 priore,
1696 3053 1734 3106 ut
1755 3043 1904 3108 obscuret
1926 3045 1997 3109 eius
2019 3044 2224 3125 memoriam,

222 3130 351 3195 iustitia
373 3128 634 3196 nobisexhibita
658 3131 720 3195 iuit
742 3129 939 3213 inChristo,
961 3131 1199 3212 etquicunque
1251 3126 1404 3210 quamvis
1432 3147 1497 3191 non
1524 3147 1659 3208 prorsus
1689 3130 1886 3212 exstinguet.
1937 3129 1999 3195 Est
2034 3140 2144 3195 autem
2170 3130 2224 3195 hie

218 3215 310 3280 illine
333 3213 490 3293 deflectit,
518 3218 637 3298 poterit
665 3215 797 3298 quidem
820 3214 1021 3298 permultos
1044 3214 1199 3280 circuitus
1251 3213 1341 3279 locus
1363 3222 1478 3277 notatu
1500 3211 1634 3297 dignus,
1664 3214 1739 3297 quia
1760 3214 1838 3280 hinc
1859 3214 2045 3299 colligimus
2068 3217 2224 3298 quantia

219 3321 255 3366 se
285 3319 435 3367 versare:
468 3301 525 3366 sed
559 3322 728 3384 nunquam
759 3301 897 3382 reperiet
929 3298 993 3364 Dei
1026 3299 1196 3364 iustitiam.
1251 3297 1344 3364 nobis
1373 3298 1441 3363 fieri
1471 3297 1586 3364 debeat
1618 3299 1807 3385 redemptio,
1839 3320 1937 3382 quam
1969 3301 2078 3384 adepti
2111 3323 2224 3367 sumus

217 3386 265 3452 Et
287 3385 361 3451 ideo
383 3387 462 3452 dicit
485 3384 608 3451 Paulus
630 3387 745 3451 datum
768 3407 853 3464 esse,
886 3385 937 3449 vel
960 3387 1078 3450 laetum
1105 3385 1200 3448 nobis
1251 3403 1309 3466 per
1338 3384 1543 3467 unigenitum
1573 3384 1638 3449 Dei
1667 3386 1782 3450 filium.
1832 3386 1921 3451 Hine
1949 3387 2047 3452 etiam
2075 3387 2225 3468 sequitur

219 3472 254 3536 in
284 3473 443 3537 iustitiam
474 3470 517 3556 (1.
542 3469 616 3537 Cor.
642 3475 670 3549 l,
693 3470 759 3556 30).
804 3469 845 3534 In
876 3489 973 3552 quem
1002 3469 1123 3535 finem?
1153 3469 1200 3536 Ut
1249 3488 1311 3534 nos
1334 3469 1439 3554 magis
1460 3471 1632 3537 obstrictos
1654 3491 1725 3536 esse
1747 3471 1820 3536 Deo
1842 3491 1940 3554 quam
1971 3473 2094 3536 fuerint
2115 3483 2224 3554 patres

218 3577 366 3624 essemus
390 3557 453 3622 Dei
475 3558 601 3622 institia
627 3557 660 3622 in
691 3559 757 3622 illo.
803 3555 914 3636 Quum
945 3578 1023 3641 ergo
1047 3555 1199 3621 Christos
1249 3555 1416 3639 sublege,
1447 3566 1569 3637 quanto
1597 3556 1721 3622 seilicet
1750 3555 1917 3622 liberalius
1947 3557 2014 3640 egit
2045 3557 2222 3636 nobiseum,

217 3643 323 3708 iectus
347 3643 446 3708 luerit
467 3643 593 3707 iustitia
623 3654 755 3724 nostra,
784 3653 816 3708 et
845 3654 1038 3724 reputemur
1065 3643 1098 3707 in
1128 3642 1199 3726 ipso
1249 3651 1283 3704 et
1326 3642 1481 3708 virtutem
1524 3661 1615 3706 suam
1654 3662 1733 3726 erga
1771 3662 1831 3708 nos
1869 3643 2031 3709 efficacius
2069 3643 2222 3708 exseruit.

216 3726 281 3793 Dei
305 3728 449 3812 iustitia,
481 3729 560 3793 hinc
588 3729 771 3814 colligimus
793 3747 891 3811 quam
914 3729 1044 3810 proprie
1065 3737 1099 3792 et
1119 3730 1199 3793 soite
1249 3725 1377 3790 Deinde
1398 3725 1579 3809 colligimus
1600 3727 1795 3810 prophetam
1825 3727 1860 3791 in
1890 3727 1951 3792 hoe
1975 3728 2128 3793 vaticinio
2156 3748 2223 3792 non

218 3812 344 3880 dictum
368 3815 483 3891 luerit,
513 3814 605 3879 illum
630 3816 699 3897 sore
722 3813 888 3893 Ielsoeam,
918 3834 978 3878 nee
1009 3825 1138 3879 tantum
1161 3821 1201 3876 ut
1249 3811 1412 3895 attingere
1434 3831 1555 3895 paucos
1577 3831 1682 3876 annes
1705 3811 1874 3892 duntaxat,
1899 3812 1956 3878 sed
1979 3812 2151 3896 complecti
2173 3821 2222 3879 to·

216 3909 350 3964 tueatur
371 3919 431 3964 nos
453 3899 557 3983 gloria
586 3921 664 3965 suae
687 3899 885 3975 divinitatis,
915 3899 970 3962 sed
1001 3911 1037 3962 ut
1065 3899 1100 3964 in
1128 3899 1199 3981 ipso
1249 3906 1318 3961 tum
1336 3896 1461 3962 Christi
1484 3917 1620 3977 regnum
1636 3905 1668 3962 et
1683 3918 1797 3962 omnes
1815 3899 1884 3963 eius
1899 3917 2102 3982 progressus.
2137 3899 2222 3964 Nam

216 3983 298 4048 iusti
320 3985 439 4067 simus,
469 3987 547 4068 quia
576 4005 643 4050 non
674 3994 804 4051 tantum
836 3994 885 4048 est
907 3983 1013 4049 iustus
1034 3982 1113 4063 sibi,
1141 3982 1197 4047 sed
1249 3980 1395 4063 loquitur
1416 3980 1548 4064 quidem
1572 3981 1613 4046 de
1635 3983 1741 4047 redite
1765 3983 1874 4066 populi
1896 3983 1932 4047 in
1948 3985 2087 4066 patriam
2111 3992 2144 4049 et
2162 3984 2224 4049 hoc

214 4068 344 4135 iustitia
366 4080 487 4135 nostra.
1248 4065 1345 4131 lateri
1368 4074 1513 4151 oportet,
1544 4067 1620 4150 quia
1642 4066 1825 4134 Christiani
1848 4066 1980 4134 fuerunt
2002 4069 2100 4136 nimis
2122 4069 2220 4153 rigidi

1249 4153 1310 4218 hac
1342 4153 1376 4217 in
1410 4158 1512 4234 parte.
1561 4152 1744 4219 Praeterito
1773 4153 1860 4217 enim
1894 4164 1961 4219 toto
1988 4154 2044 4219 illo
2075 4166 2220 4238 tempore

924 4273 1089 4360 venient),
1122 4273 1199 4340 dicit
1248 4238 1452 4313 intermedio,
1485 4238 1574 4303 inter
1594 4238 1743 4314 reditum
1757 4238 1871 4322 populi
1893 4248 1926 4304 et
1948 4239 2071 4305 Christi
2101 4240 2221 4307 adsen-

219 4273 728 4442 Iehwtfiquuosscgezffgcegicgffrs
737 4274 955 4446 (dinizihuln,
977 4371 1009 4425 et
1029 4380 1096 4425 non
1112 4360 1197 4426 dice·
1249 4333 1328 4424 tum,
1362 4323 1461 4388 ”5¹¹¹ss
1498 4324 1656 4424 li⁰¹⁰¹¹l⁶¹
1684 4333 1837 4408 quu‘ffll
1863 4325 1924 4390 ¹¹³⁸
1948 4325 2145 4426 ,P¹'⁰l'l¹⁰,ll⁸⁸
2178 4326 2219 4392 ad

1248 4409 1453 4493 spiritualem
1486 4408 1721 4475 liberationem.
1771 4410 1844 4475 Non
1879 4410 2012 4476 dubium
2041 4420 2143 4494 rgrtur
2169 4419 2220 4478 est

219 4455 284 4530 tur,
309 4467 372 4510 non
396 4445 516 4530 dicent)
539 4445 688 4528 emplius,
719 4447 804 4512 Vicit
826 4446 975 4530 Ichcvals,
1005 4448 1061 4527 qui
1089 4445 1197 4512 eduxit
1294 4497 1300 4510 .
1738 4497 1745 4510 ,
1861 4497 1867 4511 ,
2065 4497 2071 4512 ,
2154 4497 2219 4534 ‚-

216 4529 305 4614 filfog
327 4531 432 4598 praep
453 4553 469 4597 θ
491 4536 574 4596 pm
596 4532 741 4615 Agma·
1248 4516 1325 4579 qum
1348 4495 1509 4578 propheta
1530 4505 1661 4560 instrum
1684 4495 1783 4562 iaciat
1806 4517 1824 4562 a
1846 4495 1947 4561 libero
1962 4495 2073 4579 populr
2092 4496 2218 4561 redrtu.

307 4643 337 4708 a.
364 4643 446 4724 Μ
462 4643 581 4725 Μ,
611 4641 697 4707 Μ
715 4641 859 4727 Μ,
955 4642 1069 4725 Μ,
1091 4647 1119 4706 02
1246 4579 2220 4751 :tlaisteis,⁶sratescessisses}

218 4730 313 4795 ‘mli
342 4726 529 4812 (ascendere
557 4729 647 4808 fecit,
680 4739 713 4792 ‘ll
742 4729 941 4829 5⁰¹f9d¹¹3ils
975 4726 1016 4792 “d
1046 4725 1195 4826 verbum)
1247 4751 1339 4816 nobis
1361 4751 1497 4818 effectus
1520 4752 1617 4817 buius
1638 4753 1882 4836 promissionis,
1904 4754 1983 4838 quia
2004 4754 2124 4836 exigna
2146 4762 2218 4817 tan·

217 4835 321 4881 SM
342 4814 453 4879 d⁰m¹⁴³
476 4813 582 4879 lsrael
604 4834 620 4878 θ
641 4819 724 4880 lm
747 4815 917 4898 “dmm-⁹2
947 4819 1034 4878 W
1055 4811 1196 4878 ‘imum
1246 4847 1318 4902 tum
1338 4839 1445 4920 portio
1467 4856 1601 4903 reversa
1622 4847 1671 4904 est
1692 4839 1727 4904 in
1749 4839 1899 4922 patriam.
1945 4837 2074 4904 Deinde
2095 4837 2218 4905 scimus

216 4901 330 4983 ime
357 4900 401 4964 “d
427 4920 507 4982 dms
537 4900 721 4981 ‘wiffam
753 4920 805 4965 ⁰⁰³
836 4899 925 4967 illum
956 4904 984 4964 el
1013 4897 1196 4965 babilam
1246 4923 1346 4989 luisse
1368 4931 1504 4989 vexatos
1526 4922 1638 4988 multis
1659 4933 1692 4990 et
1714 4925 1876 4991 continuis
1891 4924 2059 5000 molestiis,
2082 4932 2120 4988 ut
2141 4944 2217 4990 oon·

216 5005 317 5069 ³¹⁴ss
337 4990 452 5050 Imm
475 5005 578 5052 Mm-
1247 5008 1326 5074 ditio
1348 5029 1460 5074 eorum
1484 5029 1614 5093 semper
1636 5009 1736 5075 suerit
1756 5012 1892 5088 misera,
1923 5011 1998 5092 quia
2020 5007 2103 5074 nihil
2125 5011 2217 5093 peius

1244 5104 1295 5160 est
1317 5093 1550 5176 inquietudine.
1596 5093 1725 5162 Scimus
1755 5098 1854 5161 etiam
1877 5096 1976 5161 luisse
1998 5095 2161 5178 spoliatos,
2184 5103 2218 5161 et

304 5182 485 5263 Postquam
508 5181 663 5264 loquutus
685 5191 735 5247 est
756 5180 916 5264 prophete
931 5178 971 5245 de
988 5179 1193 5262 redemptore
1245 5180 1374 5332 {uidem
1408 5181 1555 5264 saepius:
1597 5180 1713 5246 deinde
1753 5180 1900 5248 redactos
1940 5182 1975 5245 in
2014 5181 2216 5247 servitutem.

214 5269 275 5351 qni
309 5267 489 5332 mittendus
523 5277 608 5346 erat,
647 5267 817 5351 splendide
857 5285 947 5330 nune
987 5265 1192 5331 commendat
1272 5266 1375 5332 cimus
1408 5286 1505 5349 quam
1539 5265 1714 5332 crudeliter
1746 5268 1875 5332 tractati
1906 5265 2028 5333 luerint
2055 5287 2141 5332 nune
2175 5265 2216 5330 ab

214 5355 384 5438 singulare
417 5351 503 5417 istud
534 5353 597 5416 Dei
631 5352 843 5436 beneficium,
876 5351 1019 5434 dicitque
1048 5359 1112 5416 tam
1140 5351 1191 5415 in·
1244 5352 1424 5436 Aegyptiis,
1447 5371 1536 5417 nune
1558 5371 1577 5416 a
1599 5351 1731 5437 regibus
1754 5351 1881 5437 Syriae.
1923 5352 2012 5438 llrgo
2034 5353 2108 5436 plus
2130 5365 2216 5417 esset
