5118 6136
368 465 432 530 535
1173 456 1559 523 Parnasonlortus
2302 451 2367 520 536

369 649 532 734 saerilegii
565 647 772 725 damnarent,
809 646 894 730 quod
927 667 992 711 non
1027 655 1153 712 tantum
1186 645 1339 711 iniuriam
1393 645 1470 729 quia
1488 646 1588 712 Urias
1610 645 1650 710 de
1679 665 1744 728 quo
1767 645 1958 729 loquuntur,
1991 646 2089 710 etiam
2122 648 2290 731 protessus
2322 651 2367 714 sit

369 737 498 802 fecisset
529 743 643 801 saneto
673 733 867 817 prophetae,
901 733 957 798 sed
987 748 1206 817 oppugnasset
1234 733 1341 815 ipsum
1394 731 1490 813 plene
1519 753 1576 796 ore
1605 752 1639 796 se
1670 751 1741 798 esse
1769 731 1833 796 Dei
1861 731 2067 814 prephatam,
2101 752 2161 797 nae
2189 735 2367 816 quidquam

369 823 478 888 Deum
502 823 536 884 in
563 821 633 886 eius
662 839 811 904 persona.
856 818 1022 900 Utrinque
1053 817 1236 900 probabiles
1265 828 1342 880 sunt
1393 817 1562 900 proprium
1593 814 1721 898 afferre,
1754 816 1810 882 sed
1844 817 1965 882 habere
1997 825 2118 882 oertam
2153 819 2365 885 venationem.

370 908 588 974 euuieoturae:
632 905 710 987 quia
745 906 772 968 si
809 905 977 986 sequimur
1013 904 1209 969 seutentiam
1247 902 1341 979 bano,
1394 900 1490 982 Quod
1513 903 1541 968 si
1563 901 1618 966 bie
1639 922 1745 966 sermo
1767 901 1924 967 tribuitur
1947 901 2011 966 Dei
2034 902 2222 981 emtoribus,
2243 911 2277 968 ot
2297 907 2366 988 qni·

371 1012 489 1075 nempe
519 992 605 1074 quod
633 992 697 1057 Dei
727 991 878 1068 eultores,
913 989 968 1071 qui
999 989 1152 1054 favebant
1174 987 1342 1070 Ieremias,
1395 987 1454 1053 bus
1487 987 1690 1071 propositum
1724 995 1795 1052 erat
1833 987 2007 1053 defendere
2039 1008 2076 1053 ae
2110 991 2193 1054 tueri
2226 990 2366 1056 salntem

370 1088 402 1144 et
424 1077 577 1143 volebant
597 1077 703 1160 ipsum
735 1076 860 1158 eripere
889 1096 929 1140 ex
960 1075 1113 1156 perieulu,
1143 1074 1189 1138 ite
1218 1074 1341 1156 loquuti
1394 1072 1562 1152 Ieremiae,
1584 1075 1649 1138 iam
1673 1073 1744 1138 beri
1767 1072 1910 1138 diximus
1933 1072 2012 1156 quid
2035 1074 2077 1139 sit
2101 1074 2137 1138 in
2158 1076 2292 1140 nomine
2313 1076 2366 1142 Ie·

369 1173 466 1229 erent:
498 1163 620 1245 poterit
646 1161 741 1228 obiiei
765 1160 850 1225 nihil
873 1160 938 1226 tale
967 1160 1116 1241 exprimi.
1162 1159 1246 1224 Nam
1276 1179 1341 1222 uuo
1395 1158 1499 1224 bovae
1522 1159 1621 1242 loqui,
1645 1179 1762 1240 nempe
1781 1179 1847 1222 nun
1869 1167 1995 1223 tentum
2014 1158 2146 1244 gloriari
2169 1159 2209 1224 de
2231 1182 2368 1228 munere

370 1257 526 1315 oontextu
548 1246 690 1328 additur,
717 1246 938 1329 etquenam
957 1246 1022 1329 fuit
1042 1247 1100 1311 vir.
1145 1244 1209 1312 Ubi
1233 1256 1341 1310 autam
1394 1244 1593 1328 prophetiae,
1617 1244 1674 1309 sed
1692 1243 1789 1308 fidem
1809 1245 1915 1308 faeere
1932 1243 2018 1320 fidei,
2042 1250 2139 1328 atque
2157 1246 2386 1331 integritatis,-

370 1335 548 1417 lequuotur
582 1332 704 1399 diversi
737 1333 902 1410 hemines,
943 1331 1059 1396 deiude
1092 1330 1147 1396 ubi
1181 1330 1239 1394 alii
1270 1329 1343 1394 aliis
1394 1339 1431 1393 ut
1454 1350 1489 1394 re
1512 1331 1582 1413 ipsa
1604 1329 1727 1396 seilieet
1749 1339 1847 1412 atque
1869 1329 1987 1394 effeetu
2016 1331 2132 1413 probet
2152 1352 2188 1397 se
2210 1353 2280 1400 essa
2301 1334 2368 1400 Dei

370 1431 566 1504 repugnant,
588 1417 669 1484 solet
691 1418 797 1482 notari
820 1415 950 1500 aliquod
973 1416 1157 1481 diserimen.
1204 1415 1343 1480 Videtur
1394 1415 1598 1498 prophetam,
1628 1416 1777 1499 quivult
1807 1415 1881 1480 talis
1907 1418 2041 1482 eenseri.
2085 1416 2202 1482 Postea
2230 1418 2367 1500 addunt,

370 1526 448 1589 ergo
470 1527 535 1570 uuo
557 1513 712 1571 contextu
734 1502 796 1569 hoe
824 1503 1000 1587 legendum
1022 1523 1104 1586 esse,
1134 1501 1216 1584 quod
1243 1500 1340 1566 iidem
1396 1499 1597 1581 Prophetavit
1617 1505 1722 1567 contro
1742 1499 1848 1566 arbem
1869 1500 1958 1584 bone,
1980 1507 2130 1567 utcontra
2150 1508 2266 1569 terrem
2286 1505 2369 1572 horto

369 1591 428 1671 illi,
459 1592 516 1673 qui
543 1592 634 1674 prius
664 1589 851 1672 exemplum
881 1588 1031 1653 Mieheae
1060 1588 1270 1652 reeiteverint
1300 1608 1342 1652 ex
1394 1587 1560 1653 emendum
1575 1607 1729 1654 saronas
1744 1585 1906 1652 leenae.
1940 1587 1977 1652 Si
1994 1587 2173 1653 adversarii
2189 1589 2368 1672 prophatae

371 1678 520 1760 opposito
542 1675 731 1760 adiungant,
760 1675 876 1741 Uriam
900 1673 1026 1739 dedisse
1054 1671 1182 1755 quidem
1214 1692 1342 1754 poenas,
1394 1672 1587 1755 loquuntur,
1622 1673 1770 1738 videmus
1801 1693 1875 1737 eum
1910 1673 2063 1755 opprimi,
2102 1676 2194 1756 quasi
2232 1677 2369 1758 posthae

370 1763 426 1830 sed
448 1764 494 1826 ita
516 1762 622 1827 seelus
645 1761 759 1828 seeleri
786 1760 885 1825 tuisse
915 1759 1070 1835 additum,
1102 1768 1139 1823 ιιι
1162 1758 1244 1823 nibil
1268 1779 1342 1841 pro·
1394 1778 1633 1840 supervaeuum
1666 1759 1709 1824 sit
1741 1777 1936 1842 eognosoare
1964 1758 2004 1823 de
2031 1761 2101 1824 eius
2130 1781 2237 1837 eausa,
2266 1782 2368 1843 quum

370 1849 484 1914 feeerit
505 1847 689 1912 Iehoiakim
712 1867 811 1928 quum
834 1846 881 1911 ita
902 1845 1023 1909 furiosa
1052 1853 1268 1928 persequutus
1294 1857 1344 1909 est
1394 1844 1563 1909 ultoriam
1586 1843 1759 1909 damnatus
1781 1844 1887 1920 fuerit,
1912 1845 1967 1926 qui
1990 1852 2099 1910 tamen
2122 1845 2204 1911 nibil
2229 1847 2369 1912 babebat

370 1932 435 1998 Dei
469 1933 671 2016 prophetam.
723 1931 819 2012 Quod
853 1941 962 1996 autem
996 1952 1061 1995 non
1093 1930 1271 2013 lequuntur
1303 1929 1343 1993 de
1395 1931 1435 1995 ab
1457 1950 1495 1994 ee
1518 1929 1686 2009 dissimile,
1714 1928 1768 1992 vel
1796 1942 1992 2010 separatum.
2038 1930 2202 2011 Loquetur
2223 1938 2269 1997 eat
2289 1953 2369 2016 erge

371 2020 475 2095 exitu,
498 2040 563 2083 nen
587 2016 681 2083 debet
703 2017 808 2082 videri
837 2015 1024 2092 absurdum,
1052 2018 1128 2098 quia
1156 2024 1235 2080 tuno
1265 2030 1343 2079 neta
1395 2016 1564 2082 secandum
1595 2034 1751 2081 semones
1784 2015 1952 2080 Iererniae:
1985 2014 2160 2081 damnatus
2189 2027 2255 2082 est:
2288 2017 2368 2101 quid

370 2113 441 2170 erat
463 2104 614 2169 omnibus
636 2101 727 2168 urbis
748 2111 782 2168 et
804 2103 915 2186 pepuli
933 2100 1084 2184 eonditio‚
1108 2112 1141 2164 et
1163 2101 1341 2183 perieulum
1395 2123 1472 2184 erge
1512 2100 1698 2165 dubitemus
1736 2119 1823 2164 nune
1860 2098 1901 2163 de
1933 2099 2094 2166 Ieremia?
2139 2101 2297 2168 Videmus
2332 2119 2370 2169 ut

372 2189 506 2274 gravius
537 2189 689 2254 instabat.
744 2188 858 2253 Potuit
888 2188 990 2271 igitur
1024 2187 1162 2270 proferri
1196 2185 1236 2250 ab
1264 2187 1343 2269 ipsis
1395 2187 1538 2272 maligne
1554 2195 1727 2269 torqueant
1744 2185 1779 2249 in
1797 2197 1897 2269 eaput
1914 2185 2072 2250 Ieremias
2090 2187 2151 2252 boe
2170 2187 2369 2271 exemplum,

372 2275 511 2359 simplex
534 2274 686 2338 historia:
710 2283 744 2338 et
765 2275 918 2356 queniam
941 2295 1007 2337 non
1026 2272 1190 2337 audebant
1212 2293 1343 2337 exaoer·
1396 2295 1433 2339 ae
1466 2273 1494 2337 si
1524 2272 1720 2354 praeiudioio
1749 2271 1813 2335 iam
1849 2279 1934 2336 esset
1963 2271 2137 2337 damnatus
2166 2275 2201 2336 iu
2232 2273 2370 2340 alterius

369 2361 448 2427 bare
481 2359 569 2443 regis
607 2361 768 2436 animum,
807 2358 880 2424 idae
915 2358 1026 2423 utilius
1060 2358 1120 2422 tuit
1158 2357 1344 2439 relinquere
1397 2379 1543 2441 persona.
1593 2355 1628 2423 si
1663 2367 1774 2421 autem
1807 2357 1852 2440 pii
1882 2357 1943 2420 viri
1977 2355 2066 2423 hune
2099 2379 2281 2424 sermenem
2313 2359 2371 2424 ba-

370 2454 498 2530 partem
521 2444 610 2510 illam
633 2445 668 2509 in
690 2465 856 2528 suspenso.
901 2443 939 2510 si
962 2452 1070 2509 autem
1093 2445 1196 2526 magis
1217 2443 1345 2524 plaeeat
1398 2445 1536 2524 buerint,
1559 2444 1623 2507 alia
1644 2443 1707 2507 erit
1729 2443 1819 2518 ratio,
1849 2462 1966 2524 nempe
1989 2443 2073 2525 qued
2096 2444 2124 2508 si
2147 2465 2236 2510 nune
2265 2447 2369 2510 inter·

370 2530 535 2597 eontraria
550 2531 719 2614 expositio,
741 2530 825 2613 quod
844 2529 968 2596 scilieet
990 2529 1097 2593 hostes
1116 2529 1273 2593 Ieremias
1292 2528 1344 2592 bie
1395 2531 1524 2595 finiatur
1554 2528 1724 2604 Ieremias,
1759 2526 1987 2610 provocabitur
2019 2529 2161 2593 vindieta
2189 2528 2261 2606 Dei,
2291 2531 2370 2612 quia

372 2624 487 2681 eontra
518 2615 707 2698 insurgant,
748 2623 781 2680 et
816 2624 984 2696 opponant
1017 2614 1200 2694 exemplum
1234 2613 1343 2689 Uriae,
1397 2616 1469 2699 plus
1491 2617 1570 2678 satis
1595 2615 1656 2678 suit
1684 2613 1820 2678 tundere
1851 2613 2019 2677 innoxium
2049 2615 2242 2697 sanguinem
2271 2617 2371 2680 unius

371 2701 468 2766 etiam
509 2700 626 2783 aliquis
665 2701 728 2766 erit
767 2701 903 2765 rationis
940 2699 1037 2766 uolor.
1092 2699 1233 2764 Vivebat
1274 2720 1344 2776 rex,
1395 2700 1586 2784 prophetae.
1622 2700 1741 2764 Postea
1762 2699 1918 2780 sequitur,
1943 2697 1987 2762 Et
2008 2700 2132 2766 audivit
2151 2720 2208 2764 rea
2231 2699 2368 2783 Ioakiot,

372 2786 510 2851 aderant
542 2787 611 2851 eius
648 2785 841 2863 eonsiliarii,
879 2784 1153 2868 quemadmodum
1191 2784 1343 2848 diximus.
1396 2791 1424 2850 et
1452 2805 1555 2850 omnes
1588 2785 1656 2850 eiua
1685 2789 1853 2868 ιιιαριιαιεε,
1883 2789 1910 2848 et
1932 2803 2080 2864 pretam
2107 2805 2263 2850 sermones
2288 2787 2367 2852 eitra.

371 2872 484 2936 Potuit
507 2872 609 2956 igitur
637 2873 709 2936 fieri
731 2872 843 2954 utqui
866 2870 1019 2936 volebant
1040 2871 1213 2936 Ieremiam
1237 2871 1343 2951 perdi·
1396 2870 1462 2937 Hie
1479 2890 1592 2935 versus
1611 2869 1741 2933 videtur
1763 2870 1938 2953 suffragari
1960 2889 2074 2934 eorum
2097 2873 2289 2948 sententiae,
2312 2873 2369 2954 qui

371 2966 452 3040 tum,
475 2958 597 3022 reeenti
621 2957 682 3022 boe
705 2958 854 3039 exemplo
877 2957 1089 3022 abuterentur
1113 2955 1152 3021 ad
1176 2956 1246 3021 eins
1269 2975 1342 3039 per·
1396 2957 1449 3020 hie
1471 2957 1540 3038 pios
1563 2955 1650 3021 viros
1672 2954 1841 3037 loquentes
1863 2952 2033 3020 indueunt.
2079 2955 2164 3020 Nam
2187 2956 2298 3022 odiosa
2320 2957 2368 3021 lo·

372 3043 507 3108 uieiem:
546 3042 615 3107 Cur
648 3042 701 3109 hie
734 3043 908 3107 incolumis
941 3041 1073 3123 evadet,
1107 3061 1206 3125 quum
1240 3061 1344 3123 nuper
1396 3052 1542 3125 quantur
1575 3040 1614 3105 de
1645 3061 1722 3123 rege
1751 3049 1785 3104 et
1815 3039 1855 3105 de
1886 3043 1955 3104 eius
1985 3040 2195 3106 consiliariis:
2233 3042 2372 3107 Audierit

371 3128 497 3192 eeeisus
531 3129 629 3192 tuerit
661 3126 776 3204 Urias,
815 3126 943 3210 quando
975 3125 1089 3192 eadem
1122 3147 1257 3211 prorsus
1294 3134 1344 3191 est
1395 3149 1461 3211 ran,
1493 3131 1521 3192 et
1548 3145 1651 3191 manes
1671 3127 1741 3190 aios
1761 3130 1930 3209 magnates
1962 3135 2121 3208 potentes,
2148 3126 2367 3192 adverbum:

372 3214 491 3277 eausa?
539 3212 637 3278 Urias
674 3213 760 3278 enim
799 3233 864 3277 nou
901 3213 1031 3297 longius
1067 3233 1259 3296 progressus
1295 3222 1344 3277 est
1395 3211 1512 3278 deinde
1545 3231 1650 3277 omnes
1676 3211 1847 3298 principes,
1878 3217 1907 3275 et
1933 3212 2089 3292 potestat
2115 3232 2172 3276 rea
2199 3212 2370 3294 interficere

372 3317 469 3380 quam
493 3297 666 3361 Ieremias:
698 3298 787 3362 visus
809 3310 858 3363 eet
880 3299 988 3380 potius
1017 3317 1147 3362 sumere
1176 3318 1343 3363 sermones
1395 3300 1507 3380 ipemn.
1557 3297 1671 3361 Potest
1704 3307 1813 3360 tamen
1847 3297 1944 3361 etiam
1977 3295 2031 3362 hie
2064 3317 2170 3362 sermo
2205 3299 2370 3380 quadrare

372 3403 413 3448 ex
437 3403 492 3447 ere
514 3382 610 3447 illius.
656 3381 769 3461 Quum
791 3401 869 3446 ero
899 3405 958 3448 rex
987 3382 1079 3447 illum
1110 3383 1272 3460 eeeiderit,
1302 3404 1343 3447 au
1395 3384 1551 3467 improbis
1573 3391 1607 3446 et
1628 3381 1803 3460 seeleratis,
1826 3403 1943 3464 nempe
1966 3383 2042 3464 quie
2065 3394 2187 3448 torrere
2214 3382 2371 3448 volebant

371 3479 524 3552 pareetur
554 3487 642 3532 nene
664 3405 849 3534 IeremiaeI
874 3487 932 3534 eur
953 3488 1092 3550 pesum
1116 3469 1259 3552 effugiet,
1280 3489 1345 3550 qua
1396 3470 1533 3552 plebem,
1560 3469 1786 3551 quamprimo
1816 3468 1945 3550 regium
1974 3488 2091 3532 nomen
2120 3469 2305 3551 preferrent
2334 3471 2369 3533 in

370 3553 427 3618 ille
457 3553 629 3618 defunctus
659 3561 725 3632 est,
764 3574 866 3638 quum
894 3555 1024 3638 gravior
1053 3554 1097 3619 sit
1125 3554 1194 3619 eius
1224 3553 1342 3636 eulpa?
1395 3555 1548 3630 medium,
1579 3553 1705 3628 deiude,
1732 3563 1903 3636 magnates
1934 3560 1968 3616 et
1995 3573 2154 3635 praeeras.
2206 3555 2252 3619 Et
2280 3555 2370 3620 istud

371 3638 460 3707 Hine
483 3649 617 3722 apparet
637 3659 731 3723 posse
753 3660 819 3704 non
846 3638 986 3705 absurdo
1015 3638 1143 3705 defendi
1173 3639 1261 3704 illam
1291 3661 1343 3704 ex·
1395 3659 1549 3722 quaerere
1566 3640 1783 3722 potestatium
1803 3641 1961 3716 exeusari,
1980 3658 2099 3722 nempe
2117 3640 2203 3722 qued
2222 3661 2282 3704 rex
2302 3661 2371 3704 nou

370 3725 574 3806 positionem,
593 3724 679 3806 quod
699 3723 822 3790 scilieet
840 3726 951 3791 hostes
970 3725 1128 3791 Ieremias
1146 3723 1343 3810 praeindieio
1395 3725 1538 3809 potnerit
1561 3727 1644 3791 terre
1667 3733 1791 3788 tantam
1811 3723 2053 3803 coutumeliam,
2076 3725 2156 3808 quin
2178 3747 2213 3791 se
2235 3725 2372 3791 uloisea-

371 3809 433 3876 hoe
455 3830 594 3894 gravare
616 3829 690 3875 eum
718 3811 826 3876 eonati
848 3811 924 3889 sint,
952 3811 1027 3893 quia
1049 3813 1114 3877 iam
1137 3832 1196 3876 rex
1218 3810 1343 3894 suppli·
1395 3822 1495 3894 retur,
1518 3810 1596 3877 dum
1614 3807 1748 3874 videbat
1769 3810 1962 3892 prophetam
1984 3809 2048 3875 sibi
2065 3819 2194 3875 tantum
2217 3811 2370 3877 lieentiae

371 3895 458 3961 oium
477 3895 517 3959 de
534 3895 616 3961 Uria
634 3904 829 3979 sumpserat,
853 3898 944 3962 onius
966 3917 1033 3961 non
1056 3895 1215 3963 absimilis
1237 3898 1343 3960 tuerat
1395 3917 1533 3976 sumere,
1565 3907 1601 3960 ut
1622 3915 1727 3978 neque
1748 3907 1878 3960 sanetae
1906 3893 1977 3960 urbi
2008 3915 2116 3978 neque
2145 3895 2264 3978 templo
2292 3917 2371 3980 par·

371 3999 479 4047 eausa.
523 3981 568 4044 lit
594 3980 678 4045 bane
708 4001 836 4065 quoquo
865 3983 1098 4064 expositionem
1127 4003 1192 4047 uon
1222 3981 1342 4048 raiieie.
1395 3993 1492 4050 earet.
1537 3981 1673 4048 Aadioit
1693 4001 1771 4065 erge
1798 4000 1857 4045 rea
1884 3987 1911 4045 et
1938 3981 2041 4046 macti
2067 3980 2137 4048 aius
2158 4001 2313 4065 prmerae,
2341 3987 2371 4047 at

372 4065 410 4132 Si
432 4067 485 4132 oui
512 4066 617 4150 magis
646 4067 780 4150 plaoeat,
814 4076 967 4151 patronos
1000 4067 1157 4133 Ieremias
1190 4069 1343 4152 prosequi
1394 4073 1574 4151 mopnetea:
1600 4064 1726 4146 deinde,
1748 4066 1905 4147 quaesivit
1925 4085 1982 4130 raa
2003 4067 2107 4148 meum
2127 4067 2314 4146 interficere:
2342 4072 2372 4132 et

372 4171 469 4217 soum
495 4171 689 4231 sermonem,
718 4152 812 4219 Iaeile
842 4152 1031 4218 admittam:
1061 4153 1118 4218 sed
1146 4173 1210 4218 uon
1241 4153 1343 4218 audeo
1395 4155 1519 4221 aedidit
1547 4152 1653 4231 Urias,
1677 4157 1705 4216 et
1730 4151 1844 4234 timuit,
1874 4151 2014 4235 atfupit.
2059 4150 2166 4218 Deoet
2196 4151 2249 4218 bie
2279 4151 2372 4218 loeus

373 4245 482 4301 tamen
515 4235 689 4320 repudiare
721 4237 913 4321 simplieiter
942 4258 1075 4303 sensum
1109 4239 1223 4316 istum,
1257 4238 1343 4322 qued
1395 4241 1493 4305 etiam
1526 4239 1643 4322 probus
1677 4237 1739 4302 Dei
1773 4257 1893 4314 serves,
1926 4244 1960 4300 et
1992 4238 2048 4320 qni
2082 4236 2217 4303 student
2248 4259 2372 4304 munus

372 4321 496 4386 seilieet
521 4331 678 4405 gravatus
709 4322 810 4388 fuerit
837 4324 993 4388 Ieremias
1022 4323 1231 4406 praeiudicio,
1264 4322 1343 4388 dum
1395 4344 1492 4390 suum
1513 4324 1598 4390 bona
1619 4322 1683 4388 fide
1701 4325 1843 4406 exsequi,
1864 4343 1931 4387 non
1949 4331 2059 4387 tamen
2077 4343 2205 4406 semper
2228 4323 2277 4388 ita
2299 4344 2372 4390 esse

370 4408 556 4491 prepositus
578 4415 629 4474 est
649 4407 684 4472 iu
708 4408 895 4492 exemplum
918 4409 1026 4487 Urias,
1048 4410 1102 4492 qui
1124 4409 1196 4473 idae
1219 4409 1344 4474 oeeieus
1395 4410 1567 4485 animosos,
1597 4420 1634 4473 ιιι
1654 4409 1740 4472 intre
1765 4408 1818 4472 ide
1839 4414 2051 4474 eentemnaut
2077 4410 2187 4474 omnia
2214 4409 2370 4490 perieula.

371 4494 478 4558 fuerat
506 4513 525 4556 a
550 4512 641 4576 rege,
675 4494 828 4576 queniam
862 4495 1059 4560 vatieiuates
1092 4495 1199 4560 luerat
1231 4501 1344 4559 ooutre
1395 4495 1526 4560 Dieitur
1547 4495 1635 4558 enim
1665 4427 1824 4577 propbeta
1851 4493 2009 4577 timuisse,
2039 4513 2145 4576 nequo
2173 4493 2247 4560 ideo
2277 4493 2370 4559 dam·

371 4577 485 4643 urbem
508 4587 539 4641 et
562 4577 730 4660 templum.
764 4578 863 4644 Nune
884 4580 1108 4662 expendamus
1130 4579 1243 4646 verba:
1267 4578 1345 4644 Fuit
1395 4591 1502 4646 natur.
1547 4579 1621 4645 Non
1649 4583 1751 4645 oaruit
1780 4577 1909 4662 quidem
1940 4579 2039 4644 timor
2067 4577 2121 4645 hie
2146 4579 2258 4662 aliquo
2281 4581 2370 4657 vitio,

371 4663 463 4730 etiem
484 4663 537 4727 vir
558 4663 748 4744 prophetans
773 4665 808 4729 irs
834 4666 955 4731 omnino
978 4665 1117 4731 Ieboooa
1162 4663 1200 4731 si
1229 4665 1343 4747 reeipi·
1396 4665 1452 4732 sed
1475 4665 1634 4730 laboravit
1656 4664 1713 4729 tali
1741 4674 1840 4740 metu,
1872 4673 1908 4730 ut
1938 4674 2047 4728 tamen
2070 4686 2134 4728 non
2157 4664 2329 4731 desisteret
2349 4685 2372 4729 a

370 4771 444 4815 mus
466 4769 579 4815 eorum
602 4751 809 4832 seutentiam,
832 4751 887 4834 qui
910 4759 1029 4832 putant
1051 4751 1163 4817 hostes
1184 4748 1344 4815 Ieremias
1396 4772 1454 4818 sua
1486 4753 1665 4818 voeatione.
1716 4749 1850 4814 Poterat
1882 4750 1969 4814 enim
1998 4750 2128 4830 plaeere
2153 4771 2282 4835 regem:
2311 4750 2370 4816 sed

371 4835 469 4918 loqui,
504 4855 623 4900 nomen
653 4833 797 4900 Iebuvae
831 4837 883 4902 bie
914 4840 1064 4902 sumetur
1092 4836 1255 4902 duntaxat
1285 4856 1344 4918 pre
1395 4836 1500 4921 magis
1532 4834 1705 4900 exhorruit
1737 4834 1835 4899 talem
1873 4834 2042 4919 perfidiam
2083 4854 2180 4918 quam
2218 4845 2370 4901 mortem.

370 4920 478 4986 fallaoi
507 4928 697 5004 praetextu,
731 4941 769 4986 ao
791 4923 819 4986 si
849 4920 1014 5006 ditarent,
1049 4922 1122 4988 Hoe
1150 4922 1214 4986 iam
1245 4921 1344 4987 nimis
1397 4921 1452 4989 Sie
1473 4923 1574 5006 igitur
1595 4921 1716 4998 timuit,
1748 4932 1785 4985 ιιι
1814 4941 1879 4986 non
1908 4921 2080 4985 deflexerit
2102 4940 2122 4984 a
2144 4928 2232 4987 reete
2262 4941 2372 5002 eumn,

371 5006 506 5090 vulgare
527 5016 586 5085 est,
609 5005 787 5072 obtendere
809 5027 925 5071 nomen
950 5007 1030 5072 Dei:
1060 5028 1155 5072 neme
1178 5007 1264 5072 euim
1288 5007 1344 5089 qui
1396 5027 1501 5090 neque
1518 5007 1732 5091 abnegaverit
1749 5005 1931 5086 veritatem,
1953 5025 2059 5088 neque
2078 5006 2178 5071 etiam
2196 5005 2371 5091 iudignum

371 5091 431 5156 sibi
455 5090 605 5156 vendieat
627 5091 763 5158 doeendi
787 5111 906 5157 munus
928 5111 994 5157 non
1012 5093 1113 5159 iactat
1130 5114 1166 5159 se
1185 5092 1343 5157 divinitus
1396 5093 1572 5176 quidquam
1594 5090 1763 5158 admiserit
1785 5099 1818 5156 et
1846 5090 1951 5176 gradu
1979 5111 2047 5170 suo,
2075 5099 2109 5156 et
2135 5112 2279 5176 persona
2307 5090 2370 5157 sibi

371 5196 442 5241 esse
472 5176 618 5254 missum,
647 5187 680 5244 et
708 5175 771 5241 sibi
800 5175 987 5242 mandatum
1020 5198 1090 5244 esse
1112 5200 1132 5242 a
1155 5178 1225 5243 Deo
1249 5177 1343 5260 quid·
1395 5178 1557 5262 imposita.
1602 5179 1714 5244 Timor
1736 5198 1772 5241 er
1843 5177 1972 5243 tametsi
1994 5176 2134 5243 vitiosus
2163 5177 2274 5254 tuerit,
2303 5198 2370 5243 nou

372 5261 451 5344 quid
488 5262 641 5345 loquitur.
703 5262 761 5329 Sie
800 5283 878 5348 ergo
919 5261 1047 5345 oblique
1086 5265 1344 5348 perstringerent
1396 5273 1505 5329 tamen
1528 5263 1672 5347 abripuit
1693 5283 1773 5347 prop
1799 5272 1894 5342 etam,
1921 5261 2000 5345 quie
2022 5283 2150 5346 semper
2172 5263 2207 5328 in
2229 5283 2291 5329 sua
2312 5283 2370 5328 vo-

370 5346 554 5427 Ieremiam,
577 5347 661 5430 qnod
683 5369 748 5415 uon
771 5347 914 5415 suffioiat
935 5347 1110 5414 obtendere
1133 5369 1250 5415 nomen
1271 5347 1343 5426 Dei,
1396 5350 1524 5416 natione
1545 5348 1644 5415 fidem
1666 5347 1738 5416 Dee
1765 5348 1973 5432 praestiterit.
2018 5345 2085 5414 Sed
2108 5346 2193 5432 quod
2216 5346 2371 5428 restabat,
