5158 6124
222 411 286 478 525
913 409 963 475 IN
985 407 1234 475 lanternam.
1277 407 1376 474 OAP.
1399 405 1529 474 XXVI.
2157 411 2220 478 526

222 600 411 685 prophetas,
444 620 549 684 neque
570 621 608 666 se
628 597 758 682 dignari
787 619 842 664 eos
871 597 1008 681 alloqui,
1041 597 1194 680 quoniam
1247 596 1375 660 interea
1398 615 1491 678 posse
1513 596 1600 678 ipsos
1628 598 1763 680 placeri,
1792 599 1889 664 modo
1918 609 2077 683 quaerant
2106 621 2220 668 recon-

245 688 423 770 ropositum
456 686 522 750 illie
554 684 598 750 ait
629 685 737 751 Deum
772 683 910 767 superbo
945 683 1125 765 despicere,
1164 693 1197 746 et
1247 680 1444 748 ciliationem
1464 701 1540 747 oum
1562 681 1643 748 Deo.
1687 682 1800 762 Addit,
1823 684 1942 752 Audite
1962 706 2063 754 roten
2077 685 2221 772 Ielrooac,

262 772 343 838 llum
374 792 487 856 gerere
519 771 612 852 quasi
640 791 680 836 ex
704 769 848 853 proleseo
877 790 951 835 cum
979 771 1050 834 cius
1080 768 1196 834 servis.
1248 776 1285 831 ut
1314 765 1464 832 ostendet
1491 787 1528 831 se
1555 766 1639 832 nihil
1669 769 1802 853 exigere
1831 792 1954 836 novum
1981 792 2000 835 a
2023 772 2152 855 populo,
2185 795 2221 840 se

223 858 308 924 Nam
331 856 420 923 baud
443 856 540 921 dubie
562 855 705 922 libenter
726 855 826 922 etiam
848 853 937 938 ipsos
959 864 1095 919 conatus
1117 853 1195 918 luis·
1247 872 1313 917 non
1343 852 1511 934 imponere
1540 852 1670 935 aliquod
1700 855 1812 939 iugum
1844 856 1972 924 durius:
2002 857 2060 922 scd
2090 868 2220 924 tantum

222 953 275 1010 set
307 963 460 1010 revocare
492 941 529 1006 in
558 941 645 1006 viam
679 941 806 1006 salutis.
858 938 925 1006 Sed
958 939 1036 1023 quis
1066 939 1198 1004 videbat
1247 955 1400 1002 revocare
1421 937 1510 1020 ipsos
1531 939 1571 1001 ad
1595 937 1810 1006 obedientiam
1835 942 1926 1026 legis.
1962 943 2008 1008 Et
2030 942 2134 1026 addit,
2161 942 2220 1010 Ob·

222 1030 367 1097 clausam
401 1028 462 1094 sibi
494 1047 566 1093 csse
597 1026 747 1105 ianuam,
786 1025 860 1092 ideo
893 1027 981 1108 ipsos
1017 1024 1196 1106 praeteriit.
1247 1027 1410 1103 temperate
1430 1023 1496 1089 uoci
1518 1023 1649 1090 Isiacae
1669 1025 1734 1092 Dei
1754 1029 1864 1094 cetri:
1886 1035 1923 1094 ut
1945 1028 2038 1092 tollat
2060 1029 2140 1112 ipsis
2163 1051 2219 1095 ex·

221 1115 315 1182 Haec
336 1115 421 1180 ratio
443 1125 502 1193 ιιι,
526 1132 584 1177 ιιι
606 1110 693 1178 dicat
713 1131 883 1178 sermonen
911 1109 1066 1178 direaiese
1087 1109 1130 1176 cd
1149 1129 1197 1175 so·
1247 1108 1463 1186 cusationem,
1497 1129 1539 1172 ne
1569 1109 1692 1176 scilicet
1720 1114 1888 1190 obliniant,
1921 1111 1982 1178 sibi
2015 1115 2219 1198 incognitum

221 1201 269 1267 ios
290 1199 453 1282 principes
480 1207 514 1264 ιι
534 1195 708 1280 populum,
741 1197 870 1263 ιιιὶιιίι
902 1195 968 1262 illie
1000 1196 1085 1278 apud
1115 1214 1196 1277 quos
1247 1214 1318 1260 esse
1349 1192 1435 1276 quod
1466 1194 1591 1277 profert
1618 1195 1785 1264 Ieremias.
1836 1198 1902 1263 Hic
1935 1219 2012 1283 ergo
2045 1201 2219 1284 magnilica

222 1305 357 1370 operam
389 1283 531 1349 lusisset.
582 1283 628 1348 ut
655 1292 742 1348 certe
774 1303 873 1364 quum
908 1280 1071 1347 dixissent
1102 1279 1195 1345 illum
1246 1279 1439 1362 pronuntiet
1460 1299 1495 1344 se
1517 1279 1599 1344 nihil
1623 1281 1767 1348 ahenum
1789 1282 1937 1350 docuisse
1955 1305 1974 1348 a
1992 1285 2072 1369 lege,
2095 1300 2127 1349 et
2144 1285 2220 1352 ideo

221 1392 293 1438 esee
315 1390 408 1436 reum
431 1369 557 1449 mortis,
583 1367 641 1432 teli
662 1368 816 1450 superbia
836 1368 1049 1434 ostenderant
1071 1388 1106 1432 ιι
1129 1387 1194 1430 ιιι
1247 1363 1488 1430 inexcusabiles
1517 1386 1588 1430 csse
1610 1367 1748 1436 Iudaeos
1776 1371 1830 1452 qui
1861 1370 2100 1453 profitebantur
2122 1371 2218 1436 leho-

221 1458 291 1524 iore
313 1454 506 1537 discipulos:
541 1453 668 1531 deinde,
701 1452 877 1520 crudelitas
909 1453 1008 1518 etiem
1037 1450 1195 1529 obstabat,
1248 1471 1323 1514 vam
1345 1471 1416 1516 cese
1440 1448 1546 1515 Deum
1575 1473 1686 1532 suum,
1716 1476 1814 1536 quum
1845 1465 1956 1520 tamen
1979 1477 2044 1522 non
2067 1456 2218 1524 admitto·

221 1542 399 1626 quominus
431 1543 706 1606 mansuescerent.
758 1537 826 1606 Sed
855 1540 978 1604 iontem
1008 1539 1115 1620 ipsum
1145 1558 1195 1602 re·
1247 1547 1321 1600 rent
1343 1535 1414 1602 eius
1434 1555 1553 1616 vocem,
1576 1559 1657 1621 quae
1679 1540 1835 1605 debuerat
1857 1540 1921 1606 illis
1943 1562 2015 1606 esse
2037 1542 2217 1608 familiaris.

220 1628 331 1713 spexit
353 1625 521 1710 prophete,
544 1623 630 1708 quod
648 1623 770 1692 scilicet
789 1623 942 1691 volebant
959 1623 1195 1690 contumaciter

220 1725 253 1781 et
276 1713 348 1780 Dec
369 1719 403 1778 et
424 1711 576 1776 omnibus
605 1710 786 1794 prophetiis
807 1730 842 1776 se
863 1730 1036 1793 opponere.
1082 1707 1193 1789 Quum
1333 1708 1383 1773 14.
1408 1705 1451 1772 Er
1472 1727 1537 1791 epo,
1559 1729 1622 1775 ecoe
1642 1729 1695 1793 epo
1716 1710 1752 1774 in
1772 1730 1869 1776 arona
1889 1717 2003 1795 cedro,
2023 1712 2117 1795 facite
2138 1713 2219 1780 midi

221 1799 299 1866 dicit
320 1819 353 1864 se
373 1798 507 1864 numm
532 1796 633 1879 faiam
653 1796 697 1862 od
718 1794 969 1878 prophetandam
996 1815 1195 1877 quaeeunque
1245 1793 1339 1860 sicini
1360 1793 1471 1860 bonum
1492 1793 1539 1858 cel
1558 1796 1651 1860 acuti
1679 1801 1795 1862 rectum
1820 1797 1879 1862 erit
1907 1799 1943 1863 in
1970 1797 2068 1864 oculis
2095 1801 2217 1866 ιιιιιιι.

219 1887 285 1969 ipsi
306 1884 484 1964 audierant,
511 1882 627 1948 statuit
648 1882 735 1966 ipsos
757 1881 890 1960 iudices,
916 1901 1104 1963 quenquam
1127 1903 1194 1946 non
1334 1880 1383 1946 15.
1415 1879 1631 1946 Verumtamen
1660 1881 1784 1949 sciendo
1804 1883 1887 1963 scite,
1916 1884 1997 1966 quod
2018 1885 2049 1948 si
2069 1905 2122 1950 vos
2144 1886 2220 1952 occi-

221 1973 375 2054 loquutns
407 1967 510 2034 fuerit
550 1987 625 2032 cum
659 1965 870 2051 principibus.
922 1966 1074 2030 Vidimus
1106 1969 1194 2032 enim
1246 1966 1357 2032 deritis
1385 1985 1449 2045 me,
1484 1967 1669 2050 sanquinem
1695 1987 1818 2048 purum
1850 1966 1915 2053 (vel
1946 1969 2130 2055 innoxium)
2168 1990 2220 2036 cos

220 2058 307 2140 ipsos
329 2055 430 2120 luisse
452 2054 486 2118 in
510 2053 598 2136 regis
620 2052 751 2135 palatio,
774 2062 808 2117 et
828 2052 928 2118 luisse
951 2052 1071 2118 accitos
1094 2074 1193 2134 quum
1239 2053 1365 2132 portetis
1397 2071 1493 2132 super
1520 2072 1589 2135 cos,
1623 2056 1650 2117 et
1677 2071 1774 2134 super
1805 2055 1912 2119 rebem
1942 2047 2036 2137 banc,
2070 2061 2225 2138 etsaper'

220 2145 405 2208 metuerent
434 2139 496 2204 sibi
527 2138 699 2220 abaliquo
727 2139 833 2203 turba.
878 2137 946 2204 Sed
969 2158 1035 2204 non
1057 2138 1193 2204 dubium
1245 2135 1434 2202 habitatores
1460 2138 1543 2202 eius:
1571 2137 1649 2219 quio
1679 2138 1711 2204 in
1740 2140 1868 2204 veritate
1893 2141 1981 2205 misit
2006 2160 2054 2208 me
2082 2139 2220 2208 Iehooci

218 2229 368 2310 estquis
392 2222 713 2307 sermodeintogro
736 2224 1025 2307 lucritrepotitus.
1069 2223 1194 2290 Statuit
1245 2223 1288 2288 od
1312 2243 1373 2302 cos,
1402 2228 1436 2288 at
1463 2222 1604 2304 loquerer
1631 2223 1666 2288 in
1694 2223 1826 2290 aaron
1854 2226 1967 2292 cestris
1993 2231 2115 2292 muetos
2143 2229 2221 2294 istos

218 2335 298 2399 ergo
326 2314 413 2395 ipsos
437 2309 560 2377 iudices
582 2319 617 2376 et
638 2309 778 2375 arbitros
799 2308 955 2374 Ieremias
984 2329 1083 2391 quum
1115 2307 1194 2376 dicit
1244 2328 1406 2374 smmmtes.

219 2423 255 2467 se
278 2399 360 2465 nihil
390 2406 577 2471 retractare,
611 2395 667 2460 sed
697 2414 910 2477 quaecunque
939 2393 1125 2474 audierant,
1158 2417 1193 2462 se

218 2485 360 2551 fideliter
383 2481 559 2569 pertulisse
581 2501 624 2546 ax
644 2479 710 2546 Dei
732 2480 895 2546 mandato.
940 2479 1107 2563 Sequitur,
1332 2479 1510 2562 Postquam
1542 2480 1693 2546 hortatus
1723 2493 1773 2547 ιιι
1803 2480 1961 2548 Ieremias
1994 2484 2156 2567 prinsipes
2186 2494 2220 2552 et

1216 2615 1217 2620 ι
1246 2564 1440 2646 sacerdotes,
1471 2577 1504 2629 ιι
1525 2577 1630 2630 totum
1664 2567 1820 2649 populum
1843 2565 1884 2631 ad
1907 2569 2154 2650 poenitentiam,
2185 2581 2220 2636 et

307 2654 358 2719 13.
381 2654 426 2720 Et
441 2673 524 2720 nano
541 2651 700 2733 bonifieote
717 2650 833 2737 (bonas
850 2650 960 2737 tacite)
977 2652 1048 2718 cias
1064 2657 1194 2736 uestros,
1246 2651 1390 2717 ostendit
1412 2650 1496 2716 malo
1518 2671 1590 2716 osse
1612 2651 1802 2736 remedium,
1830 2653 1894 2716 nisi
1917 2674 1976 2720 sua
1999 2655 2219 2722 obstinatione

217 2746 247 2808 et
263 2741 369 2806 dudio
387 2745 498 2822 cedro,
518 2745 547 2805 et
563 2738 762 2820 obantperate
776 2737 845 2803 voci
859 2736 992 2802 Iobocae
1007 2737 1072 2803 Dei
1088 2739 1194 2819 nestri,
1246 2737 1351 2820 magis
1374 2756 1411 2802 ιι
1432 2737 1538 2820 magis
1565 2748 1744 2818 provocent
1776 2739 1858 2802 iram
1881 2737 1961 2802 Dei:
1996 2761 2085 2806 nunc
2115 2739 2155 2804 de
2183 2762 2218 2808 ss

217 2831 247 2891 et
269 2824 435 2907 poenitebit
457 2824 607 2891 Ieiouam
635 2824 735 2888 omnis
763 2822 842 2889 moli
870 2823 952 2905 guod
973 2825 1194 2905 pronuntiauit
1245 2823 1395 2905 loquitur,
1425 2832 1457 2886 et
1478 2822 1640 2902 admonet,
1674 2835 1711 2887 ut
1733 2844 1775 2886 ne
1798 2821 1983 2889 crudelitati
2010 2845 2087 2890 suae
2109 2825 2217 2891 indul-

216 2917 322 2978 oontrc
343 2932 407 2978 nos.
1244 2919 1353 2990 geent,
1377 2907 1473 2971 sicuti
1496 2906 1559 2971 iam
1583 2907 1661 2990 ipsis
1683 2907 1848 2973 decretum
1872 2918 1944 2973 eret
1965 2929 2039 2974 sum
2063 2910 2217 2977 occidere.

1244 2991 1460 3058 Protulerant
1488 2993 1575 3056 enim
1599 2994 1805 3072 sententiam,
1838 3005 1942 3058 morte
1970 3015 2041 3060 essa
2070 2995 2216 3077 dignum.

304 3081 370 3146 Hic
402 3101 468 3148 non
501 3088 629 3146 motam
662 3079 836 3146 confirmat
868 3100 961 3146 suem
1000 3077 1191 3162 doctrinam,
1244 3077 1387 3144 Videbat
1415 3078 1518 3161 igitur
1546 3077 1669 3144 rabiem
1697 3078 1844 3161 ipsorum
1866 3078 1913 3144 sic
1935 3078 2059 3158 ardere,
2089 3092 2127 3145 ιι
2147 3081 2217 3146 lsre

217 3166 275 3232 sed
297 3164 449 3250 obiurgat
477 3165 630 3231 duritiem
660 3177 693 3230 et
720 3165 919 3232 obstinatam
951 3164 1109 3230 malitiam
1139 3188 1191 3231 sa·
1244 3162 1451 3246 desperatum
1481 3173 1567 3229 esset
1596 3163 1637 3229 de
1665 3164 1735 3230 eius
1757 3164 1836 3232 rite.
1880 3163 1945 3230 Hic
1968 3186 2045 3230 vero
2072 3166 2218 3233 minatur

215 3250 385 3320 cardetum
408 3260 442 3316 st
463 3251 706 3333 prophetarum.
738 3251 883 3317 Tametsi
905 3249 993 3315 enim
1016 3249 1192 3333 alloquitur
1243 3248 1352 3315 Deum
1371 3249 1442 3315 fore
1460 3248 1600 3314 ultorem
1618 3250 1646 3317 si
1661 3249 1783 3316 iniuste
1800 3261 1913 3316 contra
1931 3250 2040 3333 ipsum
2058 3252 2217 3320 saeviant.

216 3337 382 3422 prinsipes
404 3345 438 3402 et
458 3336 625 3420 populum,
658 3345 857 3402 tamennon
881 3336 1015 3402 dubium
1039 3339 1191 3419 estquis
1243 3336 1376 3401 Interea
1402 3335 1558 3414 ostendit,
1591 3357 1627 3401 se
1656 3356 1724 3401 non
1752 3333 1832 3402 adeo
1866 3335 2043 3402 sollicitum
2077 3358 2148 3403 csse
2176 3337 2217 3404 de

216 3423 360 3490 voluerit
386 3422 494 3489 acrius
522 3441 669 3504 pungere
698 3422 816 3506 impios
848 3420 929 3500 illos,
963 3421 1019 3504 qui
1047 3441 1119 3486 sese
1140 3422 1190 3488 in·
1243 3421 1375 3504 propria
1409 3422 1495 3498 vita,
1533 3429 1571 3486 ut
1603 3421 1752 3505 negligat
1788 3421 1872 3505 quod
1909 3421 2120 3505 praecipuum
2156 3436 2216 3492 est.

215 3507 375 3594 gerebant
400 3519 514 3574 contra
534 3505 656 3573 Deum.
700 3507 834 3573 Interea
863 3514 971 3572 tamen
1002 3506 1192 3574 extenditur
1242 3506 1411 3572 Permittit
1440 3506 1528 3572 enim
1554 3528 1590 3572 se
1612 3527 1724 3572 eorum
1754 3505 1889 3573 libidini.
1935 3505 2080 3572 Statuits
2102 3507 2142 3572 de
2163 3529 2217 3574 me

215 3615 324 3661 sermo
346 3593 386 3658 ad
410 3613 542 3672 omnes,
574 3613 675 3675 quum
698 3591 793 3668 dicit,
828 3589 917 3671 Quid
943 3589 1097 3674 peccari?
1130 3613 1191 3676 ego
1242 3599 1281 3656 ut
1304 3591 1430 3671 voletis,
1461 3593 1585 3675 inquit:
1618 3589 1725 3658 videte
1746 3593 1873 3658 interea
1895 3592 1971 3675 quid
1993 3593 2113 3676 agatis:
2148 3593 2215 3658 Do-

216 3679 363 3746 consului
396 3678 494 3746 saluti
527 3689 671 3744 vestrae:
712 3677 834 3742 moriar
866 3676 976 3759 igitur.
1030 3675 1191 3743 Videmus
1242 3677 1353 3742 minus
1374 3677 1463 3742 enim
1482 3698 1545 3742 non
1564 3679 1651 3743 sinat
1672 3677 1866 3760 sanguinem
1888 3677 2059 3742 innoxium
2080 3677 2216 3763 impune

216 3785 295 3850 ergo
318 3775 356 3828 ut
377 3763 537 3848 propheta
559 3784 626 3829 non
648 3771 778 3828 tentum
805 3763 977 3828 confirmet
1000 3781 1092 3828 suam
1116 3761 1190 3828 doc·
1242 3760 1347 3828 lundi.
1400 3760 1511 3842 Quum
1544 3759 1622 3828 dicit
1653 3781 1687 3828 se
1711 3782 1776 3830 esse
1803 3763 1839 3827 in
1866 3782 1963 3828 manu
1992 3781 2116 3847 eorum,
2149 3783 2216 3830 non

216 3851 350 3928 tunam,
382 3849 438 3916 ssd
462 3847 549 3914 ultro
578 3860 709 3914 accuset
737 3867 776 3912 ιι
803 3846 1000 3914 condemnet
1027 3867 1104 3912 suos
1133 3847 1190 3913 ad·
1242 3845 1399 3932 intelligit
1434 3867 1468 3912 se
1497 3867 1567 3912 esse
1597 3856 1693 3913 extre
1720 3868 1834 3913 curam
1864 3847 1944 3914 Dei:
1978 3848 2035 3914 aad
2064 3847 2216 3918 Christus

217 3936 381 4002 voratrice
414 3934 679 4018 ingratitudinis,
715 3933 793 4015 quia
825 3931 908 3997 nihil
941 3930 1080 3998 debebat
1111 3935 1191 4014 ipsis
1243 3933 1341 3999 etiam
1363 3931 1410 4000 sic
1432 3932 1583 4015 loquitur,
1613 3954 1714 4016 quum
1743 3934 1895 3998 hortatur
1924 3953 2000 4000 euos
2030 3931 2215 4018 discipulos,

215 4042 287 4088 esse
314 4020 420 4105 magis
448 4019 596 4098 amabile,
628 4018 679 4084 rel
706 4018 856 4100 suarius,
884 4037 981 4099 quem
1012 4019 1119 4082 vocari
1149 4018 1189 4084 ad
1242 4038 1284 4083 nc
1307 4026 1456 4082 metuant
1477 4037 1533 4084 eos
1554 4018 1609 4101 qui
1632 4031 1771 4100 possunt
1793 4039 1911 4101 corpus
1938 4017 2094 4086 occidere.
2138 4019 2214 4086 Non

215 4107 458 4190 poenitentiam,
482 4116 518 4170 ut
541 4106 633 4170 Dens
654 4113 739 4170 esset
761 4103 829 4169 illis
850 4103 1045 4168 misericors.
1084 4101 1189 4183 Quor·
1242 4103 1377 4169 dubium
1400 4113 1449 4168 est
1472 4103 1551 4185 quin
1574 4103 1683 4187 capilli
1706 4105 1808 4168 nostri
1831 4105 1898 4169 sint
1919 4106 2083 4170 numerati
2105 4127 2215 4172 corem

215 4213 289 4258 aum
315 4199 442 4276 spectat
469 4189 617 4256 docmina
646 4188 741 4254 moa?
774 4209 892 4271 nempe
915 4199 952 4254 ut
974 4187 1189 4270 resipiscatis:
1241 4187 1323 4254 Deo.
1360 4187 1412 4253 Ita
1434 4189 1507 4254 fieri
1528 4209 1592 4254 non
1617 4201 1732 4271 potest,
1757 4201 1793 4254 ut
1815 4191 1949 4274 tyranni
1972 4188 2048 4254 dum
2072 4193 2215 4256 maxime

214 4277 440 4360 resipiscentia
476 4275 554 4358 quid
587 4273 709 4341 affert?
750 4295 867 4356 nempe
900 4273 1057 4338 salutem:
1098 4274 1190 4339 Deus
1241 4277 1400 4351 saeviunt,
1419 4273 1586 4358 ettingant
1605 4296 1664 4339 nos
1682 4275 1816 4340 minimo
1837 4274 1953 4359 digito:
1975 4277 2036 4339 nisi
2054 4289 2215 4357 quatenus

215 4361 304 4430 onim
327 4376 459 4446 paratus
477 4371 527 4428 ιιι
544 4362 638 4426 vobis
656 4361 840 4444 ignoscere:
863 4379 951 4426 nunc
968 4380 1035 4424 non
1053 4361 1189 4440 potestis
1241 4357 1305 4424 illis
1335 4359 1528 4442 permissum
1559 4361 1665 4424 luerit.
1718 4358 1854 4426 Certum
1887 4361 1989 4444 igitur
2017 4374 2080 4441 est,
2113 4362 2214 4428 vitam

213 4449 309 4527 ferre,
340 4459 378 4512 ut
399 4446 491 4512 Deus
513 4447 556 4512 sit
578 4443 669 4511 vobis
691 4443 892 4511 misericors:
926 4443 1031 4527 qualis
1052 4453 1104 4510 eat
1126 4447 1190 4510 ista
1241 4460 1386 4510 nostram
1417 4466 1587 4528 nunquam
1618 4465 1689 4510 esse
1719 4445 1754 4509 in
1786 4466 1885 4510 manu
1917 4439 2104 4524 hominum,
2138 4447 2215 4529 quia

214 4531 345 4600 rabies?
385 4531 456 4598 Iam
486 4552 565 4615 ergo
594 4529 742 4596 videmus
775 4549 931 4611 quorsum
966 4528 1079 4595 tendat
1112 4551 1188 4596 oon·
1241 4529 1332 4596 Deus
1360 4541 1411 4596 ιιι
1431 4529 1539 4597 fidelis
1566 4531 1637 4595 eius
1666 4542 1786 4598 custos.
1831 4529 1898 4597 Sed
1932 4531 2121 4598 humanitus
2152 4533 2215 4598 hoo

213 4619 325 4685 silium
348 4618 535 4700 prophetae.
579 4617 627 4681 lt:
647 4615 702 4681 hic
723 4616 815 4682 locus
836 4615 1000 4680 notandus
1022 4625 1081 4693 ιιι,
1113 4617 1189 4698 qnia
1241 4614 1321 4682 dicit
1338 4614 1494 4681 Ieremias
1516 4617 1612 4682 uitam
1628 4635 1721 4682 mam
1742 4637 1808 4682 esse
1824 4617 1859 4681 in
1877 4637 1983 4682 eorum
2000 4637 2115 4685 mana:
2137 4618 2215 4699 quia

214 4701 367 4770 omnibus
389 4703 498 4786 impiis
517 4700 611 4767 Deus
631 4699 814 4768 mercedem
837 4699 1010 4784 rependet:
1032 4721 1097 4764 non
1117 4713 1188 4765 tan-
1241 4700 1304 4767 Dei
1326 4701 1534 4784 providentia
1557 4700 1648 4767 uobis
1671 4701 1798 4768 occulta
1819 4714 1882 4778 cst,
1913 4723 2020 4786 neque
2042 4723 2215 4786 possumus

213 4797 285 4856 tum
315 4788 401 4871 quod
429 4786 643 4854 obduruerint
671 4785 712 4852 ad
741 4807 872 4853 omnem
903 4783 1100 4862 doctrinam,
1129 4786 1187 4852 sed
1240 4807 1311 4851 eam
1341 4805 1475 4852 cernere
1504 4787 1566 4852 nisi
1593 4785 1670 4852 fidei
1693 4787 1805 4853 oeulis.
1851 4787 1963 4868 Quum
1993 4808 2070 4871 ergo
2102 4785 2214 4854 hostes

213 4874 300 4959 quod
328 4873 453 4939 fuerint
480 4873 645 4938 manilssti
675 4880 707 4936 ιι
729 4872 821 4954 quasi
852 4873 951 4938 iurati
976 4872 1086 4937 hostes
1112 4893 1187 4955 pro·
1239 4871 1394 4938 videntur
1413 4873 1459 4937 sic
1477 4872 1570 4938 nobis
1588 4872 1761 4953 dominari,
1784 4886 1821 4938 ut
1838 4874 1964 4938 nullum
1983 4873 2028 4938 sit
2045 4873 2213 4957 effugium,

212 4963 304 5045 prise
334 4959 465 5025 salutis:
500 4980 542 5023 ex
571 4978 637 5041 qno
670 4979 735 5022 non
767 4957 973 5024 admiserunt
1006 4955 1188 5022 remedium
1239 4977 1299 5040 per
1321 4959 1563 5024 concessionem
1586 4961 1748 5042 scriptura
1770 4958 1849 5025 dicit
1872 4981 1930 5024 nos
1952 4979 2023 5022 ιιιι
2045 4960 2078 5022 in
2100 4978 2213 5023 eorum

212 5045 275 5112 eibi
295 5045 514 5111 necessarium
533 5065 594 5110 noc
611 5045 838 5110 sustinuerunt
854 5063 889 5110 se
907 5041 1017 5110 reduci
1036 5042 1069 5108 in
1088 5042 1188 5124 riam,
1239 5063 1349 5117 manu,
1380 5063 1498 5125 nempe
1527 5055 1690 5126 quatenus
1716 5064 1832 5110 sensus
1853 5055 1965 5110 noster
1987 5044 2212 5126 apprehendit.

212 5139 252 5198 ιιι
282 5131 362 5214 ipsis
394 5131 589 5214 ignosceret.
643 5129 741 5196 Nunc
773 5149 852 5212 crgo
884 5126 1105 5209 emphaticam
1138 5138 1188 5195 est
1239 5125 1372 5193 Interea
1405 5129 1582 5194 tenendum
1612 5139 1672 5210 est,
1705 5150 1764 5196 nos
1787 5131 1922 5195 minime
1951 5149 2022 5194 esee
2049 5132 2213 5212 expositos

212 5216 300 5301 quod
322 5215 410 5295 dicit,
438 5216 472 5281 in
496 5215 643 5282 doctrina
665 5235 726 5281 suc
747 5212 831 5279 nihil
857 5234 953 5364 {resse
981 5210 1187 5362 reprehendii
1240 5210 1461 5295 improborum
1484 5213 1622 5295 libidini,
1649 5223 1688 5280 ut
1709 5225 1856 5280 statuant
1879 5214 1919 5280 de
1941 5213 2035 5280 nobis
2057 5213 2213 5299 quidquid

212 5302 278 5370 nisi
311 5301 396 5386 quod
430 5299 632 5369 vellicaverit
664 5299 782 5384 impios
817 5319 857 5366 ve
902 5299 1094 5383 pupugerit:
1128 5319 1163 5364 ιι
1239 5299 1348 5364 visum
1371 5299 1480 5365 luerit.
1514 5299 1607 5367 Deus
1629 5301 1717 5366 onim
1739 5300 1813 5365 illos
1835 5300 1962 5366 occulto
1985 5302 2097 5367 fraeno
2118 5299 2213 5386 regit,
