5158 6124
346 393 414 458 403
1160 385 1548 454 retunsomouns
1749 446 1754 456 .
2285 391 2350 457 404

343 602 408 646 ,nes
429 579 524 645 abusi
547 578 669 644 luerint
688 597 746 644 suo
764 596 910 651 munere,
933 583 966 640 et
983 575 1151 641 licentiose
1167 572 1325 638 dominati
1376 575 1491 642 luisset
1513 576 1662 642 relictus:
1689 577 1747 644 sed
1770 579 1824 645 ubi
1847 578 1972 644 accedit
1993 584 2085 644 tanta
2105 578 2290 659 crudelitas,
2312 587 2350 644 ut

348 667 415 732 sint
444 665 568 748 absque
597 663 661 728 Dei
691 673 851 747 respectu,
881 663 999 727 merito
1026 660 1081 726 hic
1110 660 1176 724 illie
1205 678 1324 741 expro·
1375 681 1509 745 gregem
1543 662 1703 746 dissipent
1735 673 1890 747 tanquam
1925 664 2080 747 capitales
2111 665 2252 744 inimici,
2288 667 2349 730 hoc

348 753 481 827 bretur,
519 749 601 832 qaod
630 769 755 833 prcpem
788 767 982 828 pascuorum
1014 745 1079 811 Dei
1112 745 1326 826 perdiderint:
1376 757 1464 812 certo
1490 747 1565 829 plus
1592 769 1692 830 quam
1720 759 1769 814 est
1798 750 2012 816 intolerabile.
2057 751 2101 816 ltt
2129 759 2250 822 temen¹
2269 750 2349 816 haee

348 836 623 920 quemadmodum
646 834 724 901 elibi
746 835 845 898 etiam
874 853 947 898 cum
970 831 1035 896 illis
1058 831 1149 896 Deus
1171 838 1324 912 expostu·
1375 832 1486 898 omnia
1506 833 1573 899 illis
1593 835 1770 917 exprobrat
1784 835 1949 902 Ieremias.
1983 833 2143 901 Videmus
2157 857 2235 917 ergo
2250 836 2350 902 luisse

348 923 406 1006 let,
436 921 521 1004 quod
553 919 760 1002 corruperint
793 919 922 983 vineam
955 937 1058 984 suam.
1111 916 1152 981 In
1187 935 1325 992 summa,
1376 917 1508 982 tacitam
1531 919 1831 999 subsannationem,
1862 943 1963 1005 quum
1985 920 2051 985 illis
2073 921 2163 1002 prius
2192 923 2350 988 concessit

349 1028 447 1092 quum
467 1008 559 1072 Deus
578 1004 718 1071 Iudaeos
737 1005 885 1070 nominat
904 1023 1026 1088 prepcm
1041 1021 1236 1083 pascuorum
1256 1021 1327 1067 erto-
1376 1022 1499 1070 munus
1523 1005 1688 1087 pascendi.
1739 1005 1901 1072 Iudicium
1932 1016 2045 1090 postea
2071 1006 2137 1072 illis
2166 1006 2349 1086 denuntiat,

349 1114 433 1174 rum,
456 1113 522 1157 non
545 1092 680 1174 respicit
699 1091 776 1174 qnid
799 1089 907 1153 meriti
929 1089 1006 1166 sint,
1029 1088 1084 1151 vel
1107 1087 1220 1170 quales
1242 1087 1324 1151 sint:
1377 1086 1447 1171 Epo
1478 1089 1610 1156 visitabo
1641 1110 1739 1172 super
1778 1092 1935 1158 melitium
1973 1093 2130 1158 edictum
2164 1097 2348 1158 emturum.

348 1181 405 1245 sed
433 1179 541 1262 potius
570 1175 777 1242 commendet
805 1175 945 1259 gretiam
978 1193 1083 1256 suam,
1116 1192 1181 1256 qua
1213 1193 1325 1237 semen
1375 1172 1441 1239 Hic
1482 1176 1573 1240 Deus
1609 1177 1803 1258 pronuntiat
1841 1197 1980 1260 poenam
2013 1197 2049 1243 se
2085 1176 2126 1241 de
2165 1179 2350 1259 pastoribus

349 1264 503 1330 Abrahae
526 1264 681 1347 dignutus
703 1263 820 1326 fuerat.
864 1259 976 1325 Habet
1001 1259 1104 1344 igitur
1126 1259 1180 1324 hic
1197 1278 1324 1339 respeo·
1376 1267 1602 1342 sumpturum,
1639 1261 1757 1344 quibua
1787 1264 1904 1328 merito
1933 1263 2071 1329 adscribi
2103 1264 2208 1346 potuit
2237 1264 2350 1347 populi

348 1360 419 1415 tum
442 1350 608 1435 gratuitae
628 1368 707 1412 suae
729 1346 931 1430 adoptionis,
965 1344 1093 1410 etiamsi
1116 1352 1207 1408 tanto
1231 1342 1326 1408 bene·
1376 1343 1552 1427 dissipatio.
1596 1346 1670 1411 Etsi
1693 1349 1779 1412 enim
1810 1369 1904 1413 nemo
1932 1349 1994 1413 fuit
2015 1368 2036 1412 a
2057 1348 2154 1431 culpe
2182 1349 2349 1427 immunis,

348 1437 423 1502 ficio
456 1434 667 1500 reddiderant
696 1454 731 1498 se
759 1432 911 1516 indignos
939 1430 1065 1496 Iudaei.
1118 1428 1238 1494 Postea
1267 1429 1324 1493 ad·
1377 1438 1413 1493 ut
1434 1441 1511 1495 ante
1534 1430 1657 1497 dictum
1680 1442 1738 1512 est,
1761 1435 1974 1516 praecipuum
1997 1442 2108 1499 tamen
2126 1433 2251 1502 crimen
2270 1435 2349 1500 resi·

349 1522 465 1605 iungit,
498 1521 552 1588 Sic
578 1520 656 1584 dicit
678 1518 826 1601 chcvelt,
852 1516 941 1584 Deus
964 1515 1078 1598 Isruet,
1108 1514 1150 1580 ed
1171 1519 1324 1596 paene,
1377 1513 1472 1580 debat
1500 1517 1534 1581 in
1564 1518 1644 1599 ipsis
1673 1518 1866 1600 pastoribus.
1916 1518 2010 1586 Haeo
2036 1518 2138 1604 igitur
2165 1539 2263 1585 eausa
2291 1529 2350 1600 est,

349 1607 406 1690 qui
432 1610 572 1688 posuerit
598 1605 754 1686 populum
786 1623 898 1668 meum.
949 1599 1075 1668 Eodem
1103 1621 1201 1666 sensu
1235 1620 1324 1666 nune
1376 1619 1432 1665 cur
1453 1600 1545 1667 Deus
1567 1603 1708 1668 ultorem
1732 1625 1767 1670 se
1796 1605 1864 1669 lore
1891 1605 2042 1684 affirmet,
2073 1605 2148 1687 quia
2175 1605 2258 1669 nolit
2286 1605 2349 1675 im·

348 1695 506 1775 populum
529 1711 623 1757 suum
642 1700 746 1769 vocet,
767 1708 831 1773 quo
852 1709 957 1772 nuper
977 1707 1109 1770 gregem
1128 1706 1323 1769 pascuorum
1376 1706 1462 1767 pune
1485 1708 1618 1771 gregem
1641 1710 1738 1754 suum
1766 1693 1813 1755 ite
1840 1690 1999 1773 dissipari.
2044 1690 2165 1756 Postea
2193 1690 2350 1774 sequitur,

348 1796 494 1843 suorum.
540 1776 778 1842 Alienaverant
804 1796 839 1840 se
866 1774 916 1838 illi
938 1795 958 1837 e
979 1772 1068 1852 Deo,
1097 1781 1130 1837 et
1152 1775 1214 1836 iam
1238 1773 1324 1854 ipsos
1375 1771 1418 1836 Ei
1445 1773 1590 1858 colligam
1615 1795 1738 1858 gregem
1765 1795 1879 1840 meum.
1924 1775 2030 1842 Sicuti
2060 1775 2110 1840 illi
2139 1775 2351 1859 dispulerant,

347 1883 409 1928 suo
432 1863 561 1928 decreto
590 1859 816 1928 abdicaverat:
843 1860 900 1925 sed
929 1859 1038 1942 potnit
1061 1856 1152 1922 Deus
1181 1877 1248 1923 uuo
1274 1879 1324 1922 re·
1375 1858 1421 1921 ite
1439 1859 1603 1940 promittit
1623 1861 1712 1926 Deus
1731 1861 1793 1925 sibi
1811 1881 1921 1926 curam
1941 1861 2011 1926 fore
2030 1860 2206 1945 colligendi
2224 1861 2348 1945 popjuli.

348 1957 462 2032 speetu
491 1967 625 2013 sensere
651 1948 739 2030 ipsos
761 1954 948 2011 extraneos:
978 1945 1104 2008 interea
1132 1951 1241 2007 eutem
1273 1963 1324 2008 re·
1376 1941 1505 2008 Interea
1536 1964 1614 2010 vero
1647 1945 1708 2010 sibi
1742 1946 1857 2011 tribuit
1889 1946 1975 2028 quod
2014 1946 2080 2012 illis
2118 1948 2348 2030 imputaverat,

348 2042 465 2116 speetu
493 2033 631 2098 foederis
653 2032 704 2096 eui
726 2033 862 2115 agnovit
883 2048 975 2095 suos:
1006 2036 1039 2096 et
1060 2030 1133 2092 ideo
1156 2035 1250 2093 vocat
1265 2048 1324 2111 po-
1376 2049 1493 2110 uempe
1526 2030 1611 2112 qnod
1645 2031 1809 2114 expulerit
1841 2033 1911 2114 ipse
1942 2052 2095 2116 gregem,
2128 2033 2186 2099 sed
2219 2030 2349 2098 diverso

341 2120 461 2202 pulsem
492 2139 593 2184 suum.
650 2117 746 2183 Nune
778 2117 881 2201 igitur
914 2116 999 2181 idem
1033 2115 1205 2181 confirmat
1238 2114 1324 2195 quod
1376 2113 1481 2180 modo.
1532 2117 1686 2181 Pastoros
1715 2117 1818 2200 igitur
1847 2117 2086 2200 dissipaverant
2115 2139 2250 2202 gregem
2281 2137 2348 2186 non

348 2207 415 2270 iem
449 2205 610 2281 vidimus,
648 2223 768 2287 nempe
805 2212 952 2285 pastores
984 2203 1062 2267 istos
1095 2220 1161 2264 non
1194 2210 1323 2264 tantum
1376 2209 1503 2265 tantum
1525 2223 1585 2266 sua
1606 2202 1748 2286 ignavia,
1770 2202 1826 2267 sed
1850 2205 1948 2267 etiam
1967 2204 2169 2283 crudelitate,
2193 2201 2348 2285 quoniam

348 2291 448 2357 luisse
470 2291 559 2355 iures
581 2300 613 2354 et
636 2288 790 2371 latrones,
818 2287 876 2352 sed
905 2288 1005 2352 etium
1035 2286 1219 2368 sacrilegos,
1249 2286 1324 2368 quia
1374 2286 1503 2351 fuerant
1524 2287 1595 2369 lupi
1617 2306 1759 2370 rapaces.
1804 2286 1895 2355 Deus
1921 2297 2032 2353 autem
2062 2297 2246 2372 sumpserat
2275 2282 2350 2377 poe·

348 2397 414 2441 non
445 2383 574 2440 tantum
603 2373 775 2439 saevitiam
803 2381 1023 2438 exercuerunt
1052 2371 1207 2436 adversus
1228 2392 1322 2438 oves:
1376 2391 1434 2436 nas
1463 2371 1503 2435 de
1532 2373 1663 2456 populo.
1714 2373 1801 2438 Nam
1831 2393 1945 2440 omnes
1973 2373 2014 2438 ad
2050 2395 2152 2440 unum
2180 2375 2349 2456 promeriti

349 2463 406 2528 sed
430 2460 650 2543 quantumin
673 2480 708 2524 se
729 2469 781 2523 est
803 2459 969 2523 violarunt
990 2457 1100 2522 Deum
1121 2457 1237 2538 ipsum,
1268 2458 1322 2539 qui
1375 2456 1502 2524 luerent
1525 2457 1624 2522 talem
1647 2457 1902 2541 dissipationem.
1948 2458 2109 2524 Videmus
2130 2479 2209 2543 ergo
2230 2459 2350 2542 impios

348 2555 539 2630 susceperat
560 2565 674 2611 ouram
697 2543 784 2608 illius
804 2543 927 2626 populi.
971 2544 1033 2608 Est
1055 2551 1162 2607 autem
1186 2540 1240 2606 hio
1262 2541 1323 2607 du·
1375 2545 1507 2624 exsequi
1530 2543 1594 2607 Dei
1615 2541 1783 2621 iudicium,
1811 2565 1918 2627 neque
1944 2555 2054 2610 tamen
2084 2544 2157 2610 ideo
2179 2551 2351 2627 posse‘jex·

348 2632 426 2716 plex
449 2633 624 2708 concessio,
648 2649 751 2712 quum
769 2627 856 2706 dicit,
882 2627 985 2711 Super
998 2633 1151 2710 paneros,
1173 2627 1229 2708 qui
1245 2647 1322 2710 pus·
1375 2628 1489 2704 cesari,
1511 2649 1548 2694 ac
1570 2629 1599 2693 si
1616 2630 1676 2693 Dei
1698 2629 1840 2694 ministri
1862 2641 1981 2695 essent.
2014 2630 2107 2694 Nihil
2128 2631 2218 2696 enim
2240 2631 2350 2697 minus

347 2723 436 2784 utet:
475 2738 581 2800 nuper
620 2715 748 2780 dixerat
784 2715 871 2797 ipsos
908 2715 1043 2797 perdere
1080 2722 1111 2778 et
1148 2712 1321 2794 dissipare:
1375 2721 1425 2778 est
1445 2713 1509 2778 illis
1531 2715 1744 2797 propositum.
1789 2714 1921 2780 Interea
1939 2714 2032 2780 Deus
2050 2736 2116 2780 non
2134 2724 2243 2798 potest
2261 2715 2351 2802 trahi

346 2823 437 2868 nnnc
460 2813 569 2868 autem
592 2801 672 2866 dicit
687 2819 826 2880 pascere.
872 2798 940 2865 Sed
967 2799 1088 2866 scimus
1116 2818 1179 2881 quo
1206 2818 1322 2863 sensu:
1376 2798 1410 2862 in
1433 2798 1618 2863 societatem
1641 2800 1766 2882 culpae,
1796 2799 1874 2865 dum
1896 2801 1942 2865 ite
1964 2802 2082 2884 impios
2102 2802 2143 2866 ed
2173 2823 2272 2868 suum
2293 2801 2349 2866 ob·

346 2898 381 2955 et
414 2888 543 2954 videtur
575 2887 697 2952 ironice
730 2885 784 2952 hio
817 2905 871 2950 eos
903 2886 1131 2970 perstringere,
1170 2885 1322 2967 quoniam
1375 2885 1521 2965 sequium
1544 2885 1654 2960 flectit,
1678 2885 1729 2950 vel
1753 2886 1984 2950 accommodat.
2029 2887 2069 2951 In
2092 2908 2230 2965 summa,
2254 2885 2350 2955 disei-

348 2994 450 3057 quum
481 2994 517 3038 se
546 2973 706 3038 lactarent
734 2979 895 3054 pastores,
924 2970 1085 3054 putabant
1111 2989 1171 3034 sua
1196 2970 1323 3051 flagitia
1375 2969 1463 3052 patio
1485 2969 1596 3053 populi
1620 2970 1684 3035 suit
1700 2972 1786 3036 iusta
1804 2970 1867 3037 Dei
1883 2971 2037 3048 vindicta,
2059 2973 2213 3055 quoniam
2235 2992 2351 3037 omnes

349 3058 411 3124 hoo
433 3061 657 3141 integumento
680 3058 773 3139 quasi
796 3057 924 3141 sepulta
942 3077 1012 3122 esse
1028 3066 1093 3120 tam
1109 3055 1195 3138 apud
1211 3053 1321 3119 Deum
1376 3076 1396 3120 a
1416 3055 1479 3121 lide
1496 3053 1718 3121 desciverant:
1743 3056 1941 3139 abruperant
1957 3057 2127 3123 vinculum
2146 3057 2227 3122 illud
2246 3077 2351 3127 saero-

348 3164 446 3225 quam
477 3142 563 3226 apud
593 3142 759 3207 homines:
790 3141 1066 3224 quemadmodum
1095 3140 1190 3205 hodie
1221 3160 1321 3222 quum
1375 3151 1522 3205 sanetum
1555 3141 1707 3226 foederis,
1735 3161 1800 3224 quo
1829 3143 1903 3207 illos
1929 3143 2021 3208 Deus
2052 3143 2113 3208 sibi
2144 3143 2349 3209 devinxerat.

347 3227 515 3310 loquimur
547 3227 588 3292 de
621 3246 705 3310 papa
738 3236 771 3290 et
802 3227 949 3292 cornutis
982 3226 1051 3291 eius
1081 3226 1254 3310 episcopis,
1290 3235 1322 3291 et
1374 3226 1455 3290 Fuit
1475 3227 1573 3292 etiam
1596 3228 1720 3292 crimen
1750 3237 1928 3308 pastorum,
1957 3227 2035 3311 quie
2056 3248 2154 3294 avare
2176 3237 2210 3292 et
2238 3222 2352 3315 crude-

347 3312 435 3380 clero
457 3312 513 3376 illo
535 3312 666 3389 foetido,
688 3312 813 3376 utimur
833 3311 1020 3376 nominibus
1042 3311 1186 3393 receptis.
1221 3312 1322 3392 Atqui
1375 3310 1449 3376 liter
1471 3310 1628 3377 dominati
1655 3321 1741 3377 sunt.
1789 3312 1936 3378 Parere
1964 3323 2085 3398 eutem,
2115 3323 2152 3378 ut
2181 3313 2267 3403 dixi,
2292 3332 2351 3379 no·

348 3398 434 3463 nihil
471 3398 583 3462 minus
619 3406 669 3461 est
709 3396 930 3462 Antichristus
967 3395 1039 3474 ille,
1077 3415 1174 3477 quam
1212 3406 1322 3477 peter:
1375 3397 1480 3460 minat
1501 3418 1566 3462 non
1586 3407 1714 3463 tantum
1730 3399 1925 3476 sacerdotes,
1947 3398 2004 3463 sed
2023 3419 2134 3484 regem
2149 3399 2351 3466 etoonsiiia·

350 3483 469 3548 deinde
498 3483 618 3549 scimus
648 3502 744 3563 quam
772 3481 886 3564 procul
915 3479 1024 3546 absint
1050 3500 1227 3545 amunero
1257 3483 1323 3562 epi·
1374 3482 1451 3546 rios.
1499 3480 1650 3566 Colligam
1671 3483 1781 3566 igitur,
1812 3504 1877 3548 non
1906 3483 2099 3567 simpliciter
2120 3504 2265 3568 gregem,
2293 3485 2351 3551 scd

350 3569 474 3653 scopeli
496 3570 682 3652 quicunque
712 3587 746 3632 se
769 3567 942 3632 venditant
970 3565 1027 3630 illo
1057 3565 1163 3630 titulo.
1209 3564 1322 3645 Quan—
1374 3567 1536 3632 residuum
1557 3569 1669 3647 ovium,
1698 3568 1817 3651 inquit.
1861 3569 1926 3635 Hie
1948 3569 2111 3652 signifieat
2133 3569 2227 3636 Deus
2249 3589 2284 3635 se
2305 3571 2352 3634 ita

349 3666 418 3718 tum
450 3655 570 3719 attinet
597 3653 638 3717 ad
667 3651 810 3728 elericos,
840 3663 927 3716 esset
955 3652 1052 3716 etiam
1082 3670 1211 3716 sacrum
1241 3650 1321 3716 illud
1375 3651 1444 3716 lore
1462 3652 1712 3730 misericordem,
1736 3662 1773 3718 ut
1788 3665 1897 3718 tamen
1913 3675 1980 3720 non
1997 3674 2110 3720 omues
2124 3655 2353 3722 indifferenter

349 3759 487 3804 nomen:
509 3739 566 3804 sed
589 3737 728 3804 multum
752 3736 845 3801 abeat
865 3738 942 3818 quin
966 3737 1031 3804 sint
1044 3735 1107 3800 Dei
1127 3735 1320 3802 haereditas.
1374 3736 1512 3820 recipiat
1533 3740 1567 3802 in
1590 3739 1741 3822 gratiam,
1770 3738 1827 3803 sed
1856 3739 2012 3822 exiguum
2041 3740 2135 3806 illum
2163 3759 2352 3819 numerum,

350 3823 485 3889 Interea
507 3845 572 3889 non
594 3843 764 3888 moramur
786 3821 890 3888 nudes
913 3840 1024 3889 voces:
1052 3821 1109 3885 sed
1132 3822 1239 3904 potius
1262 3821 1322 3888 hoc
1375 3823 1430 3904 qui
1464 3823 1635 3889 constabat
1663 3845 1706 3889 ex
1736 3823 1856 3890 electis.
1901 3825 1947 3890 Et
1979 3825 2052 3890 ideo
2084 3825 2208 3892 Paulus
2239 3827 2351 3909 (Rom.

352 3923 514 3993 aggravat
535 3930 648 3974 eorum
671 3908 805 3988 crimen,
833 3908 919 3990 quod
942 3909 1009 3972 sint
1029 3905 1146 3970 diaboli
1177 3908 1238 3972 sub
1266 3928 1323 3973 en·
1374 3908 1403 3987 9,
1426 3907 1482 3994 27)
1515 3918 1640 3974 attente
1670 3910 1843 3994 distinguit
1875 3912 1962 3974 inter
1994 3912 2162 3994 populum,
2197 3921 2229 3976 et
2263 3913 2352 3976 inter

348 3993 463 4079 gelicis
487 3995 672 4058 nominibus
695 3994 844 4075 latentes,
867 3991 954 4074 quod
986 3993 1051 4058 siut
1072 3992 1143 4074 lupi
1175 4001 1206 4056 et
1229 4013 1321 4076 prae·
1373 3994 1527 4076 reliquias
1555 3996 1691 4078 gratias,
1721 3995 1773 4060 vel
1803 3996 1972 4078 gratuitas.
2027 3995 2128 4062 Visus
2162 3996 2249 4062 enim
2286 3997 2353 4063 fuit

350 4081 452 4146 dones
467 4088 502 4144 et
516 4078 677 4162 sacrilegi,
700 4080 755 4162 qui
771 4079 834 4142 Dei
853 4098 971 4142 nomen
989 4077 1108 4159 perfide
1129 4078 1321 4160 obtendunt,
1373 4079 1527 4144 Christus
1549 4081 1693 4146 adventu
1723 4101 1782 4145 suo
1811 4101 1946 4162 prorsus
1975 4081 2103 4147 abolere
2134 4081 2255 4160 foedus,
2286 4102 2352 4165 quo

347 4174 383 4229 et
405 4165 466 4231 sibi
490 4165 666 4230 concilient
686 4165 834 4230 favorem
854 4184 895 4228 ex
917 4162 1067 4246 speciosis
1085 4163 1208 4245 elogiis,
1230 4167 1321 4246 quesi
1373 4165 1434 4229 sibi
1461 4165 1553 4230 Deus
1582 4166 1796 4250 adoptaverat
1824 4165 1907 4230 filios
1935 4166 2107 4233 Abrahae:
2136 4166 2261 4233 Paulus
2289 4167 2352 4233 hoc

348 4252 418 4316 sint
436 4260 595 4334 pastores,
615 4250 765 4332 episcopi,
784 4249 933 4331 praelati,
953 4245 1083 4311 abbates
1098 4258 1131 4311 et
1146 4250 1320 4329 praesules,
1374 4261 1481 4333 negat.
1541 4251 1611 4314 Iam
1655 4252 1683 4316 si
1727 4251 1799 4333 quis
1836 4250 1980 4332 obiiciat,
2024 4255 2180 4318 maiorem
2222 4263 2350 4335 partem

346 4345 380 4402 et
402 4335 480 4419 quid
498 4335 589 4400 non?
625 4334 682 4402 Sic
696 4355 774 4417 ergo
796 4333 956 4417 propheta
974 4343 1082 4397 noster
1099 4330 1177 4396 dicit
1198 4334 1320 4398 ironice
1374 4335 1486 4419 populi
1531 4337 1690 4404 excidisse
1727 4336 1768 4401 ab
1807 4336 1959 4411 ecelesia,
1998 4337 2138 4402 fatetur:
2179 4337 2237 4402 sed
2271 4338 2351 4406 dicit

339 4427 495 4506 poderes
530 4429 645 4487 eontra
677 4439 758 4503 quos
794 4419 973 4492 invehitur,
996 4435 1136 4498 pascere,
1170 4418 1231 4483 hoo
1263 4431 1320 4497 est,
1374 4441 1506 4485 manere
1528 4421 1639 4488 loedus
1658 4423 1823 4505 integrum
1847 4424 1881 4486 in
1908 4423 1988 4505 ipsis
2020 4423 2179 4505 reliquiis:
2211 4432 2245 4489 et
2273 4445 2350 4507 pro·

347 4516 483 4574 vocatos
505 4527 575 4572 esse
597 4507 631 4571 in
655 4507 743 4570 hune
765 4504 877 4586 finem,
900 4515 936 4568 ut
952 4512 1093 4587 pescant.
1130 4501 1196 4567 Sed
1212 4513 1321 4584 postea
1374 4504 1464 4570 ducit
1498 4507 1594 4572 etiam
1630 4509 1665 4571 in
1700 4506 1843 4572 medium
1880 4506 2046 4591 exempla,
2079 4509 2175 4591 quale
2205 4507 2268 4576 hoc
2301 4517 2351 4576 est

346 4592 506 4676 adiungit,
537 4589 814 4670 Voedt'spersisis's
826 4608 948 4673 prcpcm
959 4608 1070 4670 mcum,
1087 4587 1321 4668 etdt'est'pestt'e,
1374 4589 1414 4654 de
1457 4611 1520 4673 quo
1559 4612 1648 4658 nuno
1689 4593 1808 4675 agitur.
1872 4593 1963 4659 Deus
2003 4614 2083 4677 ergo
2121 4614 2252 4676 semper
2287 4595 2351 4660 init

347 4684 457 4745 deon
479 4677 643 4743 uisitauit.
684 4675 783 4740 (iente
806 4675 868 4738 hoo
889 4695 954 4738 non
975 4673 1037 4738 fuit
1055 4693 1197 4754 pascere,
1221 4692 1320 4754 quum
1374 4684 1481 4741 custos
1504 4677 1656 4741 ecclesiae
1678 4697 1773 4740 suae:
1797 4685 1831 4742 et
1847 4679 1893 4743 ita
1911 4699 2080 4761 nunquam
2096 4679 2264 4744 intercidit
2279 4682 2349 4746 eius

347 4765 441 4831 nulla
463 4763 575 4829 ovium
597 4782 677 4828 oure
697 4760 786 4843 ipsos
809 4767 966 4843 tangeret.
1007 4758 1089 4823 Nam
1114 4758 1246 4822 visitare
1269 4757 1321 4824 hic
1374 4763 1518 4842 gratuita
1540 4761 1678 4843 adoptio,
1701 4782 1765 4844 que
1787 4762 1931 4847 elegerat
1951 4785 2054 4847 genus
2077 4765 2243 4830 Abrahae.
2281 4764 2349 4832 Sed

349 4849 541 4916 extenditur
562 4848 603 4913 ad
626 4866 739 4912 omnes
759 4856 870 4928 portes
900 4842 1125 4926 inspectionis:
1154 4842 1247 4924 quasi
1276 4844 1320 4908 di·
1374 4845 1503 4927 adoptio
1525 4847 1583 4909 illa
1615 4857 1743 4910 tantum
1767 4848 1871 4913 valuit
1892 4849 1927 4913 in
1958 4849 2114 4932 reliquiis.
2160 4849 2232 4914 Iam
2263 4851 2349 4934 quod

348 4942 440 5002 cerat
462 4933 649 5019 neglectum
672 4938 706 4996 et
728 4930 903 5014 proditum,
930 4947 967 4992 eo
995 4927 1159 4992 desertum
1188 4926 1229 4992 ab
1255 4927 1321 4994 illis
1372 4933 1412 4994 ad
1442 4951 1561 4995 nomen
1591 4931 1750 5011 pertinet,
1784 4955 1849 4997 non
1877 4941 2008 4999 tantum
2039 4944 2171 5000 notatur
2199 4939 2349 5018 paucitas

348 5022 449 5087 luisse
486 5041 628 5104 gregem.
685 5018 775 5101 Ergo
809 5016 956 5080 videmus
991 5014 1079 5095 ipsos
1112 5031 1254 5078 cessasse
1285 5015 1318 5076 in
1372 5035 1484 5080 sorum
1508 5034 1589 5096 quos
1612 5017 1703 5081 Deus
1725 5025 1885 5083 statuerat
1906 5019 1947 5083 ed
1971 5041 2006 5085 se
2024 5021 2186 5104 colligere,
2209 5023 2267 5086 sed
2291 5044 2348 5089 no·

347 5127 485 5172 munere
507 5105 673 5189 pastorali.
719 5101 786 5169 Sed
809 5101 872 5166 alie
903 5098 965 5162 duo
994 5099 1102 5178 peiora
1124 5107 1212 5173 sunt,
1235 5097 1319 5178 qnod
1372 5110 1461 5164 tatur
1483 5100 1580 5165 simul
1603 5101 1683 5166 ultio
1705 5123 1789 5185 quae
1807 5103 1921 5169 ordine
1940 5107 2097 5187 temporis
2116 5117 2347 5190 praecesserat.

348 5191 474 5258 scilicet
494 5191 699 5274 disperserint
713 5194 741 5253 et
755 5185 940 5269 dispulerim
951 5203 1082 5267 prspere.
1115 5181 1191 5247 Non
1206 5183 1320 5280 fuisset
1371 5183 1463 5250 Deus
1486 5187 1573 5250 enim
1595 5187 1686 5252 visus
1708 5189 1816 5254 fueret
1842 5187 1978 5272 perdere
1998 5190 2146 5269 ludaeos,
2176 5213 2279 5274 quum
2302 5196 2349 5260 ite

348 5275 531 5343 tolerabilis
554 5297 665 5343 eorum
689 5273 832 5361 ignavia,
862 5271 890 5336 si
919 5289 1001 5351 grex
1031 5271 1158 5332 tentum
1187 5267 1228 5331 ab
1255 5266 1320 5332 ilhe
1371 5280 1480 5335 essent
1502 5271 1626 5337 disiecti
1654 5273 1690 5336 in
1713 5275 1820 5340 varias
1843 5284 1957 5339 terras.
2002 5275 2137 5342 Nullum
2166 5279 2254 5344 enim
2278 5299 2348 5344 ma·
