5134 6124
222 446 284 512 aer
935 445 984 512 ιιι
1006 446 1255 514 ιιιιιιιιιιιιι.
1300 447 1399 514 ene.
1422 447 1519 513 xvi
2134 429 2227 528 *aes

222 637 437 702 mutationem
454 637 490 714 in
506 638 669 722 gentibus,
691 637 770 721 quia
788 635 875 702 ultro
893 643 1071 719 agnososnt
1088 643 1198 717 patres
1251 634 1320 700 deri
1336 634 1486 702 absurda.
1519 636 1605 701 Nem
1629 635 1684 702 ubi
1700 650 1752 703 est
1766 638 1938 708 indefinita
1953 642 2107 728 loquutio,
2131 667 2229 732 saepe

222 743 300 790 suos
320 721 420 789 fuisse
443 723 592 806 deeeptos
614 725 648 788 in
671 721 975 806 superstitionibus:
998 722 1076 803 quia
1099 739 1197 804 quum
1249 741 1408 786 numerus
1437 729 1585 788 mutatur
1614 732 1678 788 tam
1714 725 1800 807 apud
1828 726 1974 795 Graeoos
2007 751 2106 814 quam
2139 733 2227 818 apud

222 814 380 894 putarent
409 829 521 876 seeum
544 810 710 892 praeolare
731 810 801 893 agi,
831 808 966 874 luerunt
989 826 1100 872 merae
1122 805 1197 871 illu·
1250 806 1396 873 Latinos.
1442 806 1478 874 Si
1510 817 1636 874 tantum
1660 831 1766 876 sermo
1793 826 1878 877 esset
1900 813 1940 880 de
1963 837 2027 880 uno
2054 825 2144 884 nerto
2169 820 2226 886 bo·

222 897 331 961 siones
354 916 391 961 aa
414 895 617 980 praestigiae.
658 895 734 960 Non
757 894 891 960 dubium
914 902 1023 959 autem
1048 900 1098 958 est
1119 892 1198 975 quin
1250 894 1347 973 mine,
1370 914 1435 959 non
1460 893 1596 960 dixisset
1619 897 1778 978 propbeta
1811 897 1856 962 El
1883 899 1948 982 ipsi
1975 922 2037 968 non
2065 909 2138 968 sant
2163 905 2230 972 dii:

222 981 383 1066 prophete
405 980 458 1047 hia
480 983 578 1047 etiam
602 980 732 1065 oblique
754 979 931 1065 exprobret
947 978 1089 1057 Iudaeis,
1113 978 1199 1060 quod
1250 977 1307 1044 sed
1335 980 1489 1063 quoniam
1520 981 1717 1064 generaliter
1736 982 1787 1048 vel
1814 983 1984 1052 indefinite
2011 987 2157 1072 loquitur
2187 991 2229 1057 de

222 1089 288 1134 non
308 1067 500 1133 destiterant
519 1089 538 1132 a
556 1067 734 1133 sceleribus
753 1077 894 1150 patrum,
916 1065 1011 1130 toties
1029 1063 1197 1130 admoniti.
1250 1085 1371 1215 genere
1393 1065 1546 1144 humano,
1570 1066 1652 1131 haee
1670 1068 1793 1150 optime
1811 1071 1929 1155 fluunt,
1953 1073 2039 1156 quod
2061 1075 2149 1154 dieit,
2171 1077 2227 1143 An

225 1153 339 1220 Gentes
371 1173 449 1239 ergo
481 1154 615 1234 venant,
658 1174 762 1237 neque
794 1152 860 1218 illis
892 1150 1034 1218 obstabit
1065 1161 1197 1233 patrum
1272 1171 1340 1216 omo
1370 1151 1464 1232 faetet
1486 1151 1604 1217 denna?
1638 1157 1666 1217 et
1696 1154 1770 1238 ipsi,
1803 1155 1865 1223 hoo
1889 1165 1950 1240 est,
1984 1160 2046 1243 ipsi
2078 1161 2227 1229 homines

222 1240 416 1325 ignorantia,
445 1241 619 1322 quominus
641 1241 806 1305 fateantur
828 1249 865 1303 at·
882 1259 917 1304 se
939 1247 972 1302 et
995 1243 1104 1320 patres
1126 1256 1198 1300 reos
1250 1257 1318 1301 non
1340 1249 1417 1303 sunt
1445 1235 1500 1302 dii.
1546 1237 1620 1303 Hoo
1648 1238 1767 1305 addere
1797 1240 1896 1322 solui,
1927 1246 2079 1326 quoniam
2108 1248 2227 1330 proba·

222 1347 293 1392 esse
316 1345 426 1392 eoram
450 1328 531 1392 Deo.
578 1325 689 1407 Quum
712 1345 790 1409 ergo
813 1324 1084 1407 impedimentum
1114 1319 1198 1386 illud
1251 1321 1315 1386 bile
1349 1333 1409 1406 est,
1443 1343 1499 1389 eos
1532 1324 1588 1406 qui
1620 1322 1661 1389 de
1693 1324 1789 1391 idolis
1817 1327 2010 1414 intelligunt
2042 1331 2104 1398 boe
2137 1346 2227 1417 post·

222 1433 265 1477 ex
287 1410 466 1478 deliberata
491 1411 625 1490 malitia,
652 1411 739 1496 quod
761 1410 868 1482 tenuit
889 1409 1039 1488 Iudaeos,
1069 1406 1197 1474 nullum
1250 1428 1377 1474 remum
1401 1410 1594 1493 membrum,
1625 1409 1723 1476 fuisse
1745 1412 1962 1482 hallucinatus
1983 1417 2018 1481 in
2043 1439 2077 1484 re
2106 1437 2226 1502 parva:

222 1497 321 1564 luerit
353 1496 441 1582 apud
475 1504 607 1582 gentes:
645 1497 723 1564 hino
756 1505 908 1582 apparet,
947 1503 1069 1579 quanta
1102 1493 1198 1559 fuerit
1250 1495 1328 1576 quia
1364 1493 1512 1562 diversus
1549 1517 1709 1562 numerus
1747 1500 1892 1566 turbavit
1929 1522 2043 1569 earum
2087 1515 2226 1573 mentes.

221 1583 309 1649 illius
330 1584 441 1667 populi
465 1584 680 1664 eontumaoia,
709 1585 765 1668 qui
788 1603 853 1648 non
876 1580 1022 1665 potuerit
1051 1579 1196 1645 revoeari
1250 1581 1420 1663 Sequitur,

221 1689 241 1734 a
264 1669 359 1736 malis
386 1679 516 1754 patrum
539 1671 707 1753 exemplis.
752 1668 850 1735 Nune
873 1677 1031 1746 tenemus,
1061 1664 1196 1748 etquid

220 1755 302 1821 velit
329 1756 498 1840 propbeta,
531 1765 564 1820 et
592 1776 655 1838 qua
685 1755 820 1822 oonsilio
849 1753 1080 1838 interposuerit
1111 1751 1198 1816 hane
1335 1751 1388 1817 21.
1422 1751 1592 1835 Propterea
1621 1773 1684 1821 aare
1713 1775 1767 1839 epo
1796 1775 1975 1840 cognoscere
2000 1760 2120 1843 fatiam
2141 1763 2228 1845 ipsas

219 1843 452 1926 pretationem.
496 1841 663 1924 Sequitur,
1248 1837 1307 1903 baa
1335 1839 1408 1919 viee,
1437 1839 1595 1905 edendam
1623 1841 1708 1921 ipsis
1740 1840 1949 1927 (eognosoere
1977 1846 2066 1928 ipsos
2096 1848 2227 1936 faeiem)

1248 1944 1380 1990 mnam
1400 1945 1510 2005 mam,
1532 1931 1560 1990 et
1575 1927 1750 2006 panariam
1770 1949 1886 1996 meam:
1907 1935 1935 1995 et
1953 1940 2127 2016 eoanmcart
2145 1937 2227 2017 quod

307 2014 357 2080 20.
394 2015 452 2080 An
481 2014 575 2098 saciet
610 2011 673 2080 sibi
708 2011 796 2078 bomo
832 2011 932 2080 daos?
969 2018 998 2078 at
1034 2010 1099 2093 ipa·
1135 2029 1197 2076 non
1248 2030 1359 2076 nanas
1379 2030 1482 2078 meam
1504 2011 1650 2078 Iabaoalr.

221 2105 293 2166 sant
314 2101 373 2167 dii.

1335 2181 1462 2250 Iterum
1485 2182 1645 2269 propheta
1667 2186 1814 2252 minatur
1836 2187 1976 2267 Iudaeis,
1999 2189 2152 2273 quoniam
2175 2191 2228 2255 in·

306 2272 447 2355 Quidam
476 2271 593 2358 frigide
623 2281 792 2356 exponunt
821 2271 909 2337 huno
932 2290 1073 2352 versum,
1103 2269 1196 2354 quasi
1249 2268 1445 2336 exousabilis
1470 2278 1541 2335 erat
1569 2291 1681 2336 eorum
1710 2272 1872 2358 impietas,
1900 2275 2092 2357 praesertim
2123 2296 2225 2358 quum

220 2359 344 2426 diaerst
365 2358 527 2444 propheta
556 2359 706 2424 homines
735 2357 785 2424 bis
815 2357 931 2424 stultos
960 2377 1041 2435 esse,
1069 2357 1123 2438 qui
1155 2377 1195 2420 ex
1248 2355 1418 2421 aeeederet
1447 2365 1542 2422 tanta
1570 2357 1755 2424 obstinatio.
1801 2359 1891 2425 Dieit
1920 2381 1998 2446 ergo
2021 2360 2131 2427 Deum
2160 2362 2226 2427 iam

221 2445 461 2531 tigno,1apide,
491 2466 572 2510 auro
595 2446 648 2511 rel
671 2453 808 2529 argento
831 2443 909 2509 deos
930 2443 992 2508 sibi
1018 2442 1195 2507 fabricant:
1248 2441 1362 2506 adesse
1393 2441 1552 2508 iudioem:
1591 2441 1671 2510 Eece
1703 2463 1773 2526 aaa,
1809 2447 1933 2529 inquit.
1967 2446 2226 2513 demonstrativa

219 2532 391 2616 quianon
422 2532 548 2613 possint
579 2539 690 2596 tamen
719 2539 848 2595 mutare
878 2539 1040 2594 naturam.
1090 2527 1195 2609 Quid·
1248 2526 1409 2610 partioula
1428 2530 1643 2612 propinquam
1661 2529 1839 2596 vindiatam
1858 2531 2027 2617 designat:
2049 2532 2225 2611 Ostendam,

220 2617 298 2701 quid
321 2618 423 2702 igitur
452 2618 674 2701 imaginentur
702 2616 861 2694 homines,
892 2612 1033 2697 lapidem
1063 2633 1195 2679 manere
1247 2614 1365 2696 inquit,
1393 2615 1458 2680 viae
1479 2615 1555 2682 buo:
1585 2626 1635 2681 est
1664 2616 1763 2681 etiam
1793 2617 1921 2699 pondus
1949 2619 1984 2682 in
2014 2619 2077 2684 hoe
2107 2619 2226 2684 verbo:

221 2703 378 2787 lapidem,
412 2703 537 2787 lignum
571 2723 705 2768 manere
738 2700 875 2785 lignum.
926 2700 1025 2767 Hune
1062 2721 1195 2766 sensum
1247 2699 1324 2781 quia
1352 2701 1449 2766 taeite
1479 2701 1644 2783 signifieat
1673 2701 1777 2780 Deus,
1811 2704 1963 2770 exsilium
1996 2703 2226 2790 babylonicum

221 2789 357 2855 eliaiunt
379 2811 420 2855 ex
445 2789 552 2854 verbis
575 2788 763 2872 prophetae,
785 2786 872 2870 quod
894 2806 960 2853 uon
982 2785 1050 2852 sint
1072 2785 1117 2852 dii
1140 2786 1195 2870 qui
1247 2787 1317 2850 tore
1339 2785 1460 2852 illustri
1490 2788 1692 2866 doeumento,
1719 2789 1765 2854 ita
1788 2798 1825 2854 ut
1848 2801 1983 2872 superet
2011 2791 2122 2855 omnia
2152 2791 2225 2866 alia,

219 2875 425 2941 fabriaantur
457 2874 558 2941 stulta
586 2874 741 2958 opinione
769 2873 947 2939 bominum.
992 2870 1059 2938 Sed
1088 2873 1196 2956 potius
1247 2893 1332 2956 quae
1364 2882 1619 2955 praecesserant.
1671 2873 1743 2940 Viae
1775 2873 1833 2940 baa
1859 2876 1978 2958 igitur:
2011 2876 2074 2943 hoo
2104 2884 2165 2956 est,
2197 2877 2226 2942 si

219 2961 316 3028 aliter
338 2961 550 3027 ratioeinatur
573 2961 741 3044 propheta.
787 2959 853 3041 Qui
876 2957 956 3024 deus
980 2979 1047 3024 non
1069 2967 1128 3034 est,
1151 2979 1194 3022 an
1247 2957 1404 3023 haetenus
1438 2957 1567 3023 fueritis
1600 2957 1686 3023 tardi
1716 2959 1767 3024 vel
1800 2958 1938 3044 stupidi:
1973 2961 2026 3027 rel
2048 2963 2076 3026 si
2098 2981 2224 3042 poentm

219 3055 327 3130 potest
353 3049 460 3113 faeere
490 3045 607 3113 deum?
644 3046 705 3112 boo
734 3056 794 3128 est,
824 3045 879 3128 qui
906 3054 1034 3110 oreatus
1063 3053 1123 3124 est,
1151 3063 1194 3109 an
1248 3043 1456 3127 quasinflixi
1481 3064 1546 3108 non
1570 3043 1704 3109 luerunt
1730 3045 1810 3110 satis
1833 3046 2144 3130 vehemensque:
2166 3045 2226 3114 dae

219 3140 327 3217 potest
350 3155 420 3200 esse
442 3133 591 3199 areatorl
621 3133 725 3198 Nemo
749 3133 807 3196 dat
827 3129 914 3215 quod
939 3149 1004 3195 non
1029 3129 1135 3206 babet,
1159 3140 1196 3194 ut
1248 3129 1313 3195 niae
1334 3129 1493 3196 ostetsdarn
1513 3129 1582 3196 illis
1599 3149 1728 3196 manum
1746 3151 1856 3216 mam,
1879 3133 2096 3217 etpotentiam
2113 3153 2227 3214 mam,
2310 3129 2312 3134 ’

220 3219 339 3284 dieitur
361 3218 491 3300 vulgari
519 3217 710 3301 proverbio:
743 3216 777 3281 in
801 3217 933 3281 bomine
955 3236 1033 3281 vero
1056 3225 1196 3281 nonest
1248 3220 1474 3298 eteognasaent
1494 3216 1576 3298 qaod
1596 3235 1703 3281 aaran
1731 3237 1834 3283 marm
1861 3219 1903 3284 at
1925 3219 2072 3286 sanat.
2117 3219 2226 3302 Saepe

219 3303 334 3370 deitas.
380 3304 539 3369 Videmus
558 3303 645 3369 anim
666 3323 826 3387 quaenam
844 3303 889 3368 sit
908 3311 1018 3367 nostra
1035 3300 1195 3368 eonditio:
1248 3299 1329 3366 haee
1352 3300 1498 3385 loquutio
1516 3303 1550 3366 in
1572 3302 1743 3386 seripturis
1760 3304 1920 3371 ooeurrit:
1942 3305 1998 3373 sed
2020 3305 2113 3372 Deus
2135 3302 2226 3371 baud

219 3391 303 3455 nibil
327 3401 376 3456 est
398 3389 556 3474 fragilius,
581 3411 640 3456 nee
656 3389 761 3474 magis
776 3389 949 3455 oaduaum.
986 3387 1077 3470 Ergo
1095 3407 1195 3470 quam
1249 3385 1345 3452 dubie
1376 3388 1515 3473 oastigat
1545 3408 1716 3471 perversas
1746 3390 1926 3474 opiniones,
1961 3391 2079 3475 quibus
2109 3390 2227 3456 imbuti

219 3477 317 3542 bomo
339 3475 456 3560 plenus
474 3475 518 3542 sit
533 3476 697 3556 sanitatis,
720 3474 803 3540 nibil
818 3474 937 3539 babeat
951 3472 986 3537 in
1002 3495 1037 3538 se
1052 3473 1195 3554 firmum,
1248 3473 1382 3538 fuerant
1397 3472 1519 3551 Iudaei,
1538 3485 1572 3540 et
1586 3473 1741 3542 abstraoti
1757 3496 1777 3541 a
1793 3496 1870 3541 vera
1886 3479 2016 3560 pietate.
2038 3477 2225 3542 Finxerant

219 3583 262 3628 an
285 3562 403 3646 poterit
422 3561 518 3627 deum
543 3563 603 3629 sibi
627 3559 759 3627 ereata?
793 3561 865 3627 Hae
884 3566 935 3624 est
952 3573 1195 3644 argumentum,
1248 3560 1336 3624 enim
1360 3558 1422 3626 sibi
1443 3558 1625 3645 complures
1649 3560 1735 3626 deos.
1786 3561 1876 3628 Diait
1898 3563 2010 3647 igitur,
2043 3561 2226 3648 Gogmseent

218 3649 302 3733 quod
326 3648 415 3714 duait
434 3649 593 3732 propheta
609 3649 649 3713 ab
665 3647 816 3730 absurdo,
839 3657 876 3712 ut
892 3647 1041 3712 homines
1064 3647 1195 3711 undem
1247 3667 1357 3712 naman
1377 3665 1479 3712 marm
1500 3665 1567 3712 assa
1589 3644 1736 3726 laborate,
1760 3646 1820 3714 hoe
1838 3659 1898 3728 est,
1921 3670 2039 3715 nomen
2054 3648 2136 3714 illud
2152 3668 2225 3713 asse

220 3745 408 3820 agnosoant‚
431 3755 495 3800 non
518 3734 614 3800 modo
637 3754 729 3800 suam
753 3733 983 3810 temeritatem,
1006 3731 1063 3798 sed
1087 3752 1196 3797 amen·
1248 3731 1330 3797 mibi
1353 3752 1493 3814 eaerum,
1524 3753 1583 3798 neo
1610 3732 1728 3798 debere
1751 3733 1793 3799 ad
1822 3735 1902 3800 alios
1933 3734 2113 3800 transferri.
2158 3731 2226 3800 Sed

220 3821 309 3900 tiam,
340 3842 422 3904 quae
452 3819 637 3903 prodigiosa
665 3830 723 3885 est.
769 3819 853 3884 Nam
884 3819 1032 3902 quisquis
1062 3829 1196 3902 rogatus
1248 3820 1373 3885 interea
1396 3819 1559 3903 signifieat
1586 3838 1622 3882 se
1650 3829 1860 3885 ostensurum
1888 3819 1954 3885 illis
1981 3821 2160 3902 potentiam
2189 3820 2225 3884 in

219 3906 318 3971 fuerit
340 3906 380 3972 de
402 3927 460 3972 sua
490 3905 684 3982 uenditione,
716 3904 882 3987 fatebitur,
913 3913 949 3968 ut
978 3923 1110 3969 neeesse
1138 3912 1195 3980 est,
1248 3905 1327 3987 ipsis
1357 3903 1540 3987 perdendis,
1572 3924 1669 3987 quam
1700 3907 1823 3971 sentire
1853 3906 2024 3971 noluerant
2053 3906 2087 3971 in
2118 3906 2225 3972 salute

221 4013 256 4058 so
278 4013 349 4058 esse
372 4001 533 4058 ursatum:
558 3991 676 4058 deinde
697 4011 733 4057 se
756 4011 827 4056 esse
845 3988 966 4054 animal
988 3989 1194 4071 ephemeron,
1248 3989 1310 4056 sibi
1333 3989 1502 4072 promissa.
1540 3989 1625 4054 Nam
1644 3991 1771 4074 experti
1794 4012 1922 4075 semper
1944 3991 2093 4073 luissent,
2114 3991 2225 4058 Deum

221 4089 258 4143 ut
279 4088 407 4143 veteres
431 4078 602 4142 dixerunt:
626 4078 729 4143 vitam
752 4097 845 4144 suam
869 4096 939 4141 esse
962 4074 1102 4140 similem
1127 4095 1197 4139 um·
1249 4074 1402 4140 Abrahae
1426 4096 1498 4141 esse
1520 4096 1636 4156 unum,
1663 4078 1727 4143 nisi
1749 4099 1784 4143 se
1806 4079 1990 4162 privassent
2012 4079 2085 4144 eius
2106 4077 2223 4162 gratia.

221 4164 308 4230 brae.
354 4162 464 4244 Quum
488 4183 565 4246 ergo
589 4185 642 4229 res
664 4164 736 4246 ipsa
758 4162 856 4227 talem
880 4160 1117 4227 oontessionem
1140 4160 1197 4225 bo·
1249 4160 1359 4242 Quum
1383 4181 1461 4245 ergo
1484 4162 1529 4227 ita
1552 4163 1663 4247 vagati
1690 4172 1800 4229 essent
1821 4175 1893 4248 post
1920 4185 1997 4230 suos
2025 4185 2161 4244 errores,
2190 4166 2225 4228 et

221 4249 363 4315 minibus
395 4258 597 4332 extorqueat,
630 4251 684 4332 qui
719 4250 765 4326 fit,
799 4255 836 4311 ut
863 4267 928 4312 nou
957 4244 1108 4310 dubitent
1135 4245 1196 4311 sibi
1248 4267 1309 4314 sua
1331 4248 1497 4331 figmenta,
1520 4247 1599 4314 diait
1623 4269 1711 4313 nune
1733 4247 1835 4330 Deus,
1868 4249 2035 4316 Ostendam
2063 4249 2130 4315 illis
2159 4269 2225 4314 ma·

221 4335 379 4402 tabrioare
402 4333 501 4399 deos?
535 4333 628 4400 Deus
657 4355 721 4398 non
752 4340 842 4400 areat
874 4332 981 4412 deum,
1014 4339 1105 4398 areat
1137 4332 1195 4397 bo·
1249 4353 1324 4399 nam
1346 4352 1454 4399 meam.
1499 4333 1625 4416 Nempe
1647 4335 1682 4398 iu
1704 4337 1892 4418 pornioiem‚
1915 4348 1949 4401 et
1971 4338 2037 4401 iam
2055 4356 2115 4400 suo
2137 4335 2225 4399 malo

220 4422 335 4500 mines,
364 4420 488 4487 oreavit
517 4419 660 4503 angelos,
691 4419 815 4486 assavit
842 4417 966 4484 eoelum
996 4427 1030 4483 et
1058 4427 1195 4484 terram:
1248 4429 1426 4503 agnoscent
1447 4418 1531 4503 quod
1554 4420 1589 4484 in
1613 4441 1706 4486 suam
1728 4420 1870 4488 salutem
1893 4442 2070 4507 agnoseere
2093 4440 2226 4486 reeusa-

220 4506 277 4572 sed
300 4518 411 4572 tamen
434 4527 501 4571 non
523 4507 646 4572 exserit
667 4506 846 4589 potentiam
877 4505 1024 4572 suumin
1055 4503 1196 4570 oreando
1248 4513 1336 4585 runt,
1365 4526 1418 4569 me
1449 4505 1573 4572 soiliaet
1601 4507 1737 4572 unioum
1766 4528 1837 4573 esse
1860 4509 1980 4573 Deum.
2022 4506 2089 4572 Hie
2119 4507 2224 4590 primo

222 4613 306 4658 novo
329 4591 398 4659 deo.
441 4592 551 4658 Homo
574 4602 682 4657 autem
705 4591 782 4676 quid
805 4590 877 4658 eat?
913 4611 1028 4674 nempe
1052 4590 1195 4655 vanitas:
1249 4589 1411 4658 diseamus
1444 4591 1587 4657 furorem
1620 4592 1714 4657 illum
1748 4589 1883 4676 prorsus
1917 4593 2112 4660 diabolinum
2145 4612 2224 4670 esse,

221 4688 254 4743 et
276 4685 386 4746 tamen
410 4677 506 4744 deum
529 4678 660 4759 areabit,
691 4699 789 4760 quum
813 4678 893 4743 deus
918 4698 983 4742 non
1014 4675 1079 4740 sit?
1120 4675 1195 4740 Non
1250 4675 1305 4741 ubi
1327 4677 1476 4742 homines
1499 4678 1608 4742 Deum
1630 4677 1691 4743 sibi
1721 4679 1877 4744 fabricare
1905 4680 2037 4746 audent.
2083 4678 2168 4744 Nam
2197 4677 2225 4743 si

221 4762 354 4829 dubium
377 4775 427 4830 est
449 4765 526 4847 quin
550 4762 710 4848 propheta
731 4764 822 4845 quasi
841 4763 976 4830 eolleato
996 4761 1118 4847 vigore,
1142 4761 1196 4829 hia
1248 4763 1451 4845 respicerent
1480 4783 1573 4828 suam
1607 4764 1778 4850 originem,
1811 4776 1843 4831 et
1871 4767 1971 4832 finem
2001 4785 2106 4843 suum,
2137 4760 2225 4827 haud

220 4849 398 4920 animosius
417 4851 567 4934 insurgat
584 4859 697 4915 eontra
712 4848 859 4916 Iudaeos.
883 4848 969 4915 Nem
985 4847 1073 4914 haud
1089 4847 1196 4930 dubie,
1249 4848 1346 4914 dubie
1370 4870 1434 4913 non
1458 4869 1495 4914 eo
1519 4859 1770 4933 perrumperent
1791 4853 1983 4918 temeritatis
2005 4861 2038 4917 et
2059 4847 2223 4928 andusiae,

221 4956 320 5018 quum
351 4935 409 4998 illa
438 4937 573 5001 tentatio
607 4937 778 5020 impeteret
811 4937 881 5002 eius
914 4936 1072 5014 animum,
1106 4933 1195 5016 Quid
1249 4947 1286 5000 ut
1307 4934 1505 5000 fabricarent
1526 4936 1589 5001 sibi
1616 4937 1757 5022 aliquem
1788 4937 1894 5004 deum.
1939 4935 1978 5003 Si
2004 4946 2131 5001 tantum
2161 4935 2224 5002 hoo

221 5021 283 5087 boe
312 5022 372 5087 sibi
397 5022 492 5087 vult?
522 5022 600 5106 quid
632 5021 763 5088 tandem
795 5022 861 5100 fiet,
889 5021 917 5085 si
945 5020 1038 5086 Deus
1067 5021 1197 5086 abiieiat
1248 5020 1427 5086 idololatris
1449 5021 1578 5088 veniret
1599 5022 1635 5086 in
1663 5035 1816 5101 mentem,
1848 5023 2009 5105 Quisnam
2032 5019 2088 5088 es?
2120 5020 2224 5086 undo·

221 5128 325 5190 genus
343 5107 498 5176 Abrahae
520 5108 606 5192 quod
629 5106 750 5192 elegit?
773 5108 934 5172 convertit
957 5127 991 5171 se
1010 5105 1051 5170 ad
1069 5106 1195 5170 Deum:
1248 5128 1326 5172 nam
1345 5127 1380 5172 es
1399 5106 1511 5172 ortus?
1535 5128 1599 5191 quo
1618 5107 1748 5174 tendis?
1772 5123 1806 5174 et
1824 5109 1896 5192 quis
1914 5119 1946 5174 te
1964 5109 2073 5174 exitus
2091 5105 2223 5172 manet?

219 5214 309 5258 nune
342 5204 452 5259 autem
488 5205 677 5278 reeuperata
709 5192 843 5271 fidutia,
880 5192 1050 5258 invehitur
1082 5199 1196 5258 eontra
1248 5193 1359 5258 statim
1376 5193 1587 5259 eonoidereut
1602 5215 1715 5259 omnes
1734 5195 1808 5260 illae
1826 5214 2001 5279 perversae
2018 5194 2223 5277 imaginatio-

220 5279 355 5361 impios:
378 5277 434 5343 Aa
455 5278 551 5360 bonta,
574 5279 690 5365 inquit,
712 5279 774 5346 sibi
792 5277 884 5344 mabit
900 5277 1000 5344 daos?
1023 5279 1110 5359 atqui
1128 5279 1196 5361 ipsa
1248 5299 1317 5360 nes,
1349 5279 1423 5345 Tibi
1445 5279 1622 5365 fingendus
1645 5290 1694 5347 est
1717 5282 1812 5346 deus:
1848 5290 1881 5346 et
1902 5281 2048 5364 quisquis
2072 5281 2133 5346 tibi
2155 5281 2224 5345 sive

219 5385 281 5430 nan
303 5370 347 5431 est
368 5365 453 5429 dens.
490 5365 630 5431 Mutatio
653 5377 762 5431 autem
787 5366 916 5431 numeri
939 5385 1003 5430 non
1027 5363 1123 5431 debet
1145 5365 1195 5431 vi·
1249 5365 1311 5446 bio,
1335 5367 1386 5432 rel
1409 5365 1464 5432 ille
1485 5366 1652 5450 plaeuerit,
1681 5375 1718 5431 tu
1747 5366 1841 5432 illum
1864 5367 1958 5434 uoles.
2002 5365 2099 5433 Unde
2122 5365 2226 5448 igitur

326 5465 437 5523 Oalnr‘nt
454 5482 547 5537 opera
575 5467 631 5523 Vol.
650 5467 831 5524 XXXVIII.
1987 5469 2019 5524 17
