5158 6124
222 467 285 537 361
929 473 979 538 IN
1001 471 1251 538 IuRuMIAM.
1297 471 1397 537 oaP.
1420 470 1518 536 XXI.
2165 473 2231 540 362

224 663 261 726 iu
281 679 412 728 manum
433 661 636 726 inimieorum
663 661 807 744 ipsorum
836 661 927 726 etin
954 681 1083 727 manum
1111 681 1203 742 quae·
1255 660 1323 726 Sed
1341 659 1395 726 hic
1413 657 1556 726 ostendit
1571 655 1663 722 Deus
1678 655 1776 722 talem
1792 656 1917 724 cladem
1934 679 2065 726 manere
2079 662 2227 734 Iudaeos.

221 749 362 815 realium
382 748 525 813 summm
545 745 697 830 ipsorum,
726 747 921 830 ειρενειειίει
941 767 991 813 ecs
1012 767 1063 812 ore
1084 746 1203 830 pludii:
1254 747 1299 813 Et
1328 766 1431 829 quum
1459 743 1552 820 dicit,
1581 744 1705 809 tradem
1735 743 1920 810 Zedcchium
1947 765 2047 829 repem
2075 748 2228 837 Iebudub,

225 855 288 901 uon
304 838 415 918 parcet
436 833 513 916 illie,
535 850 633 912 aeque
653 834 798 916 ipuoeeet,
820 853 917 915 neque
937 833 1142 900 miserebitur.
1255 853 1324 897 non
1357 831 1491 896 dubium
1524 838 1575 896 est
1607 830 1687 912 quin
1721 828 1854 895 Iudaeis
1886 831 2030 897 voluerit
2058 837 2228 905 ostendere

1256 937 1354 1001 quam
1383 917 1486 984 stulta
1514 923 1599 982 esset
1625 917 1770 999 ipsorum
1792 915 1919 996 fiducia,
1949 939 2050 1001 quum
2073 929 2228 1004 putarent

311 1005 526 1090 Prosequitur
548 1001 705 1069 Ieremias
727 1003 867 1069 enodem
892 1024 1087 1082 sermonem,
1118 1004 1202 1087 quod
1256 1023 1292 1069 se
1313 1007 1382 1069 tore
1408 1022 1539 1085 semper
1560 1003 1669 1068 salvos
1691 1001 1752 1068 snb
1776 1001 1891 1067 umbra
1912 1004 2008 1087 regis.
2052 1006 2127 1073 Rex
2148 1010 2228 1093 ipae,
2290 1011 2293 1020 ’

227 1093 353 1161 seilicet
374 1090 526 1158 statuerit
540 1087 633 1155 Deus
651 1089 787 1172 perdere
804 1090 1039 1175 lerosolymam
1054 1097 1088 1155 et
1102 1109 1204 1174 popu·
1256 1090 1373 1174 iuquit,
1395 1109 1461 1154 non
1483 1089 1605 1155 eximet
1627 1109 1663 1154 εε
1684 1107 1704 1153 a
1722 1088 1876 1171 periculo.
1912 1089 1999 1171 Quid
2016 1091 2119 1177 igitur
2136 1096 2230 1163 vobis

228 1181 313 1262 lum,
344 1179 461 1246 saltem
495 1175 537 1241 ad
570 1181 712 1260 tempus.
762 1175 938 1242 Caeterum
972 1176 1027 1242 hio
1054 1176 1204 1261 designat
1256 1175 1403 1260 proderit
1430 1174 1550 1240 habere
1576 1173 1711 1258 regem?
1744 1182 1776 1237 et
1797 1173 1870 1240 ideo
1890 1177 2087 1259 exprimitur
2109 1201 2227 1248 nomen

225 1266 305 1349 quid
327 1266 474 1331 facturus
497 1263 548 1340 sit,
574 1281 694 1344 nempe
715 1261 802 1344 qnod
824 1270 996 1328 consumet
1017 1283 1072 1328 eos
1093 1263 1203 1346 pestis,
1255 1261 1358 1346 regis,
1392 1282 1434 1326 ne
1466 1261 1580 1326 Iudaei
1612 1280 1648 1325 se
1679 1259 1814 1343 posthac
1847 1260 2011 1344 decipiant
2043 1265 2144 1331 stulta
2171 1267 2229 1334 illa

225 1361 259 1417 et
279 1353 446 1418 tabescent
468 1349 562 1422 lame,
585 1348 778 1432 quantisper
799 1349 918 1414 inclusi
941 1355 1040 1414 erunt
1055 1349 1091 1413 iu
1107 1346 1204 1414 urhe:
1257 1348 1409 1432 opinione
1440 1345 1526 1429 quod
1556 1345 1680 1413 scilicet
1708 1347 1867 1430 putabant
1896 1349 1976 1413 satie
2002 1351 2133 1417 firmum
2166 1356 2227 1422 sibi

226 1439 321 1522 qnasi
356 1436 492 1515 diceret,
527 1433 669 1498 Etiamsi
702 1434 765 1517 ipsi
798 1434 957 1500 Chaldaei
989 1433 1106 1500 urbem
1138 1453 1205 1500 non
1257 1453 1329 1500 esse
1361 1432 1561 1518 praesidium
1594 1433 1629 1497 in
1662 1453 1739 1516 rege
1768 1453 1838 1498 suo.
1885 1431 1987 1500 Addit
2019 1455 2124 1504 aereos
2151 1441 2230 1520 eiua

227 1525 342 1590 statim
364 1522 507 1606 capiant,
529 1518 654 1586 obsidio
676 1529 788 1585 tamen
803 1523 875 1605 ipsa
893 1520 1024 1606 gravior
1039 1521 1102 1586 erit
1116 1518 1206 1585 urbis
1258 1519 1291 1584 id
1326 1529 1392 1600 eet,
1433 1519 1644 1586 consiliarios.
1702 1517 1799 1585 Servi
1832 1521 1920 1585 enim
1954 1522 2039 1606 regie
2073 1535 2230 1593 vocentur
2356 1535 2361 1546 “

228 1608 372 1678 excidio:
396 1608 552 1691 quoniam
575 1607 666 1672 intus
687 1606 790 1672 fames
811 1607 901 1690 ipsos
923 1607 1055 1690 urgebit
1077 1615 1111 1672 et
1129 1626 1205 1673 con·
1258 1625 1372 1671 omnes
1414 1605 1510 1671 aulici
1544 1613 1578 1670 et
1610 1623 1759 1688 proceres
1792 1612 1825 1669 et
1857 1607 2008 1673 ministri.
2062 1609 2230 1679 Ministroe

225 1697 324 1763 ficiet.
380 1695 478 1760 Nune
514 1711 593 1775 ergo
627 1700 778 1757 tenemus
811 1693 983 1759 consilium
1016 1694 1205 1777 prophetae.
1258 1692 1360 1777 igitur
1381 1692 1457 1758 ciem
1491 1690 1578 1756 Nam
1598 1690 1633 1754 in
1656 1690 1850 1756 consiliariis
1871 1694 2010 1758 multum
2030 1703 2101 1760 erat
2118 1719 2228 1781 snper-

227 1781 294 1849 Sed
316 1779 497 1846 tenendum
518 1778 678 1843 memorie
700 1787 751 1844 est
768 1778 853 1861 quod
868 1779 935 1844 iam
950 1779 1023 1844 heri
1041 1777 1205 1855 admonui,
1259 1777 1340 1855 biae,
1358 1777 1431 1843 ideo
1449 1784 1543 1842 erant
1561 1775 1673 1842 infesti
1688 1777 1920 1860 prophetarum
1936 1779 2057 1861 hostes,
2074 1785 2229 1864 quoniam

229 1887 347 1951 nempe
369 1866 481 1930 Deum
510 1863 571 1930 sibi
600 1864 659 1928 eni
689 1884 819 1930 sumere
848 1864 933 1948 quod
955 1869 1085 1948 poterat
1105 1863 1206 1931 Chal·
1259 1865 1423 1930 excacceti
1452 1863 1554 1928 stulta
1582 1881 1641 1928 sua
1669 1861 1853 1946 prudentia,
1882 1867 2081 1947 spernebant
2102 1878 2135 1934 et
2158 1869 2230 1936 doc-

233 1955 321 2020 dasis
357 1951 508 2018 adscribi.
564 1949 655 2034 Ergo
692 1959 840 2015 autorem
878 1971 913 2016 se
948 1951 1026 2017 iacit
1059 1951 1207 2016 omnium
1260 1949 1388 2029 trinam,
1418 1957 1451 2016 et
1479 1969 1593 2014 omnes
1620 1947 1865 2014 admonitiones.
1910 1950 2002 2016 Haec
2023 1953 2125 2037 igitur
2145 1959 2229 2024 ratio

229 2039 382 2108 cladium.
427 2036 616 2116 Perediam,
639 2036 756 2120 inquit,
782 2035 972 2103 habitatores
992 2036 1082 2102 urbis
1102 2035 1208 2117 huius,
1260 2044 1326 2114 est,
1360 2055 1419 2102 cur
1450 2035 1550 2100 etiam
1584 2034 1743 2119 propheta
1773 2034 1859 2101 dicut
1890 2041 2034 2104 uenturos
2061 2041 2117 2106 sub
2144 2046 2231 2126 repis

230 2131 343 2193 ettam
359 2125 516 2189 homiuem
530 2141 627 2204 quam
641 2121 781 2206 bestiam,
797 2129 884 2205 peste
897 2143 1014 2207 mapsa
1027 2123 1205 2188 morientur.
1253 2127 1445 2204 potestatem.
1486 2120 1600 2204 Addit,
1622 2127 1650 2186 ct
1666 2121 1833 2204 populum:
1854 2121 1972 2188 ultima
1994 2125 2108 2209 copula
2129 2148 2230 2209 quum

228 2213 304 2280 Hoc
336 2211 401 2277 fuit
429 2209 574 2293 primum
602 2229 707 2292 genus
738 2229 875 2293 poenae,
910 2208 995 2292 quod
1029 2216 1206 2291 antequem
1260 2208 1379 2274 dicitur
1413 2219 1560 2275 orreum
1585 2219 1654 2288 nur,
1686 2208 1866 2291 expositive
1898 2209 2064 2292 accipitur.
2118 2213 2231 2298 Neque

228 2298 335 2364 hostis
372 2297 574 2378 irrumperet
614 2295 648 2359 in
681 2295 797 2359 urbem
830 2294 1017 2378 pestilentia
1049 2295 1206 2378 populum
1259 2293 1346 2359 enim
1376 2305 1548 2360 enumerat
1577 2293 1658 2358 alios
1687 2294 1743 2375 qui
1773 2295 1913 2376 separati
1943 2304 2022 2361 suut
2051 2300 2231 2382 apopnlo:

230 2385 298 2450 sere
328 2382 477 2450 confecit.
522 2380 594 2445 Iam
623 2380 703 2445 mali
727 2381 880 2446 atrocitas
902 2387 1037 2446 notatur
1058 2381 1120 2446 hae
1142 2381 1205 2447 cir·
1257 2379 1315 2445 sed
1355 2379 1473 2446 melius
1514 2378 1665 2464 designat
1704 2378 1811 2462 qualis
1842 2382 1974 2446 futurus
2006 2382 2049 2447 ait
2081 2385 2228 2468 populus,

229 2469 442 2545 cumstantia,
476 2467 561 2548 quod
594 2486 662 2531 non
695 2473 824 2532 tantum
857 2465 1007 2532 homines
1039 2465 1205 2550 peribunt,
1257 2486 1375 2548 nempe
1394 2467 1514 2550 exigna
1531 2465 1646 2548 portio.
1686 2463 1741 2532 Sic
1758 2485 1836 2549 ergo
1854 2466 1973 2532 resolvi
1993 2465 2087 2534 debet
2104 2472 2228 2553 copula,

225 2557 284 2622 sed
306 2554 403 2620 bruta
425 2572 552 2635 quoque
574 2550 738 2618 animalia.
771 2552 842 2618 Nec
864 2553 984 2618 mirum
1003 2563 1051 2618 est
1070 2551 1203 2618 extendi
1256 2551 1323 2617 Eos
1349 2552 1465 2618 suimet
1489 2552 1546 2634 qui
1574 2551 1695 2618 residui
1723 2556 1813 2616 eruat
1832 2552 1867 2616 iu
1888 2553 1971 2617 urbe.
2014 2554 2099 2620 Nam
2122 2556 2229 2624 adhue

226 2642 407 2709 vindictam
421 2638 487 2704 Dei
508 2637 550 2703 ad
574 2657 673 2720 equos
696 2646 729 2703 et
751 2637 850 2704 boves
869 2645 903 2704 et
920 2640 1038 2704 asinos.
1072 2637 1204 2704 Scimus
1255 2636 1392 2703 florebat
1408 2638 1610 2722 ierosolyma
1627 2638 1751 2703 civium
1769 2637 1980 2703 multitudine
1996 2660 2095 2722 quum
2115 2641 2229 2709 habita

226 2729 315 2794 enim
345 2727 455 2791 omnia
486 2731 596 2790 creata
625 2745 696 2790 esse
725 2725 760 2790 in
790 2745 887 2790 usum
916 2723 1068 2790 hominis.
1112 2723 1203 2810 Ergo
1256 2724 1318 2788 fuit
1348 2724 1428 2789 haec
1456 2725 1579 2789 concio.
1624 2722 1779 2788 Ostendit
1807 2725 1908 2807 igitur
1936 2735 2109 2808 postquam
2136 2728 2228 2794 dimi-

226 2835 328 2898 qnnm
351 2812 443 2878 Deus
473 2811 542 2875 irae
572 2829 650 2876 suae
677 2809 771 2895 signa
793 2810 916 2893 profert
936 2812 971 2875 in
995 2810 1005 2875 i
1030 2810 1075 2876 sis
1099 2809 1204 2876 brutia
1256 2809 1366 2875 nnerit
1387 2810 1478 2875 Deus
1507 2811 1596 2875 cives
1625 2819 1658 2874 et
1686 2809 1849 2893 redegerit
1870 2809 1911 2876 ad
1934 2811 2090 2897 exiguum
2111 2835 2227 2880 nume·

226 2897 434 2977 animalibus,
464 2897 535 2962 vult
564 2896 713 2962 incutere
742 2896 816 2979 plns
843 2897 977 2962 terroris
1006 2831 1203 2974 bominibus,
1256 2917 1330 2960 rum
1359 2916 1400 2960 ex
1430 2914 1549 2979 magna
1578 2895 1679 2977 eopia,
1709 2905 1788 2960 tunc
1816 2915 1882 2960 non
1912 2895 1980 2960 scre
2001 2897 2097 2963 malis
2119 2899 2227 2982 finem,

225 2985 302 3052 dum
326 2984 444 3051 rident
467 2981 565 3049 boves
588 2991 621 3047 et
643 2983 754 3048 asinos
771 3002 881 3048 secum
901 2981 1025 3049 involvi
1043 2981 1204 3048 similibus
1255 2980 1312 3046 sed
1346 2990 1529 3046 extremum
1562 2981 1721 3046 malorum
1754 2982 1893 3062 instare,
1933 2989 1970 3046 ut
2002 2983 2125 3049 scilicet
2157 2987 2228 3052 vita

224 3071 353 3156 poenis,
386 3071 443 3152 qui
472 3073 583 3134 tamen
613 3076 692 3134 snut
717 3068 853 3134 innoxii.
898 3067 986 3149 Quid
1007 3069 1094 3134 enim
1117 3067 1202 3134 dice·
1255 3067 1399 3150 ipsorum
1440 3068 1586 3149 exposita
1625 3069 1668 3132 sit
1707 3067 1812 3132 hostis
1841 3065 1989 3133 libidini.
2049 3069 2111 3150 Qui
2148 3092 2226 3157 ergo

223 3179 299 3224 mus
320 3157 456 3222 meritos
480 3155 579 3219 inisse
601 3173 701 3237 equos
723 3160 757 3219 et
778 3153 889 3235 boves,
912 3154 989 3218 dnm
1007 3154 1060 3219 vel
1079 3154 1203 3220 morbis
1254 3153 1375 3219 residui
1400 3152 1520 3235 fuerint
1546 3153 1582 3218 iu
1608 3153 1692 3218 urbe.
1736 3153 1781 3218 Et
1809 3153 1944 3236 respicit
1972 3153 2013 3220 ad
2040 3157 2225 3237 proximum

226 3247 411 3322 intereunt,
448 3240 501 3307 vel
533 3240 708 3323 privantur
740 3239 833 3305 victu
866 3238 1079 3322 quotidiano?
1134 3239 1202 3306 Sed
1253 3258 1405 3316 versum,
1449 3239 1525 3322 qnia
1568 3238 1695 3305 dixerat
1737 3238 1857 3304 multos
1900 3240 2063 3324 perituros
2107 3243 2226 3310 inedia.

224 3330 319 3396 Deus
340 3327 493 3412 proponit
515 3324 581 3390 tale
603 3325 835 3408 spectaculum,
864 3333 903 3390 ut
926 3325 1074 3391 homines
1097 3326 1202 3410 magis
1254 3324 1453 3408 Quanquam
1486 3345 1553 3390 non
1586 3333 1715 3391 tantum
1746 3325 1786 3390 de
1815 3325 1901 3390 fame
1929 3325 1984 3392 hio
2011 3328 2136 3411 agitur,
2168 3329 2227 3395 sed

226 3422 415 3501 tangantur,
439 3413 516 3478 dum
539 3409 654 3477 rident
676 3421 782 3476 totum
800 3411 960 3476 mnndum
978 3411 1200 3478 maledictioni
1254 3413 1352 3476 etium
1372 3411 1412 3476 de
1430 3410 1538 3496 gladio
1556 3419 1588 3475 et
1606 3410 1646 3475 de
1661 3420 1759 3493 peste.
1793 3411 1885 3478 Dicit
1900 3413 2002 3477 enim:
2028 3413 2091 3495 Qui
2104 3416 2227 3482 residui

221 3501 401 3567 obnoxium
424 3519 495 3565 asse
518 3505 652 3581 propter
669 3517 728 3564 sne
746 3505 887 3581 peccata.
923 3497 1095 3582 Coguntur
1112 3499 1200 3562 enim
1253 3502 1342 3562 eust
1369 3518 1390 3562 a
1412 3501 1509 3582 peste,
1539 3501 1567 3563 et
1594 3518 1615 3562 a
1642 3497 1756 3580 plectis,
1787 3501 1859 3563 etc
1876 3497 1970 3580 fame.
2013 3497 2098 3563 Num
2122 3499 2226 3567 fames

222 3605 400 3672 agnoeoere
432 3593 556 3669 quanta
589 3582 632 3649 sit
665 3584 778 3668 culpas
811 3585 972 3668 gravitas,
1007 3603 1070 3667 qna
1098 3585 1136 3648 fit
1164 3592 1201 3649 nt
1251 3583 1378 3667 peperit
1405 3591 1539 3666 pestem,
1570 3591 1607 3648 ut
1628 3583 1700 3648 fieri
1721 3583 1820 3648 solet:
1850 3583 1968 3656 deinde
1990 3602 2092 3665 quum
2114 3586 2225 3653 hostes

222 3682 311 3738 terra
339 3671 432 3738 arida
463 3671 506 3736 sit
534 3677 567 3735 ot
598 3668 734 3746 sterilis,
765 3679 803 3734 ut
832 3669 994 3736 elementa
1015 3690 1144 3736 sursum
1167 3679 1200 3736 ει
1252 3669 1394 3752 quotidie
1416 3667 1529 3734 urbem
1552 3668 1750 3751 impeterent
1771 3671 1840 3734 suis
1864 3669 2033 3749 machinis,
2064 3671 2135 3736 ficri
2157 3692 2225 3739 non

221 3761 376 3825 deorsum
395 3759 535 3824 officinm
552 3777 647 3822 suum
664 3777 730 3821 non
748 3763 926 3840 praestent,
949 3767 985 3820 ut
1002 3755 1074 3840 ipsa
1092 3765 1199 3821 terrae
1252 3754 1357 3837 potuit
1390 3755 1470 3839 quin
1503 3754 1598 3820 multi
1627 3752 1867 3833 occiderentur,
1901 3776 2018 3837 nempe
2051 3757 2129 3839 quia
2158 3779 2225 3824 non

221 3845 377 3912 sterilitas
400 3843 489 3909 victu
513 3843 614 3918 etiam,
630 3840 722 3907 orbet
740 3843 860 3908 misera
877 3841 1041 3922 animalia,
1063 3849 1097 3906 ει
1115 3843 1199 3908 aeris
1250 3849 1389 3924 possunt
1411 3840 1521 3906 hostes
1543 3840 1658 3922 repelli
1680 3860 1699 3905 a
1721 3841 1825 3906 muris
1847 3841 1918 3906 sine
1935 3840 2043 3923 aliquo
2061 3843 2224 3910 conflictu.

221 3929 363 4015 putredo
386 3949 425 3994 ea
446 3928 631 3995 interficiat.
679 3926 745 3994 Sed
769 3928 831 3994 hac
853 3926 894 3992 de
916 3947 952 3993 re
974 3927 1051 3993 alibi
1074 3926 1199 3994 dictum
1253 3925 1426 4010 Significat
1453 3927 1556 4011 igitur
1577 3925 1671 3992 Deus
1700 3928 1769 3992 tore
1793 3926 1924 3992 Iudaeis
1954 3927 2118 4009 negotium
2148 3949 2224 3995 cum

221 4017 294 4082 fuit.
338 4015 536 4095 Iam,uddit,
567 4011 643 4080 Post
664 4011 747 4093 haee,
770 4013 830 4079 hoo
854 4023 911 4090 est,
935 4011 992 4078 ubi
1014 4033 1135 4098 magna
1157 4035 1200 4079 ex
1250 4013 1372 4090 inedia,
1406 4031 1481 4078 cum
1511 4019 1603 4095 peste
1632 4021 1665 4078 et
1695 4031 1770 4077 cnm
1799 4011 1909 4077 hostili
1940 4013 2087 4092 incursu,
2121 4014 2224 4083 donec

219 4112 314 4186 parte
345 4099 585 4182 consumpserit
618 4121 672 4166 eos
706 4100 823 4184 pestis:
857 4099 951 4183 tato,
988 4099 1111 4182 inquit,
1145 4099 1197 4165 vel
1249 4096 1384 4164 tandem
1416 4099 1594 4164 vincantur
1626 4107 1659 4164 et
1694 4099 1773 4163 urbs
1806 4099 1953 4180 capiatur
1985 4120 2005 4163 a
2037 4097 2223 4166 Chaldaeis.

219 4188 349 4253 medam
381 4186 566 4253 Zedeclriam
592 4205 694 4270 repam
717 4184 871 4266 Ieledolr,
899 4191 1052 4252 etseuos
1073 4186 1141 4250 eius
1161 4186 1198 4250 iu
1248 4185 1369 4251 Postea
1401 4183 1565 4269 adiungit,
1599 4185 1643 4250 Iu
1674 4193 1803 4249 manum
1830 4183 1965 4249 hostima
1996 4185 2154 4270 ipserum,
2186 4187 2223 4253 iu

217 4293 348 4340 manum
371 4272 627 4340 Nebutuduerer.
678 4271 852 4357 Significat
878 4271 979 4336 etiam
1004 4271 1032 4338 si
1054 4270 1196 4354 pertule-
1248 4291 1377 4336 manum
1399 4289 1504 4336 eorum
1526 4271 1581 4353 qui
1602 4274 1756 4352 peramat
1771 4269 1912 4334 animem
1928 4272 2079 4351 ipsorum.
2114 4271 2222 4356 Repa-

217 4361 286 4426 rint
319 4379 438 4444 magno
469 4358 578 4424 auimo
608 4356 765 4436 inediam,
798 4357 881 4423 nihil
910 4363 1019 4422 tamen
1048 4356 1110 4424 hoo
1130 4357 1196 4424 illis
1248 4357 1321 4422 titio
1360 4357 1439 4423 haee
1476 4377 1541 4421 non
1575 4369 1625 4422 eet
1657 4374 1870 4440 supervacua.
1925 4355 2100 4440 Significat
2133 4360 2222 4424 enim

219 4447 358 4530 pretore.
412 4445 519 4528 Saepe
552 4444 689 4528 contigit
722 4443 808 4510 solvi
840 4442 1057 4519 obsidionem,
1094 4463 1195 4526 quum
1248 4444 1339 4509 Deus
1372 4441 1458 4525 qnod
1492 4443 1612 4509 clarius
1646 4451 1678 4506 ει
1704 4440 1852 4525 pluribus
1884 4441 1995 4507 verbis
2024 4445 2222 4526 exprimitur

218 4541 312 4597 tanta
340 4541 391 4597 est
419 4529 608 4614 pertinacia,
639 4538 676 4593 at
705 4529 814 4595 samen
843 4538 876 4595 et
898 4529 988 4595 sitim
1011 4529 1196 4612 superando
1246 4529 1334 4612 apud
1361 4526 1662 4615 Isaiam(13,1‘l),
1696 4548 1812 4609 nempe
1843 4525 2023 4595 Chaldaeos
2053 4552 2122 4594 non
2152 4531 2221 4595 tore

220 4619 277 4700 qui
309 4627 389 4683 sunt
417 4615 539 4682 obsessi
569 4615 736 4681 luctentur
757 4636 831 4682 cnm
854 4615 971 4680 ultima
993 4615 1194 4681 necessitate.
1247 4620 1417 4681 contentos
1447 4616 1576 4698 praeda,
1602 4613 1807 4697 neglecturos
1833 4633 1952 4678 aurum
1974 4625 2008 4679 et
2029 4623 2219 4698 argentum:

219 4703 307 4769 Nam
340 4704 395 4786 qui
424 4723 480 4768 eos
510 4709 681 4784 premunt,
716 4702 907 4767 existimant
936 4701 999 4768 sibi
1028 4721 1099 4766 esse
1129 4722 1196 4767 cer·
1248 4701 1401 4783 quoniam
1431 4698 1590 4766 ardebunt
1618 4699 1771 4775 saevitia,
1805 4719 1910 4782 neque
1939 4699 2027 4766 aliud
2056 4700 2135 4782 ipsis
2157 4703 2221 4765 erit

219 4796 331 4854 tamen
362 4809 435 4853 cum
466 4787 601 4854 rabiosis
630 4788 724 4852 ieris:
757 4788 804 4852 ita
826 4786 1007 4853 discedunt.
1053 4785 1119 4852 Sed
1143 4787 1196 4852 hio
1246 4787 1463 4869 propositum,
1493 4806 1590 4868 quam
1618 4786 1811 4869 sanguinem
1840 4783 1986 4850 fundere.
2035 4785 2092 4852 Sic
2121 4786 2219 4851 stiam

244 4876 414 4940 renuntiat
435 4874 529 4940 Deus
551 4873 650 4938 alium
675 4873 745 4938 fore
768 4884 934 4952 eventum,
965 4873 1051 4956 qnod
1074 4872 1196 4938 scilieet
1248 4872 1410 4948 hocloco,
1442 4870 1499 4935 ubi
1521 4871 1628 4954 posuit
1649 4892 1769 4936 nomen
1794 4871 1947 4949 hostium,
1977 4869 2134 4954 adiungit,
2164 4873 2220 4954 qui

218 4895 351 5038 iudaei,
389 4970 562 5043 postquam
605 4959 760 5024 diuturna
800 4960 885 5024 ieme
922 4979 1021 5043 prope
1058 4959 1196 5024 confecti
1246 4962 1401 5039 quaerunt
1425 4957 1566 5020 animem
1592 4957 1745 5039 ipsorum,
1777 4977 1893 5040 nempe
1915 4957 1971 5038 qui
1994 4957 2124 5038 capitali
2145 4957 2219 5023 odio

220 5047 350 5124 fuerint,
378 5047 514 5110 venient
535 5051 644 5110 tamen
667 5046 702 5110 in
724 5053 922 5127 potestatem
945 5046 1099 5110 hostium.
1144 5043 1196 5108 Ita
1247 5045 1394 5108 terantur
1416 5041 1456 5106 ad
1479 5043 1619 5123 caedem,
1640 5045 1688 5107 ita
1710 5053 1746 5107 nt
1768 5064 1831 5107 non
1854 5044 1953 5126 possit
1972 5042 2090 5125 placari
2107 5063 2218 5108 eorum

220 5132 386 5216 significat
417 5132 609 5214 patientiam
643 5131 775 5198 illorum
808 5131 878 5196 fore
909 5131 1070 5195 inutilem.
1122 5129 1195 5195 Hoc
1245 5127 1415 5195 iracundia
1435 5135 1478 5193 'et
1508 5127 1694 5208 crudelitas,
1724 5128 1825 5194 donee
1853 5148 1967 5194 omncs
1997 5129 2094 5194 morti
2117 5128 2218 5195 tradi·

219 5229 330 5284 autem
359 5217 581 5283 miserrimum
611 5228 674 5296 est,
704 5218 760 5283 nbi
789 5236 846 5299 spe
867 5215 1070 5281 liberationis
1092 5215 1196 5280 multu
1247 5214 1363 5280 derint.
1412 5215 1466 5279 Ita
1494 5216 1639 5280 ostendit
1667 5216 1910 5300 sanguinariam
1940 5215 2008 5279 loro
2038 5216 2217 5293 victoriam,

221 5303 360 5370 adversa
384 5311 417 5368 st
435 5302 549 5387 gravia
564 5301 787 5386 toleravimus,
808 5301 939 5368 tandem
956 5301 1082 5367 hostem
1097 5301 1195 5384 potiri
1247 5297 1508 5384 quandoquidem
1531 5321 1596 5366 non
1621 5306 1748 5365 tantum
1772 5299 1895 5383 captivi
1916 5297 2076 5366 ducentur
2093 5301 2217 5381 Iudaei,

220 5390 371 5475 imperio,
399 5396 433 5454 et
463 5389 534 5453 fieri
557 5387 729 5455 arbitrium
752 5393 840 5456 vitae
862 5397 895 5454 et
917 5388 1031 5454 mortis
1054 5397 1195 5453 nostrae.
1247 5395 1285 5452 ut
1313 5388 1382 5452 fieri
1410 5386 1509 5470 solet,
1543 5407 1581 5452 eo
1610 5385 1697 5469 qnod
1726 5385 1864 5451 victores
1893 5404 1957 5450 non
1990 5387 2149 5470 putabunt
2182 5406 2217 5452 se
