5038 6118
368 367 410 432 43
1167 359 1552 428 PRAELECTIONES
2317 369 2358 433 44

369 556 430 621 hoe
458 553 637 638 epitheton,
671 573 733 635 quo
759 550 869 616 Deum
903 551 1050 636 insignit,
1084 570 1204 616 vocans
1232 548 1337 615 Deum
1389 548 1557 632 populum,
1586 549 1659 615 ideo
1680 572 1749 615 non
1772 551 1843 617 sins
1866 552 1972 634 specie
1994 551 2259 620 subsannationis
2281 575 2358 622 usus

369 640 518 707 Israelis:
549 639 624 722 quia
655 658 783 720 semper
812 637 948 703 Iudaeos
980 635 1114 701 fallebat
1147 635 1247 701 stulta
1279 635 1338 700 illa
1389 647 1438 700 est
1459 634 1520 701 hac
1542 633 1764 718 descriptione,
1793 636 1958 717 Areum
1987 639 2102 720 inquit,
2131 643 2161 704 st
2187 644 2289 706 rome
2316 641 2358 707 lu-

369 727 526 810 gloriatio,
556 745 655 807 quum
682 722 897 788 obtenderent
924 743 959 786 se
982 741 1053 787 esse
1077 721 1264 805 progenitos
1295 741 1338 784 ox
1388 721 1589 787 mestaticos.
1640 721 1724 787 Nam
1753 723 1904 788 omnibus
1937 722 2006 790 fere
2038 723 2177 790 saeculis
2209 729 2358 809 regnauit

368 811 547 886 Abraham,
579 821 611 876 et
633 808 767 893 proinde
789 816 937 873 sanetum
959 807 1048 873 illius
1077 827 1180 891 genus
1202 817 1235 871 et
1257 805 1337 870 elec
1389 828 1459 872 mos
1481 805 1537 871 ille
1561 828 1734 890 perversus
1756 815 1789 873 et
1811 809 1942 892 stultus,
1965 817 2002 875 ut
2024 809 2243 876 conducerent
2264 831 2358 894 prae·

370 911 439 963 tum
462 916 482 960 a
504 897 583 962 Deo.
627 897 718 979 Ergo
740 903 776 959 ut
799 893 952 960 retundat
980 893 1139 978 propheta
1167 893 1248 972 tales
1271 893 1337 956 iao·
1389 894 1484 958 ficas:
1518 895 1565 959 sic
1587 895 1674 958 enim
1696 893 1866 974 vocabant,
1896 913 1978 977 qnae
2001 895 2224 978 exprimerent
2246 898 2357 964 fletum

369 985 499 1058 tantiae,
523 980 601 1048 dicit
621 981 710 1046 hunc
731 980 848 1057 Deum,
870 981 925 1063 qni
949 979 1102 1062 loquitur,
1125 999 1195 1044 esse
1216 978 1338 1056 Deum,
1390 978 1551 1045 omnibus.
1592 979 1659 1044 Nec
1682 978 1818 1044 dubium
1840 980 1987 1062 estquis
2010 979 2175 1058 haeredes,
2200 987 2237 1047 ut
2259 983 2358 1067 pieta·

369 1070 461 1138 euius
482 1069 563 1132 laiso
584 1089 704 1133 nomen
749 1073 931 1148 raetexunt,
954 1074 988 1129 ot
1009 1066 1148 1130 eundem
1172 1084 1251 1142 esse,
1281 1065 1338 1146 qui
1390 1077 1455 1132 tem
1476 1066 1589 1131 fictam
1611 1074 1815 1132 ostentarent
1837 1065 1945 1150 vulgo,
1971 1066 2120 1132 mercede
2141 1067 2359 1135 conduxerint

370 1155 431 1221 sibi
457 1155 557 1240 elegit
590 1155 673 1218 filios
694 1087 847 1217 Abrahae
875 1155 909 1215 in
939 1152 1095 1235 populum
1130 1150 1337 1234 peculiarem.
1389 1156 1518 1236 ineptes
1547 1151 1622 1218 illas
1654 1153 1808 1228 feminas,
1843 1173 1927 1234 quae
1959 1150 1999 1216 de
2033 1151 2184 1219 laudibus
2217 1154 2358 1222 hominis

370 1242 537 1325 Sequitur,
1390 1239 1509 1304 mortui
1531 1236 1814 1303 concionarentur:
1838 1236 1953 1303 deinde
1974 1236 2186 1303 ostenderent
2200 1249 2359 1322 quantum

1389 1327 1533 1391 iacturae
1554 1325 1674 1389 iactum
1697 1333 1782 1389 esset
1803 1325 1837 1388 in
1855 1324 1944 1390 illius
1962 1333 2076 1389 morte.
2109 1323 2276 1407 Propheta
2293 1346 2358 1390 non

457 1413 507 1478 16.
536 1410 581 1475 et
602 1409 778 1494 dispergam
799 1428 850 1474 ecs
871 1409 951 1473 iuter
968 1413 1081 1491 geues,
1104 1427 1184 1490 quus
1205 1427 1264 1472 non
1286 1427 1337 1471 no·
1390 1410 1501 1476 laudat
1523 1430 1646 1476 morsm
1670 1409 1775 1474 illum.
1821 1409 1865 1474 st
1886 1409 1948 1474 hoc
1971 1408 2065 1475 nobis
2093 1411 2261 1492 cognitum
2290 1432 2359 1477 esse

370 1504 477 1566 carust
497 1497 578 1579 ipsi,
608 1515 701 1576 seque
718 1499 829 1575 potres
850 1515 971 1572 wem,
1003 1495 1170 1558 etmittam
1193 1497 1267 1576 post
1288 1512 1338 1558 eos
1390 1495 1502 1576 debet,
1542 1497 1718 1578 scripturas
1757 1516 1853 1578 saepe
1886 1515 2016 1561 sumere
2048 1515 2089 1560 ex
2123 1496 2209 1562 vitiis
2242 1498 2360 1580 populi,

368 1586 520 1671 pactas,
541 1583 634 1647 doceo
654 1599 869 1662 consumpsero
889 1580 984 1660 ipsos.
1390 1582 1484 1666 qnasi
1505 1602 1547 1646 ex
1576 1580 1680 1660 faece,
1710 1579 1947 1646 similitudines.
1994 1580 2030 1648 Si
2060 1579 2133 1663 quis
2154 1602 2233 1667 ergo
2262 1583 2361 1648 vellet

1389 1691 1430 1734 ex
1454 1668 1562 1733 verbis
1583 1666 1742 1732 Ieremiou
1762 1667 1915 1751 colligere
1936 1666 2186 1733 lamentationes
2209 1688 2274 1734 non
2290 1689 2360 1735 csse

455 1755 620 1835 Quoniam
643 1750 772 1816 dixerat
794 1759 949 1834 sequutus
970 1749 1069 1816 luisse
1091 1749 1230 1816 Iudaeos
1253 1749 1337 1832 quod
1390 1754 1534 1831 vitiosas,
1560 1753 1616 1818 ubi
1637 1752 1768 1818 ducitur
1791 1753 1921 1836 aliquod
1945 1753 2050 1832 funus,
2081 1752 2143 1818 hcc
2164 1765 2251 1820 esset
2274 1755 2360 1837 iuep

372 1850 602 1924 acceperanta
632 1839 794 1921 patribus,
823 1837 896 1901 ideo
923 1857 1011 1902 nunc
1038 1835 1115 1902 dicit
1144 1835 1248 1902 Deum
1268 1835 1338 1900 illos
1390 1847 1460 1904 tum
1484 1849 1516 1902 et
1539 1837 1672 1920 puerile.
1719 1837 1809 1918 Quin
1833 1840 1939 1921 potius
1960 1837 2015 1904 hia
2044 1838 2206 1923 propheta
2235 1838 2361 1906 mordet

370 1930 588 2010 dispersurum
608 1924 691 1988 iuter
709 1927 820 2006 prutes,
842 1943 923 2004 quae
941 1923 1068 2005 fueruat
1083 1922 1180 2004 prius
1202 1921 1339 2005 incogni-
1389 1925 1544 2003 Iudaeos,
1578 1923 1663 2007 quud
1696 1924 1819 1988 scilicet
1851 1926 2067 2007 praeterirent
2100 1945 2213 1990 secure
2247 1945 2359 1990 omnes

371 2021 420 2080 tce
442 2018 508 2076 tam
528 2011 626 2093 ipsis,
659 2029 753 2093 quum
775 2007 923 2091 putridam
951 2028 1066 2074 emam.
1110 2005 1238 2071 Alludit
1260 2026 1338 2091 ergo
1392 2010 1454 2076 Dei
1476 2010 1597 2088 minas,
1627 2029 1665 2075 ac
1693 2010 1818 2075 interea
1847 2010 1961 2077 molles
1989 2019 2099 2076 emunt
2125 2021 2157 2074 et
2187 2011 2293 2076 teneri
2321 2010 2360 2074 ad

372 2099 413 2163 ad
432 2097 522 2162 illem
554 2115 739 2177 perversam
768 2095 984 2159 traditionem.
1029 2094 1114 2158 Nem
1142 2101 1250 2176 patres
1280 2094 1338 2156 im·
1390 2096 1500 2161 nescio
1532 2115 1613 2178 quas
1645 2117 1766 2179 nugas,
1807 2106 1979 2179 conspecto
2017 2097 2234 2178 practicarum
2274 2096 2363 2162 luotn

373 2186 509 2250 buerant
532 2182 614 2247 lilios
637 2201 712 2246 suos
732 2180 840 2262 impiis
862 2181 1041 2257 erroribus,
1075 2189 1108 2244 et
1134 2177 1340 2244 abduxerant
1391 2202 1504 2248 omues
1527 2191 1757 2264 sequerentur:
1791 2179 2065 2263 quemadmodum
2094 2182 2121 2247 si
2153 2180 2251 2246 hodie
2279 2181 2362 2263 quis

373 2289 392 2334 a
421 2270 508 2346 Deo,
540 2276 577 2332 nt
610 2278 694 2332 esset
723 2267 820 2330 nimie
848 2265 1017 2331 familiaris
1046 2265 1201 2331 doctrina.
1251 2265 1340 2348 Ergo
1392 2268 1477 2351 piam
1510 2266 1616 2332 fidelis
1649 2265 1761 2333 doctor
1794 2267 1968 2349 exprobret
2001 2267 2137 2351 papistis
2178 2266 2361 2344 stultitiam,

373 2353 545 2420 antithesis
566 2351 709 2418 notanda
730 2362 779 2417 est
800 2353 886 2415 inter
907 2350 1125 2434 cognitionem
1149 2350 1249 2430 illam,
1276 2371 1339 2433 qua
1392 2374 1476 2437 quae
1498 2354 1583 2417 inter
1611 2352 1700 2435 ipsos
1730 2363 1856 2437 regnat.
1901 2353 1986 2418 Nam
2014 2373 2115 2435 quum
2144 2352 2276 2418 rabulae
2307 2353 2363 2430 illi,

374 2451 484 2523 patres
506 2437 709 2503 inebriarunt
732 2439 816 2502 tilios
837 2457 928 2516 suos,
955 2444 989 2500 et
1010 2439 1096 2501 inter
1118 2437 1339 2519 ignorantiam
1392 2440 1448 2522 qui
1470 2446 1630 2521 occupant
1651 2449 1824 2523 suggestus
1846 2440 1880 2503 in
1904 2447 2033 2521 papatu,
2057 2437 2209 2503 flebiliter
2224 2438 2364 2520 loquun-

373 2526 506 2610 linguae
539 2525 696 2606 gentium.
754 2522 880 2588 Deinde
912 2522 989 2605 quia
1021 2522 1149 2587 dixerat
1181 2523 1340 2604 proiectos
1393 2533 1455 2605 tur,
1477 2525 1575 2590 etiam
1598 2526 1625 2588 si
1649 2544 1713 2588 non
1733 2525 1900 2606 proferant
1914 2521 2074 2606 syllabam
2090 2523 2190 2588 ullam
2206 2544 2248 2588 ex
2263 2523 2363 2589 verbo

374 2611 476 2676 luisse
498 2619 569 2694 post
594 2609 743 2673 duritiem
766 2607 871 2674 cordis
893 2607 954 2685 sui,
985 2615 1017 2672 et
1039 2617 1110 2689 post
1131 2607 1270 2686 Baalim,
1294 2607 1341 2670 di·
1393 2609 1466 2693 Dei,
1496 2618 1528 2673 et
1551 2609 1648 2674 simul
1672 2609 1770 2674 etiam
1792 2611 1977 2693 adiungunt
1999 2609 2097 2674 inane
2119 2607 2248 2691 aliquod
2271 2627 2362 2692 spec-

375 2699 427 2774 cit,
450 2695 520 2780 Ego
541 2696 662 2760 mittum
681 2693 824 2778 gladium
840 2698 912 2776 post
932 2713 992 2759 eos.
1026 2691 1184 2757 Videmus
1206 2712 1283 2777 ergo
1304 2693 1340 2758 in
1393 2695 1553 2778 taculum,
1587 2695 1639 2760 vel
1662 2695 1771 2776 potius
1793 2706 1974 2779 spectrum,
2003 2714 2122 2778 nempe
2144 2694 2172 2760 si
2196 2695 2363 2775 proferant

375 2793 510 2865 utroque
532 2783 676 2845 membro
694 2779 886 2863 prophetam
903 2778 1047 2845 alludere
1062 2779 1103 2843 ad
1119 2776 1341 2862 delectionem,
1394 2781 1569 2866 imaginem
1592 2781 1747 2859 crucifixi,
1770 2788 1827 2846 aut
1842 2781 1948 2848 simile
1964 2780 2097 2864 aliquid,
2119 2780 2211 2864 vulgi
2227 2781 2363 2846 affectus

375 2870 414 2934 de
437 2888 501 2951 qua
523 2865 684 2933 disseruit.
728 2867 774 2930 Et
796 2865 959 2949 adiungit,
996 2864 1098 2931 Donec
1126 2884 1341 2946 resumpsere
1392 2869 1528 2950 rapiunt
1549 2877 1587 2930 ut
1609 2867 1721 2931 fletum
1752 2875 1982 2950 extorqueant:
2016 2864 2287 2949 quemadmodum
2313 2886 2362 2931 so-

374 2974 440 3037 ecs,
473 2974 515 3018 ne
537 2953 660 3019 scilicet
679 2951 741 3018 sibi
771 2953 965 3034 promittant
994 2950 1240 3036 castigationem
1270 2950 1341 3016 fore
1392 2953 1462 3018 lent
1495 2952 1670 3017 histriones
1702 2952 1736 3017 in
1771 2952 1908 3018 theatris
1941 2951 2052 3018 oculos
2084 2951 2225 3017 allicere.
2275 2952 2363 3035 Ergo

375 3038 585 3119 temporalem
607 3044 641 3102 et
658 3037 825 3104 modicam.
860 3036 1043 3103 Denuntiat
1057 3039 1157 3121 igitur
1174 3036 1340 3117 Ieremias,
1393 3039 1545 3123 quoniam
1568 3037 1713 3121 papistae
1743 3039 1916 3122 rapiuntur
1950 3037 2043 3120 quasi
2076 3057 2197 3102 vesano
2228 3037 2363 3118 impetu,

376 3124 528 3207 quoniam
561 3123 661 3187 nimis
692 3123 783 3188 abusi
817 3123 948 3186 fuerant
979 3122 1043 3186 Dei
1074 3123 1256 3199 tolerantia,
1289 3124 1340 3188 in·
1392 3126 1449 3190 ubi
1471 3125 1517 3190 ita
1538 3123 1775 3209 gesticulantur
1796 3145 1907 3190 eorum
1931 3123 2078 3203 rabulae,
2111 3123 2139 3187 si
2161 3123 2235 3205 quis
2256 3121 2363 3187 fidelis

375 3219 462 3275 stare
483 3208 548 3272 illis
569 3207 755 3286 interitum,
787 3216 820 3271 et
842 3206 949 3270 Deum
972 3209 1072 3271 finem
1102 3208 1245 3273 cladibus
1274 3230 1340 3274 non
1393 3213 1503 3277 doctor
1526 3209 1619 3285 dicat,
1643 3207 1713 3274 Iam
1734 3211 1844 3276 veniat
1865 3211 2034 3292 quispiam,
2056 3207 2113 3291 qui
2132 3207 2225 3274 vobis
2247 3228 2363 3290 propo·

377 3297 546 3372 iacturum,
569 3292 670 3358 donec
692 3312 746 3358 eos
769 3293 803 3355 in
826 3298 928 3356 totum
951 3291 1137 3374 perdiderit.
1175 3291 1341 3376 Sequitur,
1393 3308 1451 3360 nat
1473 3301 1549 3361 ante
1571 3294 1680 3362 oculos
1703 3295 1755 3360 vel
1778 3295 1919 3379 effigiem
1942 3297 2063 3360 mortui
2086 3293 2239 3374 hominis,
2263 3303 2295 3357 et
2321 3293 2365 3356 di-

1394 3392 1446 3446 cat
1469 3401 1524 3446 vos
1546 3402 1658 3446 omues
1686 3381 1777 3446 brevi
1808 3385 1985 3464 perituros,
2019 3391 2052 3444 et
2082 3379 2206 3445 similes
2235 3379 2364 3444 futuros

462 3466 513 3530 17.
545 3464 599 3531 Sic
619 3465 697 3530 dicit
718 3463 854 3528 lebcouh
882 3464 1085 3542 musicum,
1115 3463 1286 3544 Alletdits,
1315 3470 1343 3530 et
1393 3467 1542 3532 cadaveri
1565 3465 1650 3548 quod
1675 3466 1885 3544 demonstrat,
1916 3477 1993 3532 tuno
2015 3466 2150 3533 flebitis:
2185 3485 2274 3531 nuuc
2296 3485 2364 3529 nou

375 3558 476 3620 vesuta
498 3551 732 3631 brmeututrt'ces,
759 3553 794 3614 ut
814 3549 946 3628 omium,
976 3555 1004 3613 et
1022 3549 1065 3614 ud
1081 3550 1202 3632 peritus
1223 3550 1342 3631 millite,
1395 3552 1494 3617 vultis
1528 3552 1650 3615 sentire
1684 3571 1781 3632 quam
1824 3551 1978 3616 horribile
2017 3552 2060 3616 sit
2095 3551 2156 3616 Dei
2195 3549 2363 3626 iudieium‚

375 3644 410 3704 ut
430 3639 572 3704 vosmet:
1394 3635 1480 3720 quod
1499 3636 1593 3700 vobis
1616 3635 1788 3700 denuntio:
1818 3657 1877 3720 ego
1899 3637 2038 3701 fideliter
2060 3634 2206 3720 exlege,
2230 3656 2271 3700 ex
2293 3656 2365 3718 pro·

463 3725 512 3789 18.
543 3721 588 3787 Et
607 3721 761 3803 festinent,
791 3719 947 3787 robae
967 3740 1062 3803 uesper
1083 3739 1139 3785 soe
1162 3721 1286 3804 ludum,
1316 3727 1344 3785 et
1395 3723 1519 3807 phetis,
1551 3743 1593 3786 ex
1615 3721 1783 3804 evaugelio
1806 3721 1921 3804 doceo,
1950 3743 2046 3805 quam
2076 3721 2292 3787 formidabilis
2323 3721 2364 3787 sit

375 3809 557 3874 deomant
590 3807 672 3874 oculi
704 3807 803 3871 corbi
834 3806 870 3870 ie
902 3805 1058 3888 mmmm
1096 3803 1166 3891 (alii
1199 3818 1343 3889 vertunt,
1394 3808 1459 3872 Dei
1482 3807 1636 3884 vindicta,
1657 3814 1691 3871 st
1712 3807 1809 3872 simul
1832 3809 1959 3890 profero
1982 3809 2017 3873 in
2039 3809 2183 3873 medium
2200 3807 2277 3890 quid
2292 3808 2365 3871 sitis

377 3894 576 3962 descendant
597 3915 670 3958 cum
699 3891 867 3976 lacrymis,
896 3890 949 3956 vel
982 3892 1133 3956 emittant
1161 3891 1343 3978 lacrymas),
1394 3894 1520 3960 meriti:
1543 3913 1638 3958 nemo
1660 3899 1768 3958 autem
1792 3916 1833 3958 ex
1855 3894 1947 3960 vobis
1969 3905 2127 3968 movetur,
2150 3894 2207 3958 sed
2223 3892 2365 3958 ludibrio

376 3980 590 4064 etpalpebrce
611 3982 734 4044 mrbus
755 3977 944 4057 deducetis
966 3996 1076 4059 aquus.
1395 3985 1445 4046 est
1466 3979 1556 4044 vobis
1580 3978 1660 4044 haee
1682 3976 1830 4045 doctrina
1851 4000 1918 4044 una
1940 4001 2013 4046 cnm
2036 3979 2319 4062 obiurgationibus
2333 3989 2366 4042 et

1396 4067 1503 4130 minis.
1548 4064 1637 4148 Ergo
1660 4065 1704 4129 ite
1732 4065 1773 4130 ad
1805 4076 1928 4131 vestros
1957 4065 2154 4147 prophetas,
2186 4067 2242 4146 qui
2273 4063 2366 4128 vobis

462 4151 535 4215 Hoc
556 4149 655 4214 etiam
679 4149 748 4213 loeo
771 4147 938 4231 propheta,
961 4157 997 4210 ut
1019 4146 1091 4212 aliis
1109 4147 1264 4230 pluribus,
1288 4171 1345 4232 per
1397 4151 1572 4215 ostendant
1593 4152 1737 4232 picturas
1760 4159 1792 4215 et
1814 4171 1918 4234 nugas
1940 4151 2071 4216 similes.
2115 4150 2167 4215 Itu
2186 4171 2274 4216 nunc
2292 4169 2365 4231 pro·

379 4237 598 4321 hypotyposin
631 4243 768 4300 conatur
799 4235 884 4298 serio
918 4233 1048 4298 afficere
1081 4254 1157 4300 suos
1194 4236 1345 4319 gentiles,
1397 4237 1514 4319 pheta:
1550 4235 1652 4300 Video
1685 4235 1768 4301 nihil
1801 4256 1852 4300 me
1886 4236 2058 4318 prolicere,
2092 4256 2169 4320 ergo
2205 4237 2365 4300 Dominus

380 4321 456 4404 quia
477 4320 608 4386 videbat
630 4329 695 4384 tam
720 4339 789 4384 esse
810 4319 1017 4402 praefractos,
1042 4318 1093 4382 vel
1112 4321 1271 4399 socordes,
1294 4322 1346 4388 vel
1398 4322 1487 4387 dabit
1508 4321 1599 4387 vobis
1622 4341 1688 4386 non
1719 4321 1880 4392 doctores.
1914 4321 1970 4386 aed
2001 4323 2152 4387 mulieres
2182 4322 2364 4404 magistras.

379 4426 520 4472 securos.
564 4405 674 4486 Quum
697 4425 775 4489 ergo
804 4405 912 4468 minae
936 4404 997 4470 Dei
1027 4414 1086 4468 aut
1113 4416 1346 4488 spernerentur
1398 4406 1541 4488 Quales?
1572 4427 1697 4489 nempe,
1727 4406 1842 4489 inquit,
1865 4406 2100 4487 bsmentctricee,
2122 4407 2176 4473 rel
2200 4407 2364 4490 praefices,

379 4494 413 4558 in
436 4497 556 4571 totum,
589 4501 645 4556 aut
677 4491 791 4556 saltem
824 4509 940 4573 parum
974 4491 1147 4556 efficaciter
1176 4501 1347 4557 moverent
1399 4511 1482 4575 quae
1504 4490 1614 4558 locant
1634 4511 1767 4574 operam
1790 4511 1882 4556 suam
1905 4493 2056 4575 lugendo.
2101 4493 2197 4560 Nune
2219 4513 2299 4576 ergo
2320 4502 2364 4555 te·

380 4579 506 4644 animos
527 4577 647 4660 populi,
677 4573 749 4640 ideo
771 4595 901 4640 necesse
923 4577 986 4641 init
1006 4576 1094 4658 ipsos
1117 4576 1233 4642 adduci
1256 4579 1347 4660 quasi
1398 4599 1512 4644 nemus
1535 4599 1593 4643 our
1620 4576 1659 4642 de
1687 4577 1834 4659 praeficis
1862 4577 2014 4662 loquatur
2043 4579 2208 4662 prophete.
2253 4579 2366 4644 Atten-

379 4664 416 4728 in
437 4683 507 4728 rem
529 4670 743 4748 praesentem.
788 4658 841 4727 Ad
864 4662 974 4726 vivum
997 4669 1074 4746 er'go
1104 4660 1252 4746 depingit
1273 4683 1347 4746 pro·
1398 4665 1475 4742 die,
1512 4663 1628 4745 inquit.
1683 4660 1871 4741 Quorsum?
1911 4663 2090 4730 debuerant
2130 4663 2261 4747 quidem
2296 4682 2366 4727 esse

379 4748 480 4831 pheta
500 4749 586 4832 quod
609 4748 691 4813 solet
713 4746 858 4814 accidere
879 4747 914 4810 in
936 4745 1034 4812 luctu.
1080 4747 1276 4831 Quanquam
1299 4750 1346 4814 vi·
1398 4749 1531 4825 attenti,
1554 4748 1609 4813 vel
1631 4748 1848 4831 intelligentes
1878 4749 1967 4834 (num
1989 4763 2030 4846 Γπ
2058 4751 2220 4834 siguificat
2250 4749 2366 4814 intelli-

381 4833 476 4900 detur
509 4835 639 4918 oblique
672 4833 892 4917 perstringere
923 4831 1078 4912 Iudaeos,
1118 4854 1157 4899 eo
1194 4832 1280 4916 quod
1312 4836 1347 4900 in
1398 4855 1476 4918 gere
1498 4834 1635 4916 proprie,
1664 4843 1697 4896 et
1718 4834 1752 4898 in
1774 4835 2003 4918 coniugatione
2026 4835 2182 4918 Hitbpael
2206 4836 2366 4918 accipitur

381 4920 483 4985 verbo
504 4919 568 4985 Dei
591 4940 655 4986 non
679 4927 891 5003 agnoscerent
912 4917 1053 4998 cladem,
1084 4940 1166 5002 qnae
1188 4919 1347 4985 instabat:
1398 4941 1457 5003 pro
1479 4917 1694 5004 considerare)
1728 4919 1906 4986 debuerant
1937 4921 2038 5004 igitur
2070 4923 2209 4988 adiicere
2242 4923 2365 4985 animos

381 5005 409 5071 si
431 5004 562 5086 quidem
584 5006 718 5072 verbum
742 5005 804 5070 Dei
825 5006 929 5070 instar
950 5004 1074 5086 speculi
1094 5026 1164 5070 esse
1186 5004 1290 5082 debet,
1313 5007 1347 5071 in
1400 5005 1533 5070 adeius
1555 5001 1664 5081 verba,
1693 5003 1925 5089 sedquoniam
1947 5005 2080 5072 videbat
2108 5029 2144 5072 se
2170 5006 2279 5089 rideri,
2310 5015 2366 5070 aut

381 5111 444 5173 quo
478 5091 677 5175 perspiciant
709 5090 856 5156 homines
890 5098 956 5154 tum
989 5090 1058 5155 dus
1099 5091 1274 5156 bonitatem
1313 5093 1347 5156 in
1399 5089 1574 5168 contemni,
1597 5098 1631 5155 et
1651 5088 1725 5157 duci
1747 5113 1805 5175 pro
1827 5090 1934 5156 fabula
1959 5113 2068 5160 omnes
2087 5095 2202 5171 minas,
2225 5111 2365 5174 quarum

382 5176 666 5258 promissionibus,
701 5196 798 5260 quarn
831 5174 988 5241 iudicium
1021 5177 1055 5240 iu
1084 5176 1192 5241 minis.
1237 5175 1348 5258 Quum
1400 5187 1511 5242 tamen
1532 5176 1717 5242 Deusarat
1739 5187 1843 5253 autor,
1867 5177 1960 5243 Nune
1981 5177 2180 5256 maritimis,
2203 5179 2365 5260 inquitet

315 5311 321 5322 .
383 5283 461 5348 ergo
482 5263 672 5348 prophetiae
695 5282 808 5328 omnes
834 5272 943 5328 essent
971 5261 1062 5345 qnasi
1092 5261 1231 5328 lusorias
1260 5263 1347 5346 apud
1399 5268 1501 5328 ooecte
1522 5267 1642 5328 ombus
1662 5262 1896 5329 lamentabices.
1941 5263 2027 5345 Quia
2052 5265 2146 5330 video
2178 5272 2304 5330 tantam
2332 5263 2364 5326 in
