<?xml version="1.0" encoding="UTF-8"?>
<!DOCTYPE html PUBLIC "-//W3C//DTD XHTML 1.0 Transitional//EN"
    "http://www.w3.org/TR/xhtml1/DTD/xhtml1-transitional.dtd">
<html xmlns="http://www.w3.org/1999/xhtml" xml:lang="en" lang="en">
 <head>
  <title>
</title>
<meta http-equiv="Content-Type" content="text/html;charset=utf-8" />
  <meta name='ocr-system' content='tesseract 3.04.00' />
  <meta name='ocr-capabilities' content='ocr_page ocr_carea ocr_par ocr_line ocrx_word'/>
</head>
<body>
  <div class='ocr_page' id='page_1' title='image "./corpusreformato14melagoog_0203.png"; bbox 0 0 5158 6124; ppageno 0'>
   <div class='ocr_carea' id='block_1_1' title="bbox 368 409 2357 480">
    <p class='ocr_par' dir='ltr' id='par_1_1' title="bbox 368 409 2357 480">
     <span class='ocr_line' id='line_1_1' title="bbox 368 409 2357 480; baseline 0 -1"><span class='ocrx_word' id='word_1_1' title='bbox 368 413 435 480; x_wconf 75' lang='lat'>3¹15</span> <span class='ocrx_word' id='word_1_2' title='bbox 1183 409 1570 478; x_wconf 79' lang='lat' dir='ltr'><strong>PRAELEOTIONES</strong></span> <span class='ocrx_word' id='word_1_3' title='bbox 2302 413 2357 480; x_wconf 80' lang='grc'>376</span> 
     </span>
    </p>
   </div>
   <div class='ocr_carea' id='block_1_2' title="bbox 359 598 2379 5392">
    <p class='ocr_par' dir='ltr' id='par_1_2' title="bbox 359 598 2379 5392">
     <span class='ocr_line' id='line_1_2' title="bbox 372 598 2356 685; baseline -0.002 -15"><span class='ocrx_word' id='word_1_4' title='bbox 372 605 445 670; x_wconf 89' lang='lat' dir='ltr'>fieri</span> <span class='ocrx_word' id='word_1_5' title='bbox 462 602 554 670; x_wconf 86' lang='lat' dir='ltr'>solet.</span> <span class='ocrx_word' id='word_1_6' title='bbox 584 603 717 668; x_wconf 89' lang='lat' dir='ltr'>Interea</span> <span class='ocrx_word' id='word_1_7' title='bbox 732 621 798 666; x_wconf 91' lang='lat' dir='ltr'>nou</span> <span class='ocrx_word' id='word_1_8' title='bbox 816 600 900 666; x_wconf 87' lang='lat' dir='ltr'>male</span> <span class='ocrx_word' id='word_1_9' title='bbox 916 599 1056 683; x_wconf 75' lang='lat' dir='ltr'><strong>quadrat</strong></span> <span class='ocrx_word' id='word_1_10' title='bbox 1071 599 1155 666; x_wconf 88' lang='lat' dir='ltr'>alter</span> <span class='ocrx_word' id='word_1_11' title='bbox 1170 621 1295 676; x_wconf 91' lang='lat' dir='ltr'>seusus,</span> <span class='ocrx_word' id='word_1_12' title='bbox 1312 613 1349 665; x_wconf 90' lang='lat' dir='ltr'>ut</span> <span class='ocrx_word' id='word_1_13' title='bbox 1402 599 1482 664; x_wconf 90' lang='lat' dir='ltr'>bunt</span> <span class='ocrx_word' id='word_1_14' title='bbox 1505 621 1597 683; x_wconf 87' lang='lat' dir='ltr'>posse</span> <span class='ocrx_word' id='word_1_15' title='bbox 1619 600 1689 665; x_wconf 91' lang='lat' dir='ltr'>fieri</span> <span class='ocrx_word' id='word_1_16' title='bbox 1713 611 1749 666; x_wconf 90' lang='lat' dir='ltr'>ut</span> <span class='ocrx_word' id='word_1_17' title='bbox 1767 622 1911 683; x_wconf 90' lang='lat' dir='ltr'>nuquam</span> <span class='ocrx_word' id='word_1_18' title='bbox 1930 599 2095 665; x_wconf 80' lang='lat' dir='ltr'>excideret</span> <span class='ocrx_word' id='word_1_19' title='bbox 2114 599 2203 682; x_wconf 77' lang='lat' dir='ltr'>regia</span> <span class='ocrx_word' id='word_1_20' title='bbox 2220 598 2356 685; x_wconf 80' lang='lat' dir='ltr'>dignitas,</span> 
     </span>
     <span class='ocr_line' id='line_1_3' title="bbox 370 685 2359 767; baseline 0.001 -13"><span class='ocrx_word' id='word_1_21' title='bbox 370 691 511 757; x_wconf 84' lang='lat' dir='ltr'>verbum</span> <span class='ocrx_word' id='word_1_22' title='bbox 539 689 689 753; x_wconf 87' lang='lat' dir='ltr'>laturum</span> <span class='ocrx_word' id='word_1_23' title='bbox 712 700 798 763; x_wconf 70' lang='lat' dir='ltr'>talou</span> <span class='ocrx_word' id='word_1_24' title='bbox 822 689 865 751; x_wconf 90' lang='lat' dir='ltr'>sit</span> <span class='ocrx_word' id='word_1_25' title='bbox 887 687 1060 752; x_wconf 85' lang='lat' dir='ltr'>hortantis.</span> <span class='ocrx_word' id='word_1_26' title='bbox 1105 685 1237 752; x_wconf 77' lang='lat' dir='ltr'>Scimus</span> <span class='ocrx_word' id='word_1_27' title='bbox 1258 687 1346 750; x_wconf 92' lang='lat' dir='ltr'>enim</span> <span class='ocrx_word' id='word_1_28' title='bbox 1402 686 1555 767; x_wconf 91' lang='lat' dir='ltr'>quamdiu</span> <span class='ocrx_word' id='word_1_29' title='bbox 1574 686 1622 751; x_wconf 88' lang='lat' dir='ltr'>sol</span> <span class='ocrx_word' id='word_1_30' title='bbox 1640 698 1673 750; x_wconf 90' lang='lat' dir='ltr'>et</span> <span class='ocrx_word' id='word_1_31' title='bbox 1690 686 1768 750; x_wconf 89' lang='lat' dir='ltr'>luua</span> <span class='ocrx_word' id='word_1_32' title='bbox 1786 687 1819 751; x_wconf 93' lang='lat' dir='ltr'>iu</span> <span class='ocrx_word' id='word_1_33' title='bbox 1839 686 1928 752; x_wconf 92' lang='lat' dir='ltr'>coelo</span> <span class='ocrx_word' id='word_1_34' title='bbox 1947 687 2062 751; x_wconf 86' lang='lat' dir='ltr'>iurent.</span> <span class='ocrx_word' id='word_1_35' title='bbox 2095 685 2184 750; x_wconf 90' lang='lat' dir='ltr'>Huic</span> <span class='ocrx_word' id='word_1_36' title='bbox 2202 706 2359 767; x_wconf 82' lang='lat' dir='ltr'>perversae</span> 
     </span>
     <span class='ocr_line' id='line_1_4' title="bbox 371 769 2358 855; baseline -0.001 -13"><span class='ocrx_word' id='word_1_37' title='bbox 371 778 519 842; x_wconf 84' lang='lat' dir='ltr'>laturum</span> <span class='ocrx_word' id='word_1_38' title='bbox 544 785 674 854; x_wconf 89' lang='lat' dir='ltr'>tempus</span> <span class='ocrx_word' id='word_1_39' title='bbox 696 773 799 855; x_wconf 87' lang='lat' dir='ltr'>accipi</span> <span class='ocrx_word' id='word_1_40' title='bbox 821 793 917 855; x_wconf 90' lang='lat' dir='ltr'>saepe</span> <span class='ocrx_word' id='word_1_41' title='bbox 947 793 1005 854; x_wconf 89' lang='lat' dir='ltr'>pro</span> <span class='ocrx_word' id='word_1_42' title='bbox 1035 772 1231 854; x_wconf 86' lang='lat' dir='ltr'>imperativo</span> <span class='ocrx_word' id='word_1_43' title='bbox 1261 771 1347 854; x_wconf 89' lang='lat' dir='ltr'>apud</span> <span class='ocrx_word' id='word_1_44' title='bbox 1401 771 1539 837; x_wconf 88' lang='lat' dir='ltr'>fiduciae</span> <span class='ocrx_word' id='word_1_45' title='bbox 1561 771 1705 838; x_wconf 86' lang='lat' dir='ltr'>occurrit</span> <span class='ocrx_word' id='word_1_46' title='bbox 1727 771 1895 855; x_wconf 88' lang='lat' dir='ltr'>propheta,</span> <span class='ocrx_word' id='word_1_47' title='bbox 1919 783 1952 838; x_wconf 92' lang='lat' dir='ltr'>et</span> <span class='ocrx_word' id='word_1_48' title='bbox 1975 770 2063 851; x_wconf 92' lang='lat' dir='ltr'>dicit,</span> <span class='ocrx_word' id='word_1_49' title='bbox 2093 769 2131 836; x_wconf 81' lang='lat' dir='ltr'>Si</span> <span class='ocrx_word' id='word_1_50' title='bbox 2152 791 2213 836; x_wconf 77' lang='lat' dir='ltr'>aon</span> <span class='ocrx_word' id='word_1_51' title='bbox 2233 773 2358 841; x_wconf 73' lang='lat' dir='ltr'>audieri-</span> 
     </span>
     <span class='ocr_line' id='line_1_5' title="bbox 370 856 2359 945; baseline -0.001 -16"><span class='ocrx_word' id='word_1_52' title='bbox 370 863 552 928; x_wconf 84' lang='lat' dir='ltr'>Hebraeos.</span> <span class='ocrx_word' id='word_1_53' title='bbox 591 859 763 940; x_wconf 76' lang='lat' dir='ltr'>Quantum</span> <span class='ocrx_word' id='word_1_54' title='bbox 786 858 826 922; x_wconf 91' lang='lat' dir='ltr'>ad</span> <span class='ocrx_word' id='word_1_55' title='bbox 849 876 1013 924; x_wconf 90' lang='lat' dir='ltr'>summam</span> <span class='ocrx_word' id='word_1_56' title='bbox 1035 859 1082 922; x_wconf 91' lang='lat' dir='ltr'>rei</span> <span class='ocrx_word' id='word_1_57' title='bbox 1111 877 1177 923; x_wconf 91' lang='lat' dir='ltr'>non</span> <span class='ocrx_word' id='word_1_58' title='bbox 1207 856 1347 921; x_wconf 90' lang='lat' dir='ltr'>multum</span> <span class='ocrx_word' id='word_1_59' title='bbox 1400 858 1443 922; x_wconf 80' lang='lat' dir='ltr'>tis</span> <span class='ocrx_word' id='word_1_60' title='bbox 1467 857 1522 923; x_wconf 86' lang='lat' dir='ltr'>bos</span> <span class='ocrx_word' id='word_1_61' title='bbox 1544 876 1708 922; x_wconf 76' lang='lat' dir='ltr'>semones.</span> <span class='ocrx_word' id='word_1_62' title='bbox 1757 857 1865 923; x_wconf 86' lang='lat' dir='ltr'>Mutat</span> <span class='ocrx_word' id='word_1_63' title='bbox 1894 878 2084 922; x_wconf 88' lang='lat' dir='ltr'>numerum:</span> <span class='ocrx_word' id='word_1_64' title='bbox 2115 857 2241 923; x_wconf 78' lang='lat' dir='ltr'>dixerat</span> <span class='ocrx_word' id='word_1_65' title='bbox 2267 861 2359 945; x_wconf 86' lang='lat' dir='ltr'>prius,</span> 
     </span>
     <span class='ocr_line' id='line_1_6' title="bbox 371 941 2359 1026; baseline -0.001 -11"><span class='ocrx_word' id='word_1_66' title='bbox 371 950 518 1014; x_wconf 88' lang='lat' dir='ltr'>interest.</span> <span class='ocrx_word' id='word_1_67' title='bbox 571 946 656 1009; x_wconf 89' lang='lat' dir='ltr'>Nam</span> <span class='ocrx_word' id='word_1_68' title='bbox 689 943 802 1009; x_wconf 91' lang='lat' dir='ltr'>eodem</span> <span class='ocrx_word' id='word_1_69' title='bbox 836 941 920 1008; x_wconf 90' lang='lat' dir='ltr'>redit</span> <span class='ocrx_word' id='word_1_70' title='bbox 954 942 1131 1026; x_wconf 87' lang='lat' dir='ltr'>prophetae</span> <span class='ocrx_word' id='word_1_71' title='bbox 1164 941 1345 1018; x_wconf 89' lang='lat' dir='ltr'>consilium,</span> <span class='ocrx_word' id='word_1_72' title='bbox 1400 955 1457 1010; x_wconf 71' lang='lat' dir='ltr'>utu</span> <span class='ocrx_word' id='word_1_73' title='bbox 1475 956 1564 1011; x_wconf 59' lang='lat' dir='ltr'>tuan</span> <span class='ocrx_word' id='word_1_74' title='bbox 1582 956 1640 1023; x_wconf 75' lang='lat' dir='ltr'>nrt,</span> <span class='ocrx_word' id='word_1_75' title='bbox 1657 962 1841 1008; x_wconf 87' lang='lat' dir='ltr'>sermonem</span> <span class='ocrx_word' id='word_1_76' title='bbox 1858 942 1961 1008; x_wconf 86' lang='lat' dir='ltr'>hunc:</span> <span class='ocrx_word' id='word_1_77' title='bbox 1981 964 2069 1009; x_wconf 90' lang='lat' dir='ltr'>nunc</span> <span class='ocrx_word' id='word_1_78' title='bbox 2086 942 2166 1008; x_wconf 89' lang='lat' dir='ltr'>dicit</span> <span class='ocrx_word' id='word_1_79' title='bbox 2184 955 2301 1013; x_wconf 58' lang='lat' dir='ltr'>ulman</span> <span class='ocrx_word' id='word_1_80' title='bbox 2316 959 2359 1014; x_wconf 70' lang='lat' dir='ltr'>ult</span> 
     </span>
     <span class='ocr_line' id='line_1_7' title="bbox 373 1028 2358 1112; baseline -0.001 -14"><span class='ocrx_word' id='word_1_81' title='bbox 373 1033 483 1098; x_wconf 92' lang='lat' dir='ltr'>Deum</span> <span class='ocrx_word' id='word_1_82' title='bbox 505 1032 632 1099; x_wconf 90' lang='lat' dir='ltr'>seilicet</span> <span class='ocrx_word' id='word_1_83' title='bbox 654 1029 722 1095; x_wconf 86' lang='lat' dir='ltr'>lore</span> <span class='ocrx_word' id='word_1_84' title='bbox 744 1029 874 1093; x_wconf 87' lang='lat' dir='ltr'>Iudaeis</span> <span class='ocrx_word' id='word_1_85' title='bbox 897 1028 1109 1105; x_wconf 74' lang='lat' dir='ltr'>exorabilem,</span> <span class='ocrx_word' id='word_1_86' title='bbox 1139 1029 1167 1094; x_wconf 86' lang='lat' dir='ltr'>si</span> <span class='ocrx_word' id='word_1_87' title='bbox 1190 1049 1254 1093; x_wconf 91' lang='lat' dir='ltr'>non</span> <span class='ocrx_word' id='word_1_88' title='bbox 1278 1028 1345 1093; x_wconf 84' lang='lat' dir='ltr'>lue·</span> <span class='ocrx_word' id='word_1_89' title='bbox 1400 1048 1566 1092; x_wconf 87' lang='lat' dir='ltr'>sermones</span> <span class='ocrx_word' id='word_1_90' title='bbox 1588 1029 1678 1094; x_wconf 89' lang='lat' dir='ltr'>istos.</span> <span class='ocrx_word' id='word_1_91' title='bbox 1723 1028 1789 1094; x_wconf 81' lang='lat' dir='ltr'>Sed</span> <span class='ocrx_word' id='word_1_92' title='bbox 1812 1049 1970 1095; x_wconf 88' lang='lat' dir='ltr'>numerus</span> <span class='ocrx_word' id='word_1_93' title='bbox 1992 1028 2168 1112; x_wconf 85' lang='lat' dir='ltr'>singularis</span> <span class='ocrx_word' id='word_1_94' title='bbox 2190 1031 2358 1112; x_wconf 89' lang='lat' dir='ltr'>complecti-</span> 
     </span>
     <span class='ocr_line' id='line_1_8' title="bbox 371 1113 2360 1202; baseline -0.001 -19"><span class='ocrx_word' id='word_1_95' title='bbox 371 1121 441 1184; x_wconf 88' lang='lat' dir='ltr'>riut</span> <span class='ocrx_word' id='word_1_96' title='bbox 457 1139 590 1202; x_wconf 89' lang='lat' dir='ltr'>prorsus</span> <span class='ocrx_word' id='word_1_97' title='bbox 607 1113 826 1198; x_wconf 79' lang='lat' dir='ltr'>immorigeri:</span> <span class='ocrx_word' id='word_1_98' title='bbox 852 1114 998 1192; x_wconf 79' lang='lat' dir='ltr'>Tantam,</span> <span class='ocrx_word' id='word_1_99' title='bbox 1018 1113 1133 1198; x_wconf 87' lang='lat' dir='ltr'>inquit,</span> <span class='ocrx_word' id='word_1_100' title='bbox 1152 1113 1267 1180; x_wconf 79' lang='lat' dir='ltr'>obedite</span> <span class='ocrx_word' id='word_1_101' title='bbox 1283 1132 1346 1178; x_wconf 85' lang='lat' dir='ltr'>eer-</span> <span class='ocrx_word' id='word_1_102' title='bbox 1400 1121 1454 1177; x_wconf 89' lang='lat' dir='ltr'>tur</span> <span class='ocrx_word' id='word_1_103' title='bbox 1469 1134 1631 1178; x_wconf 88' lang='lat' dir='ltr'>summam</span> <span class='ocrx_word' id='word_1_104' title='bbox 1647 1113 1748 1194; x_wconf 79' lang='lat' dir='ltr'>totius</span> <span class='ocrx_word' id='word_1_105' title='bbox 1762 1113 1937 1180; x_wconf 90' lang='lat' dir='ltr'>doetrinae.</span> <span class='ocrx_word' id='word_1_106' title='bbox 1972 1113 2219 1180; x_wconf 90' lang='lat' dir='ltr'>Pluraliautem</span> <span class='ocrx_word' id='word_1_107' title='bbox 2235 1137 2360 1182; x_wconf 85' lang='lat' dir='ltr'>numero</span> 
     </span>
     <span class='ocr_line' id='line_1_9' title="bbox 370 1199 2360 1283; baseline -0.002 -13"><span class='ocrx_word' id='word_1_108' title='bbox 370 1206 456 1270; x_wconf 81' lang='lat' dir='ltr'>moui</span> <span class='ocrx_word' id='word_1_109' title='bbox 487 1223 562 1282; x_wconf 78' lang='lat' dir='ltr'>oceo,</span> <span class='ocrx_word' id='word_1_110' title='bbox 596 1216 629 1268; x_wconf 89' lang='lat' dir='ltr'>et</span> <span class='ocrx_word' id='word_1_111' title='bbox 651 1200 743 1266; x_wconf 84' lang='lat' dir='ltr'>salva</span> <span class='ocrx_word' id='word_1_112' title='bbox 771 1220 824 1265; x_wconf 89' lang='lat' dir='ltr'>res</span> <span class='ocrx_word' id='word_1_113' title='bbox 852 1200 916 1264; x_wconf 90' lang='lat' dir='ltr'>erit</span> <span class='ocrx_word' id='word_1_114' title='bbox 949 1221 1013 1265; x_wconf 89' lang='lat' dir='ltr'>aon</span> <span class='ocrx_word' id='word_1_115' title='bbox 1047 1199 1133 1282; x_wconf 91' lang='lat' dir='ltr'>quod</span> <span class='ocrx_word' id='word_1_116' title='bbox 1167 1200 1346 1282; x_wconf 86' lang='lat' dir='ltr'>impunitas</span> <span class='ocrx_word' id='word_1_117' title='bbox 1399 1220 1487 1264; x_wconf 90' lang='lat' dir='ltr'>nunc</span> <span class='ocrx_word' id='word_1_118' title='bbox 1509 1200 1624 1283; x_wconf 86' lang='lat' dir='ltr'>utitur,</span> <span class='ocrx_word' id='word_1_119' title='bbox 1654 1200 1806 1282; x_wconf 90' lang='lat' dir='ltr'>quoniam</span> <span class='ocrx_word' id='word_1_120' title='bbox 1830 1201 1983 1265; x_wconf 73' lang='lat' dir='ltr'>hortatus</span> <span class='ocrx_word' id='word_1_121' title='bbox 1999 1199 2072 1266; x_wconf 88' lang='lat' dir='ltr'>illos</span> <span class='ocrx_word' id='word_1_122' title='bbox 2096 1199 2201 1265; x_wconf 88' lang='lat' dir='ltr'>luerat</span> <span class='ocrx_word' id='word_1_123' title='bbox 2222 1199 2262 1266; x_wconf 92' lang='lat' dir='ltr'>ad</span> <span class='ocrx_word' id='word_1_124' title='bbox 2284 1204 2360 1268; x_wconf 87' lang='lat' dir='ltr'>vitae</span> 
     </span>
     <span class='ocr_line' id='line_1_10' title="bbox 371 1283 2361 1373; baseline -0.002 -18"><span class='ocrx_word' id='word_1_125' title='bbox 371 1291 534 1373; x_wconf 87' lang='lat' dir='ltr'>speranda</span> <span class='ocrx_word' id='word_1_126' title='bbox 557 1297 650 1365; x_wconf 88' lang='lat' dir='ltr'>esset,</span> <span class='ocrx_word' id='word_1_127' title='bbox 681 1283 952 1370; x_wconf 79' lang='lat' dir='ltr'>quemadmodum</span> <span class='ocrx_word' id='word_1_128' title='bbox 982 1291 1059 1351; x_wconf 88' lang='lat' dir='ltr'>ante</span> <span class='ocrx_word' id='word_1_129' title='bbox 1084 1284 1162 1368; x_wconf 89' lang='lat' dir='ltr'>dixi,</span> <span class='ocrx_word' id='word_1_130' title='bbox 1191 1285 1247 1350; x_wconf 90' lang='lat' dir='ltr'>sed</span> <span class='ocrx_word' id='word_1_131' title='bbox 1270 1286 1347 1368; x_wconf 89' lang='lat' dir='ltr'>quia</span> <span class='ocrx_word' id='word_1_132' title='bbox 1399 1285 1625 1350; x_wconf 88' lang='lat' dir='ltr'>mutationem.</span> <span class='ocrx_word' id='word_1_133' title='bbox 1670 1284 1740 1350; x_wconf 89' lang='lat' dir='ltr'>Iam</span> <span class='ocrx_word' id='word_1_134' title='bbox 1765 1306 1842 1351; x_wconf 84' lang='lat' dir='ltr'>vero</span> <span class='ocrx_word' id='word_1_135' title='bbox 1864 1307 1906 1351; x_wconf 91' lang='lat' dir='ltr'>ne</span> <span class='ocrx_word' id='word_1_136' title='bbox 1935 1295 2052 1368; x_wconf 90' lang='lat' dir='ltr'>putent</span> <span class='ocrx_word' id='word_1_137' title='bbox 2075 1307 2111 1350; x_wconf 90' lang='lat' dir='ltr'>se</span> <span class='ocrx_word' id='word_1_138' title='bbox 2139 1287 2279 1352; x_wconf 88' lang='lat' dir='ltr'>inaniter</span> <span class='ocrx_word' id='word_1_139' title='bbox 2306 1297 2361 1352; x_wconf 86' lang='lat' dir='ltr'>ter·</span> 
     </span>
     <span class='ocr_line' id='line_1_11' title="bbox 371 1369 2362 1458; baseline -0.002 -16"><span class='ocrx_word' id='word_1_140' title='bbox 371 1376 501 1458; x_wconf 87' lang='lat' dir='ltr'>experti</span> <span class='ocrx_word' id='word_1_141' title='bbox 523 1374 671 1449; x_wconf 70' lang='lat' dir='ltr'>iubeant,</span> <span class='ocrx_word' id='word_1_142' title='bbox 701 1392 737 1438; x_wconf 90' lang='lat' dir='ltr'>se</span> <span class='ocrx_word' id='word_1_143' title='bbox 767 1391 831 1436; x_wconf 91' lang='lat' dir='ltr'>uon</span> <span class='ocrx_word' id='word_1_144' title='bbox 861 1371 984 1437; x_wconf 84' lang='lat' dir='ltr'>frustra</span> <span class='ocrx_word' id='word_1_145' title='bbox 1013 1370 1111 1436; x_wconf 88' lang='lat' dir='ltr'>luisse</span> <span class='ocrx_word' id='word_1_146' title='bbox 1135 1372 1205 1436; x_wconf 91' lang='lat' dir='ltr'>Dec</span> <span class='ocrx_word' id='word_1_147' title='bbox 1236 1389 1344 1435; x_wconf 89' lang='lat' dir='ltr'>recon-</span> <span class='ocrx_word' id='word_1_148' title='bbox 1398 1371 1473 1446; x_wconf 91' lang='lat' dir='ltr'>reri,</span> <span class='ocrx_word' id='word_1_149' title='bbox 1497 1370 1688 1453; x_wconf 79' lang='lat' dir='ltr'>pronuntiat</span> <span class='ocrx_word' id='word_1_150' title='bbox 1710 1369 1815 1436; x_wconf 83' lang='lat' dir='ltr'>Deam</span> <span class='ocrx_word' id='word_1_151' title='bbox 1832 1391 1890 1453; x_wconf 85' lang='lat' dir='ltr'>per</span> <span class='ocrx_word' id='word_1_152' title='bbox 1918 1391 1951 1437; x_wconf 88' lang='lat' dir='ltr'>se</span> <span class='ocrx_word' id='word_1_153' title='bbox 1972 1372 2110 1438; x_wconf 73' lang='lat' dir='ltr'>terasso.</span> <span class='ocrx_word' id='word_1_154' title='bbox 2154 1369 2283 1438; x_wconf 85' lang='lat' dir='ltr'>Scimus</span> <span class='ocrx_word' id='word_1_155' title='bbox 2306 1373 2362 1438; x_wconf 90' lang='lat' dir='ltr'>hoe</span> 
     </span>
     <span class='ocr_line' id='line_1_12' title="bbox 370 1455 2361 1542; baseline -0.002 -14"><span class='ocrx_word' id='word_1_156' title='bbox 370 1462 497 1528; x_wconf 89' lang='lat' dir='ltr'>ciliatos</span> <span class='ocrx_word' id='word_1_157' title='bbox 520 1459 561 1526; x_wconf 91' lang='lat' dir='ltr'>cb</span> <span class='ocrx_word' id='word_1_158' title='bbox 584 1479 707 1542; x_wconf 90' lang='lat' dir='ltr'>poenae</span> <span class='ocrx_word' id='word_1_159' title='bbox 729 1457 976 1540; x_wconf 84' lang='lat' dir='ltr'>mitigationem.</span> <span class='ocrx_word' id='word_1_160' title='bbox 1014 1457 1148 1523; x_wconf 80' lang='lat' dir='ltr'>Fuisset</span> <span class='ocrx_word' id='word_1_161' title='bbox 1170 1455 1259 1522; x_wconf 91' lang='lat' dir='ltr'>enim</span> <span class='ocrx_word' id='word_1_162' title='bbox 1280 1455 1345 1520; x_wconf 91' lang='lat' dir='ltr'>illis</span> <span class='ocrx_word' id='word_1_163' title='bbox 1399 1457 1470 1520; x_wconf 88' lang='lat' dir='ltr'>fieri</span> <span class='ocrx_word' id='word_1_164' title='bbox 1502 1467 1633 1539; x_wconf 90' lang='lat' dir='ltr'>propter</span> <span class='ocrx_word' id='word_1_165' title='bbox 1660 1457 1832 1522; x_wconf 90' lang='lat' dir='ltr'>homiuum</span> <span class='ocrx_word' id='word_1_166' title='bbox 1862 1456 2055 1539; x_wconf 86' lang='lat' dir='ltr'>socordiam,</span> <span class='ocrx_word' id='word_1_167' title='bbox 2078 1477 2180 1541; x_wconf 89' lang='lat' dir='ltr'>quum</span> <span class='ocrx_word' id='word_1_168' title='bbox 2211 1457 2361 1525; x_wconf 89' lang='lat' dir='ltr'>Dominus</span> 
     </span>
     <span class='ocr_line' id='line_1_13' title="bbox 370 1540 2363 1626; baseline -0.002 -14"><span class='ocrx_word' id='word_1_169' title='bbox 370 1547 525 1612; x_wconf 87' lang='lat' dir='ltr'>exsilium</span> <span class='ocrx_word' id='word_1_170' title='bbox 549 1544 651 1620; x_wconf 89' lang='lat' dir='ltr'>dulce,</span> <span class='ocrx_word' id='word_1_171' title='bbox 682 1554 716 1608; x_wconf 92' lang='lat' dir='ltr'>et</span> <span class='ocrx_word' id='word_1_172' title='bbox 737 1541 829 1608; x_wconf 89' lang='lat' dir='ltr'>Deus</span> <span class='ocrx_word' id='word_1_173' title='bbox 853 1542 939 1607; x_wconf 86' lang='lat' dir='ltr'>haud</span> <span class='ocrx_word' id='word_1_174' title='bbox 969 1541 1066 1608; x_wconf 88' lang='lat' dir='ltr'>dubie</span> <span class='ocrx_word' id='word_1_175' title='bbox 1094 1542 1252 1625; x_wconf 77' lang='lat' dir='ltr'>placasset</span> <span class='ocrx_word' id='word_1_176' title='bbox 1280 1540 1346 1605; x_wconf 88' lang='lat' dir='ltr'>illis</span> <span class='ocrx_word' id='word_1_177' title='bbox 1399 1542 1495 1624; x_wconf 86' lang='lat' dir='ltr'>iuret,</span> <span class='ocrx_word' id='word_1_178' title='bbox 1527 1542 1577 1607; x_wconf 87' lang='lat' dir='ltr'>vel</span> <span class='ocrx_word' id='word_1_179' title='bbox 1600 1542 1656 1608; x_wconf 92' lang='lat' dir='ltr'>ubi</span> <span class='ocrx_word' id='word_1_180' title='bbox 1678 1541 1799 1625; x_wconf 91' lang='lat' dir='ltr'>aliquid</span> <span class='ocrx_word' id='word_1_181' title='bbox 1822 1543 1998 1626; x_wconf 89' lang='lat' dir='ltr'>promittit,</span> <span class='ocrx_word' id='word_1_182' title='bbox 2029 1543 2081 1610; x_wconf 84' lang='lat' dir='ltr'>vel</span> <span class='ocrx_word' id='word_1_183' title='bbox 2110 1543 2167 1609; x_wconf 92' lang='lat' dir='ltr'>ubi</span> <span class='ocrx_word' id='word_1_184' title='bbox 2200 1543 2363 1608; x_wconf 86' lang='lat' dir='ltr'>denuntiat</span> 
     </span>
     <span class='ocr_line' id='line_1_14' title="bbox 370 1627 2363 1711; baseline -0.003 -12"><span class='ocrx_word' id='word_1_185' title='bbox 370 1632 593 1699; x_wconf 84' lang='lat' dir='ltr'>adversarios:</span> <span class='ocrx_word' id='word_1_186' title='bbox 623 1629 739 1694; x_wconf 90' lang='lat' dir='ltr'>multis</span> <span class='ocrx_word' id='word_1_187' title='bbox 769 1628 908 1710; x_wconf 89' lang='lat' dir='ltr'>denique</span> <span class='ocrx_word' id='word_1_188' title='bbox 937 1628 1042 1692; x_wconf 91' lang='lat' dir='ltr'>modis</span> <span class='ocrx_word' id='word_1_189' title='bbox 1072 1639 1202 1694; x_wconf 91' lang='lat' dir='ltr'>ostensa</span> <span class='ocrx_word' id='word_1_190' title='bbox 1230 1628 1346 1692; x_wconf 87' lang='lat' dir='ltr'>luisset</span> <span class='ocrx_word' id='word_1_191' title='bbox 1398 1647 1538 1710; x_wconf 76' lang='lat' dir='ltr'>pnsum</span> <span class='ocrx_word' id='word_1_192' title='bbox 1567 1628 1801 1711; x_wconf 87' lang='lat' dir='ltr'>peecatoribus.</span> <span class='ocrx_word' id='word_1_193' title='bbox 1852 1628 1919 1693; x_wconf 90' lang='lat' dir='ltr'>Vix</span> <span class='ocrx_word' id='word_1_194' title='bbox 1949 1627 2037 1693; x_wconf 91' lang='lat' dir='ltr'>enim</span> <span class='ocrx_word' id='word_1_195' title='bbox 2068 1627 2209 1711; x_wconf 89' lang='lat' dir='ltr'>simplex</span> <span class='ocrx_word' id='word_1_196' title='bbox 2236 1629 2363 1694; x_wconf 87' lang='lat' dir='ltr'>verbum</span> 
     </span>
     <span class='ocr_line' id='line_1_15' title="bbox 369 1713 2362 1798; baseline -0.002 -15"><span class='ocrx_word' id='word_1_197' title='bbox 369 1718 437 1784; x_wconf 94' lang='lat' dir='ltr'>illis</span> <span class='ocrx_word' id='word_1_198' title='bbox 459 1716 691 1783; x_wconf 85' lang='lat' dir='ltr'>misericordia.</span> <span class='ocrx_word' id='word_1_199' title='bbox 737 1713 841 1779; x_wconf 86' lang='lat' dir='ltr'>Porro</span> <span class='ocrx_word' id='word_1_200' title='bbox 858 1714 1021 1798; x_wconf 81' lang='lat' dir='ltr'>signifieat</span> <span class='ocrx_word' id='word_1_201' title='bbox 1038 1714 1199 1797; x_wconf 89' lang='lat' dir='ltr'>propheta</span> <span class='ocrx_word' id='word_1_202' title='bbox 1221 1735 1256 1778; x_wconf 91' lang='lat' dir='ltr'>se</span> <span class='ocrx_word' id='word_1_203' title='bbox 1279 1733 1345 1778; x_wconf 90' lang='lat' dir='ltr'>noa</span> <span class='ocrx_word' id='word_1_204' title='bbox 1399 1733 1457 1795; x_wconf 87' lang='lat' dir='ltr'>pro</span> <span class='ocrx_word' id='word_1_205' title='bbox 1487 1734 1548 1778; x_wconf 87' lang='lat' dir='ltr'>sua</span> <span class='ocrx_word' id='word_1_206' title='bbox 1573 1713 1801 1779; x_wconf 81' lang='lat' dir='ltr'>incredulitate</span> <span class='ocrx_word' id='word_1_207' title='bbox 1830 1713 1928 1780; x_wconf 90' lang='lat' dir='ltr'>corda</span> <span class='ocrx_word' id='word_1_208' title='bbox 1956 1721 2072 1780; x_wconf 86' lang='lat' dir='ltr'>nostra</span> <span class='ocrx_word' id='word_1_209' title='bbox 2100 1715 2279 1780; x_wconf 89' lang='lat' dir='ltr'>admittunt</span> <span class='ocrx_word' id='word_1_210' title='bbox 2306 1715 2362 1780; x_wconf 90' lang='lat' dir='ltr'>nisi</span> 
     </span>
     <span class='ocr_line' id='line_1_16' title="bbox 369 1798 2362 1884; baseline -0.003 -15"><span class='ocrx_word' id='word_1_211' title='bbox 369 1805 492 1870; x_wconf 78' lang='lat' dir='ltr'>frustra</span> <span class='ocrx_word' id='word_1_212' title='bbox 514 1822 570 1868; x_wconf 90' lang='lat' dir='ltr'>eos</span> <span class='ocrx_word' id='word_1_213' title='bbox 593 1800 774 1884; x_wconf 84' lang='lat' dir='ltr'>vocaread</span> <span class='ocrx_word' id='word_1_214' title='bbox 798 1801 1039 1882; x_wconf 88' lang='lat' dir='ltr'>poenitentiam,</span> <span class='ocrx_word' id='word_1_215' title='bbox 1070 1799 1127 1865; x_wconf 89' lang='lat' dir='ltr'>sed</span> <span class='ocrx_word' id='word_1_216' title='bbox 1150 1799 1247 1865; x_wconf 88' lang='lat' dir='ltr'>simul</span> <span class='ocrx_word' id='word_1_217' title='bbox 1270 1820 1345 1882; x_wconf 84' lang='lat' dir='ltr'>gra·</span> <span class='ocrx_word' id='word_1_218' title='bbox 1399 1800 1490 1864; x_wconf 90' lang='lat' dir='ltr'>Deus</span> <span class='ocrx_word' id='word_1_219' title='bbox 1529 1798 1634 1864; x_wconf 92' lang='lat' dir='ltr'>modis</span> <span class='ocrx_word' id='word_1_220' title='bbox 1674 1798 1827 1865; x_wconf 89' lang='lat' dir='ltr'>omuibus</span> <span class='ocrx_word' id='word_1_221' title='bbox 1866 1820 1904 1865; x_wconf 91' lang='lat' dir='ltr'>ea</span> <span class='ocrx_word' id='word_1_222' title='bbox 1940 1809 2059 1884; x_wconf 81' lang='lat' dir='ltr'>purget</span> <span class='ocrx_word' id='word_1_223' title='bbox 2098 1800 2362 1882; x_wconf 84' lang='lat' dir='ltr'>impedimentum</span> 
     </span>
     <span class='ocr_line' id='line_1_17' title="bbox 371 1883 2363 1970; baseline -0.002 -17"><span class='ocrx_word' id='word_1_224' title='bbox 371 1891 451 1955; x_wconf 90' lang='lat' dir='ltr'>tiam</span> <span class='ocrx_word' id='word_1_225' title='bbox 474 1888 539 1953; x_wconf 92' lang='lat' dir='ltr'>Dei</span> <span class='ocrx_word' id='word_1_226' title='bbox 564 1886 716 1970; x_wconf 88' lang='lat' dir='ltr'>proponit</span> <span class='ocrx_word' id='word_1_227' title='bbox 737 1891 772 1950; x_wconf 90' lang='lat' dir='ltr'>iu</span> <span class='ocrx_word' id='word_1_228' title='bbox 795 1904 919 1967; x_wconf 90' lang='lat' dir='ltr'>poenae</span> <span class='ocrx_word' id='word_1_229' title='bbox 949 1886 1200 1969; x_wconf 84' lang='lat' dir='ltr'>mitigationem,</span> <span class='ocrx_word' id='word_1_230' title='bbox 1230 1896 1263 1951; x_wconf 91' lang='lat' dir='ltr'>et</span> <span class='ocrx_word' id='word_1_231' title='bbox 1289 1883 1344 1948; x_wconf 92' lang='lat' dir='ltr'>ad·</span> <span class='ocrx_word' id='word_1_232' title='bbox 1399 1883 1560 1964; x_wconf 90' lang='lat' dir='ltr'>tollendo,</span> <span class='ocrx_word' id='word_1_233' title='bbox 1589 1895 1622 1950; x_wconf 90' lang='lat' dir='ltr'>et</span> <span class='ocrx_word' id='word_1_234' title='bbox 1651 1885 1733 1950; x_wconf 91' lang='lat' dir='ltr'>haec</span> <span class='ocrx_word' id='word_1_235' title='bbox 1761 1893 1810 1950; x_wconf 87' lang='lat' dir='ltr'>est</span> <span class='ocrx_word' id='word_1_236' title='bbox 1832 1885 1960 1952; x_wconf 88' lang='lat' dir='ltr'>utilitas</span> <span class='ocrx_word' id='word_1_237' title='bbox 1981 1885 2196 1952; x_wconf 86' lang='lat' dir='ltr'>iurisiurandi</span> <span class='ocrx_word' id='word_1_238' title='bbox 2226 1885 2280 1950; x_wconf 93' lang='lat' dir='ltr'>ubi</span> <span class='ocrx_word' id='word_1_239' title='bbox 2302 1883 2363 1949; x_wconf 94' lang='lat' dir='ltr'>Do·</span> 
     </span>
     <span class='ocr_line' id='line_1_18' title="bbox 369 1970 2364 2059; baseline -0.002 -20"><span class='ocrx_word' id='word_1_240' title='bbox 369 1974 435 2041; x_wconf 87' lang='lat' dir='ltr'>dit:</span> <span class='ocrx_word' id='word_1_241' title='bbox 467 1973 695 2059; x_wconf 76' lang='lat' dir='ltr'>Inprede&#39;eme&#39;m&#39;</span> <span class='ocrx_word' id='word_1_242' title='bbox 721 1991 783 2052; x_wconf 81' lang='lat' dir='ltr'>per</span> <span class='ocrx_word' id='word_1_243' title='bbox 809 1976 924 2052; x_wconf 77' lang='lat' dir='ltr'>portas</span> <span class='ocrx_word' id='word_1_244' title='bbox 953 1972 1063 2038; x_wconf 72' lang='lat' dir='ltr'>umus</span> <span class='ocrx_word' id='word_1_245' title='bbox 1091 1971 1196 2052; x_wconf 75' lang='lat' dir='ltr'>cotos,</span> <span class='ocrx_word' id='word_1_246' title='bbox 1228 1971 1345 2053; x_wconf 91' lang='lat' dir='ltr'>inquit,</span> <span class='ocrx_word' id='word_1_247' title='bbox 1398 1972 1509 2036; x_wconf 90' lang='lat' dir='ltr'>minus</span> <span class='ocrx_word' id='word_1_248' title='bbox 1532 1992 1597 2036; x_wconf 91' lang='lat' dir='ltr'>nou</span> <span class='ocrx_word' id='word_1_249' title='bbox 1620 1980 1747 2036; x_wconf 89' lang='lat' dir='ltr'>tautum</span> <span class='ocrx_word' id='word_1_250' title='bbox 1770 1970 1962 2053; x_wconf 88' lang='lat' dir='ltr'>simpliciter</span> <span class='ocrx_word' id='word_1_251' title='bbox 1985 1971 2136 2056; x_wconf 89' lang='lat' dir='ltr'>loquitur,</span> <span class='ocrx_word' id='word_1_252' title='bbox 2158 1971 2216 2036; x_wconf 90' lang='lat' dir='ltr'>sed</span> <span class='ocrx_word' id='word_1_253' title='bbox 2234 1990 2296 2053; x_wconf 90' lang='lat' dir='ltr'>quo</span> <span class='ocrx_word' id='word_1_254' title='bbox 2313 1991 2364 2036; x_wconf 91' lang='lat' dir='ltr'>nos</span> 
     </span>
     <span class='ocr_line' id='line_1_19' title="bbox 369 2054 2365 2145; baseline -0.004 -18"><span class='ocrx_word' id='word_1_255' title='bbox 369 2066 436 2128; x_wconf 68' lang='lat' dir='ltr'>mm</span> <span class='ocrx_word' id='word_1_256' title='bbox 459 2080 546 2145; x_wconf 78' lang='lat' dir='ltr'>repes</span> <span class='ocrx_word' id='word_1_257' title='bbox 571 2077 667 2141; x_wconf 77' lang='lat' dir='ltr'>quom</span> <span class='ocrx_word' id='word_1_258' title='bbox 688 2077 794 2123; x_wconf 81' lang='lat' dir='ltr'>eorum</span> <span class='ocrx_word' id='word_1_259' title='bbox 816 2056 1009 2123; x_wconf 60' lang='lat' dir='ltr'>concliorii:</span> <span class='ocrx_word' id='word_1_260' title='bbox 1037 2057 1092 2122; x_wconf 90' lang='lat' dir='ltr'>sed</span> <span class='ocrx_word' id='word_1_261' title='bbox 1113 2066 1261 2122; x_wconf 86' lang='lat' dir='ltr'>mutatur</span> <span class='ocrx_word' id='word_1_262' title='bbox 1284 2077 1345 2121; x_wconf 92' lang='lat' dir='ltr'>nu·</span> <span class='ocrx_word' id='word_1_263' title='bbox 1399 2057 1553 2122; x_wconf 87' lang='lat' dir='ltr'>certiores</span> <span class='ocrx_word' id='word_1_264' title='bbox 1575 2055 1689 2121; x_wconf 88' lang='lat' dir='ltr'>reddat</span> <span class='ocrx_word' id='word_1_265' title='bbox 1718 2054 1833 2121; x_wconf 90' lang='lat' dir='ltr'>salutis</span> <span class='ocrx_word' id='word_1_266' title='bbox 1864 2067 2010 2136; x_wconf 87' lang='lat' dir='ltr'>nostrae,</span> <span class='ocrx_word' id='word_1_267' title='bbox 2039 2059 2145 2124; x_wconf 88' lang='lat' dir='ltr'>saucit</span> <span class='ocrx_word' id='word_1_268' title='bbox 2173 2077 2266 2122; x_wconf 90' lang='lat' dir='ltr'>suam</span> <span class='ocrx_word' id='word_1_269' title='bbox 2296 2076 2365 2140; x_wconf 86' lang='lat' dir='ltr'>pro·</span> 
     </span>
     <span class='ocr_line' id='line_1_20' title="bbox 370 2141 2364 2228; baseline -0.004 -15"><span class='ocrx_word' id='word_1_270' title='bbox 370 2167 483 2213; x_wconf 89' lang='lat' dir='ltr'>merus</span> <span class='ocrx_word' id='word_1_271' title='bbox 505 2156 633 2228; x_wconf 89' lang='lat' dir='ltr'>postea:</span> <span class='ocrx_word' id='word_1_272' title='bbox 663 2143 746 2226; x_wconf 80' lang='lat' dir='ltr'>Ipse,</span> <span class='ocrx_word' id='word_1_273' title='bbox 770 2141 832 2207; x_wconf 89' lang='lat' dir='ltr'>hoc</span> <span class='ocrx_word' id='word_1_274' title='bbox 853 2151 914 2226; x_wconf 89' lang='lat' dir='ltr'>est,</span> <span class='ocrx_word' id='word_1_275' title='bbox 935 2143 1070 2225; x_wconf 90' lang='lat' dir='ltr'>quisque</span> <span class='ocrx_word' id='word_1_276' title='bbox 1093 2164 1160 2208; x_wconf 92' lang='lat' dir='ltr'>rex.</span> <span class='ocrx_word' id='word_1_277' title='bbox 1204 2141 1346 2206; x_wconf 87' lang='lat' dir='ltr'>Videtur</span> <span class='ocrx_word' id='word_1_278' title='bbox 1399 2142 1588 2207; x_wconf 88' lang='lat' dir='ltr'>missionem</span> <span class='ocrx_word' id='word_1_279' title='bbox 1618 2142 1750 2207; x_wconf 89' lang='lat' dir='ltr'>nomine</span> <span class='ocrx_word' id='word_1_280' title='bbox 1787 2163 1845 2208; x_wconf 89' lang='lat' dir='ltr'>suo</span> <span class='ocrx_word' id='word_1_281' title='bbox 1877 2143 1971 2225; x_wconf 85' lang='lat' dir='ltr'>quasi</span> <span class='ocrx_word' id='word_1_282' title='bbox 2004 2143 2139 2227; x_wconf 80' lang='lat' dir='ltr'>pignore</span> <span class='ocrx_word' id='word_1_283' title='bbox 2169 2143 2364 2225; x_wconf 87' lang='lat' dir='ltr'>interposito.</span> 
     </span>
     <span class='ocr_line' id='line_1_21' title="bbox 370 2226 2366 2316; baseline -0.004 -18"><span class='ocrx_word' id='word_1_284' title='bbox 370 2233 504 2316; x_wconf 90' lang='lat' dir='ltr'>quidem</span> <span class='ocrx_word' id='word_1_285' title='bbox 542 2231 647 2313; x_wconf 91' lang='lat' dir='ltr'>primo</span> <span class='ocrx_word' id='word_1_286' title='bbox 687 2229 809 2294; x_wconf 89' lang='lat' dir='ltr'>iutuitu</span> <span class='ocrx_word' id='word_1_287' title='bbox 850 2228 1009 2310; x_wconf 90' lang='lat' dir='ltr'>propheta</span> <span class='ocrx_word' id='word_1_288' title='bbox 1046 2235 1225 2294; x_wconf 87' lang='lat' dir='ltr'>retractare</span> <span class='ocrx_word' id='word_1_289' title='bbox 1260 2226 1345 2310; x_wconf 91' lang='lat' dir='ltr'>quod</span> <span class='ocrx_word' id='word_1_290' title='bbox 1399 2227 1524 2293; x_wconf 83' lang='lat' dir='ltr'>Eadem</span> <span class='ocrx_word' id='word_1_291' title='bbox 1547 2229 1644 2292; x_wconf 89' lang='lat' dir='ltr'>etiam</span> <span class='ocrx_word' id='word_1_292' title='bbox 1669 2228 1754 2292; x_wconf 87' lang='lat' dir='ltr'>ratio</span> <span class='ocrx_word' id='word_1_293' title='bbox 1777 2241 1826 2291; x_wconf 90' lang='lat' dir='ltr'>est</span> <span class='ocrx_word' id='word_1_294' title='bbox 1848 2229 1882 2293; x_wconf 91' lang='lat' dir='ltr'>in</span> <span class='ocrx_word' id='word_1_295' title='bbox 1905 2228 2021 2306; x_wconf 90' lang='lat' dir='ltr'>minis,</span> <span class='ocrx_word' id='word_1_296' title='bbox 2052 2249 2127 2294; x_wconf 89' lang='lat' dir='ltr'>nam</span> <span class='ocrx_word' id='word_1_297' title='bbox 2153 2233 2248 2294; x_wconf 88' lang='lat' dir='ltr'>tanta</span> <span class='ocrx_word' id='word_1_298' title='bbox 2269 2238 2318 2294; x_wconf 90' lang='lat' dir='ltr'>est</span> <span class='ocrx_word' id='word_1_299' title='bbox 2335 2229 2366 2291; x_wconf 95' lang='lat' dir='ltr'>iu</span> 
     </span>
     <span class='ocr_line' id='line_1_22' title="bbox 370 2312 2366 2396; baseline -0.005 -13"><span class='ocrx_word' id='word_1_300' title='bbox 370 2319 454 2384; x_wconf 89' lang='lat' dir='ltr'>dixit</span> <span class='ocrx_word' id='word_1_301' title='bbox 488 2317 528 2381; x_wconf 92' lang='lat' dir='ltr'>de</span> <span class='ocrx_word' id='word_1_302' title='bbox 561 2314 694 2382; x_wconf 90' lang='lat' dir='ltr'>exsilio:</span> <span class='ocrx_word' id='word_1_303' title='bbox 734 2313 791 2380; x_wconf 91' lang='lat' dir='ltr'>sed</span> <span class='ocrx_word' id='word_1_304' title='bbox 832 2314 985 2396; x_wconf 79' lang='lat' dir='ltr'>coniungi</span> <span class='ocrx_word' id='word_1_305' title='bbox 1026 2313 1144 2380; x_wconf 87' lang='lat' dir='ltr'>debent</span> <span class='ocrx_word' id='word_1_306' title='bbox 1176 2315 1239 2380; x_wconf 88' lang='lat' dir='ltr'>ista</span> <span class='ocrx_word' id='word_1_307' title='bbox 1272 2312 1345 2391; x_wconf 88' lang='lat' dir='ltr'>duo,</span> <span class='ocrx_word' id='word_1_308' title='bbox 1399 2312 1622 2396; x_wconf 87' lang='lat' dir='ltr'>peecatoribus</span> <span class='ocrx_word' id='word_1_309' title='bbox 1651 2313 1825 2390; x_wconf 88' lang='lat' dir='ltr'>securitas,</span> <span class='ocrx_word' id='word_1_310' title='bbox 1858 2322 1896 2378; x_wconf 93' lang='lat' dir='ltr'>ut</span> <span class='ocrx_word' id='word_1_311' title='bbox 1933 2313 2023 2378; x_wconf 88' lang='lat' dir='ltr'>surdi</span> <span class='ocrx_word' id='word_1_312' title='bbox 2053 2317 2119 2380; x_wconf 91' lang='lat' dir='ltr'>siut</span> <span class='ocrx_word' id='word_1_313' title='bbox 2148 2313 2252 2380; x_wconf 89' lang='lat' dir='ltr'>donee</span> <span class='ocrx_word' id='word_1_314' title='bbox 2281 2312 2366 2396; x_wconf 87' lang='lat' dir='ltr'>quasi</span> 
     </span>
     <span class='ocr_line' id='line_1_23' title="bbox 368 2397 2366 2487; baseline -0.005 -17"><span class='ocrx_word' id='word_1_315' title='bbox 368 2424 489 2487; x_wconf 88' lang='lat' dir='ltr'>nempe</span> <span class='ocrx_word' id='word_1_316' title='bbox 507 2401 609 2468; x_wconf 84' lang='lat' dir='ltr'>luisse</span> <span class='ocrx_word' id='word_1_317' title='bbox 625 2398 748 2482; x_wconf 90' lang='lat' dir='ltr'>aliquid</span> <span class='ocrx_word' id='word_1_318' title='bbox 763 2400 832 2480; x_wconf 89' lang='lat' dir='ltr'>spei</span> <span class='ocrx_word' id='word_1_319' title='bbox 855 2399 1033 2477; x_wconf 91' lang='lat' dir='ltr'>residuum,</span> <span class='ocrx_word' id='word_1_320' title='bbox 1056 2401 1084 2464; x_wconf 93' lang='lat' dir='ltr'>si</span> <span class='ocrx_word' id='word_1_321' title='bbox 1099 2399 1213 2465; x_wconf 89' lang='lat' dir='ltr'>Iudaei</span> <span class='ocrx_word' id='word_1_322' title='bbox 1236 2398 1345 2464; x_wconf 84' lang='lat' dir='ltr'>locum</span> <span class='ocrx_word' id='word_1_323' title='bbox 1400 2399 1560 2464; x_wconf 85' lang='lat' dir='ltr'>violenter</span> <span class='ocrx_word' id='word_1_324' title='bbox 1589 2408 1741 2480; x_wconf 76' lang='lat' dir='ltr'>penetmt</span> <span class='ocrx_word' id='word_1_325' title='bbox 1770 2399 1862 2464; x_wconf 91' lang='lat' dir='ltr'>Deus</span> <span class='ocrx_word' id='word_1_326' title='bbox 1889 2399 1924 2464; x_wconf 91' lang='lat' dir='ltr'>in</span> <span class='ocrx_word' id='word_1_327' title='bbox 1953 2401 2108 2481; x_wconf 13' lang='lat' dir='ltr'>ipsorum,</span> <span class='ocrx_word' id='word_1_328' title='bbox 2129 2398 2238 2466; x_wconf 89' lang='lat' dir='ltr'>eorda.</span> <span class='ocrx_word' id='word_1_329' title='bbox 2283 2397 2366 2462; x_wconf 86' lang='lat' dir='ltr'>Dicit</span> 
     </span>
     <span class='ocr_line' id='line_1_24' title="bbox 371 2481 2367 2569; baseline -0.005 -14"><span class='ocrx_word' id='word_1_330' title='bbox 371 2490 539 2555; x_wconf 84' lang='lat' dir='ltr'>dedissent</span> <span class='ocrx_word' id='word_1_331' title='bbox 560 2487 624 2552; x_wconf 91' lang='lat' dir='ltr'>Dei</span> <span class='ocrx_word' id='word_1_332' title='bbox 647 2487 787 2569; x_wconf 82' lang='lat' dir='ltr'>gratiae:</span> <span class='ocrx_word' id='word_1_333' title='bbox 818 2483 935 2550; x_wconf 88' lang='lat' dir='ltr'>deiude</span> <span class='ocrx_word' id='word_1_334' title='bbox 958 2485 1126 2551; x_wconf 90' lang='lat' dir='ltr'>ferendam</span> <span class='ocrx_word' id='word_1_335' title='bbox 1149 2497 1257 2550; x_wconf 88' lang='lat' dir='ltr'>tamen</span> <span class='ocrx_word' id='word_1_336' title='bbox 1281 2483 1345 2550; x_wconf 92' lang='lat' dir='ltr'>illis</span> <span class='ocrx_word' id='word_1_337' title='bbox 1398 2485 1517 2567; x_wconf 77' lang='lat' dir='ltr'>igitur,</span> <span class='ocrx_word' id='word_1_338' title='bbox 1547 2481 1652 2550; x_wconf 81' lang='lat' dir='ltr'>Deum</span> <span class='ocrx_word' id='word_1_339' title='bbox 1674 2505 1735 2566; x_wconf 79' lang='lat' dir='ltr'>per</span> <span class='ocrx_word' id='word_1_340' title='bbox 1763 2505 1796 2551; x_wconf 86' lang='lat' dir='ltr'>se</span> <span class='ocrx_word' id='word_1_341' title='bbox 1824 2487 1967 2565; x_wconf 78' lang='lat' dir='ltr'>iurasse,</span> <span class='ocrx_word' id='word_1_342' title='bbox 1997 2487 2151 2568; x_wconf 88' lang='lat' dir='ltr'>quoniam</span> <span class='ocrx_word' id='word_1_343' title='bbox 2183 2483 2367 2550; x_wconf 87' lang='lat' dir='ltr'>incredibile</span> 
     </span>
     <span class='ocr_line' id='line_1_25' title="bbox 368 2568 2368 2657; baseline -0.004 -17"><span class='ocrx_word' id='word_1_344' title='bbox 368 2575 469 2641; x_wconf 83' lang='lat' dir='ltr'>luisse</span> <span class='ocrx_word' id='word_1_345' title='bbox 490 2593 640 2657; x_wconf 90' lang='lat' dir='ltr'>poenam,</span> <span class='ocrx_word' id='word_1_346' title='bbox 663 2590 748 2654; x_wconf 88' lang='lat' dir='ltr'>quae</span> <span class='ocrx_word' id='word_1_347' title='bbox 769 2570 868 2635; x_wconf 89' lang='lat' dir='ltr'>semel</span> <span class='ocrx_word' id='word_1_348' title='bbox 890 2569 1022 2636; x_wconf 91' lang='lat' dir='ltr'>decreta</span> <span class='ocrx_word' id='word_1_349' title='bbox 1043 2581 1122 2636; x_wconf 88' lang='lat' dir='ltr'>erat.</span> <span class='ocrx_word' id='word_1_350' title='bbox 1165 2570 1257 2636; x_wconf 87' lang='lat' dir='ltr'>Haec</span> <span class='ocrx_word' id='word_1_351' title='bbox 1278 2589 1343 2634; x_wconf 91' lang='lat' dir='ltr'>non</span> <span class='ocrx_word' id='word_1_352' title='bbox 1397 2581 1469 2635; x_wconf 91' lang='lat' dir='ltr'>erat</span> <span class='ocrx_word' id='word_1_353' title='bbox 1490 2569 1576 2653; x_wconf 92' lang='lat' dir='ltr'>apud</span> <span class='ocrx_word' id='word_1_354' title='bbox 1599 2569 1755 2648; x_wconf 88' lang='lat' dir='ltr'>Iudaeos,</span> <span class='ocrx_word' id='word_1_355' title='bbox 1787 2590 1882 2652; x_wconf 90' lang='lat' dir='ltr'>posse</span> <span class='ocrx_word' id='word_1_356' title='bbox 1912 2591 2056 2653; x_wconf 87' lang='lat' dir='ltr'>unquam</span> <span class='ocrx_word' id='word_1_357' title='bbox 2086 2571 2193 2653; x_wconf 91' lang='lat' dir='ltr'>perire</span> <span class='ocrx_word' id='word_1_358' title='bbox 2217 2568 2368 2635; x_wconf 80' lang='lat' dir='ltr'>familiam</span> 
     </span>
     <span class='ocr_line' id='line_1_26' title="bbox 368 2653 2367 2741; baseline -0.005 -15"><span class='ocrx_word' id='word_1_359' title='bbox 368 2661 455 2727; x_wconf 90' lang='lat' dir='ltr'>male</span> <span class='ocrx_word' id='word_1_360' title='bbox 476 2661 563 2725; x_wconf 89' lang='lat' dir='ltr'>inter</span> <span class='ocrx_word' id='word_1_361' title='bbox 585 2679 621 2724; x_wconf 89' lang='lat' dir='ltr'>se</span> <span class='ocrx_word' id='word_1_362' title='bbox 642 2654 853 2723; x_wconf 85' lang='lat' dir='ltr'>conveniunt.</span> <span class='ocrx_word' id='word_1_363' title='bbox 887 2655 972 2722; x_wconf 87' lang='lat' dir='ltr'>Nam</span> <span class='ocrx_word' id='word_1_364' title='bbox 996 2657 1087 2722; x_wconf 89' lang='lat' dir='ltr'>Deus</span> <span class='ocrx_word' id='word_1_365' title='bbox 1110 2665 1269 2722; x_wconf 89' lang='lat' dir='ltr'>statuerat</span> <span class='ocrx_word' id='word_1_366' title='bbox 1291 2653 1345 2720; x_wconf 91' lang='lat' dir='ltr'>ab·</span> <span class='ocrx_word' id='word_1_367' title='bbox 1398 2655 1504 2732; x_wconf 88' lang='lat' dir='ltr'>illam,</span> <span class='ocrx_word' id='word_1_368' title='bbox 1538 2676 1623 2737; x_wconf 90' lang='lat' dir='ltr'>quae</span> <span class='ocrx_word' id='word_1_369' title='bbox 1658 2656 1817 2721; x_wconf 82' lang='lat' dir='ltr'>divinitus</span> <span class='ocrx_word' id='word_1_370' title='bbox 1846 2669 2020 2741; x_wconf 80' lang='lat' dir='ltr'>segregata</span> <span class='ocrx_word' id='word_1_371' title='bbox 2054 2658 2161 2722; x_wconf 91' lang='lat' dir='ltr'>fuerat</span> <span class='ocrx_word' id='word_1_372' title='bbox 2193 2677 2212 2720; x_wconf 93' lang='lat' dir='ltr'>e</span> <span class='ocrx_word' id='word_1_373' title='bbox 2240 2653 2367 2721; x_wconf 89' lang='lat' dir='ltr'>mundo.</span> 
     </span>
     <span class='ocr_line' id='line_1_27' title="bbox 368 2740 1671 2822; baseline -0.006 -10"><span class='ocrx_word' id='word_1_374' title='bbox 368 2747 489 2813; x_wconf 91' lang='lat' dir='ltr'>ducere</span> <span class='ocrx_word' id='word_1_375' title='bbox 517 2745 550 2809; x_wconf 92' lang='lat' dir='ltr'>iu</span> <span class='ocrx_word' id='word_1_376' title='bbox 581 2741 734 2809; x_wconf 88' lang='lat' dir='ltr'>exsilium</span> <span class='ocrx_word' id='word_1_377' title='bbox 766 2740 920 2816; x_wconf 90' lang='lat' dir='ltr'>ludaeos,</span> <span class='ocrx_word' id='word_1_378' title='bbox 950 2741 1007 2806; x_wconf 87' lang='lat' dir='ltr'>sed</span> <span class='ocrx_word' id='word_1_379' title='bbox 1036 2741 1125 2806; x_wconf 88' lang='lat' dir='ltr'>hand</span> <span class='ocrx_word' id='word_1_380' title='bbox 1153 2742 1249 2806; x_wconf 92' lang='lat' dir='ltr'>dubie</span> <span class='ocrx_word' id='word_1_381' title='bbox 1275 2761 1343 2806; x_wconf 92' lang='lat' dir='ltr'>non</span> <span class='ocrx_word' id='word_1_382' title='bbox 1396 2740 1494 2807; x_wconf 89' lang='lat' dir='ltr'>Nunc</span> <span class='ocrx_word' id='word_1_383' title='bbox 1516 2743 1671 2822; x_wconf 89' lang='lat' dir='ltr'>sequitur,</span> 
     </span>
     <span class='ocr_line' id='line_1_28' title="bbox 367 2825 1344 2910; baseline -0.009 -11"><span class='ocrx_word' id='word_1_384' title='bbox 367 2833 486 2898; x_wconf 82' lang='lat' dir='ltr'>fuisset</span> <span class='ocrx_word' id='word_1_385' title='bbox 511 2830 545 2895; x_wconf 89' lang='lat' dir='ltr'>in</span> <span class='ocrx_word' id='word_1_386' title='bbox 574 2827 784 2894; x_wconf 90' lang='lat' dir='ltr'>solitudinem</span> <span class='ocrx_word' id='word_1_387' title='bbox 811 2825 944 2892; x_wconf 85' lang='lat' dir='ltr'>redacta</span> <span class='ocrx_word' id='word_1_388' title='bbox 971 2838 1041 2892; x_wconf 90' lang='lat' dir='ltr'>tota</span> <span class='ocrx_word' id='word_1_389' title='bbox 1069 2826 1202 2910; x_wconf 89' lang='lat' dir='ltr'>Iudaea,</span> <span class='ocrx_word' id='word_1_390' title='bbox 1231 2846 1344 2909; x_wconf 90' lang='lat' dir='ltr'>quem·</span> 
     </span>
     <span class='ocr_line' id='line_1_29' title="bbox 369 2911 2370 2995; baseline -0.003 -12"><span class='ocrx_word' id='word_1_391' title='bbox 369 2917 545 2983; x_wconf 85' lang='lat' dir='ltr'>admodum</span> <span class='ocrx_word' id='word_1_392' title='bbox 563 2915 683 2980; x_wconf 84' lang='lat' dir='ltr'>lactum</span> <span class='ocrx_word' id='word_1_393' title='bbox 701 2927 760 2988; x_wconf 89' lang='lat' dir='ltr'>est,</span> <span class='ocrx_word' id='word_1_394' title='bbox 784 2921 820 2978; x_wconf 91' lang='lat' dir='ltr'>ut</span> <span class='ocrx_word' id='word_1_395' title='bbox 838 2923 949 2995; x_wconf 91' lang='lat' dir='ltr'>postea</span> <span class='ocrx_word' id='word_1_396' title='bbox 970 2913 1005 2976; x_wconf 91' lang='lat' dir='ltr'>iu</span> <span class='ocrx_word' id='word_1_397' title='bbox 1028 2915 1094 2978; x_wconf 87' lang='lat' dir='ltr'>fine</span> <span class='ocrx_word' id='word_1_398' title='bbox 1115 2913 1190 2979; x_wconf 91' lang='lat' dir='ltr'>libri</span> <span class='ocrx_word' id='word_1_399' title='bbox 1213 2911 1344 2994; x_wconf 84' lang='lat' dir='ltr'>legitur,</span> <span class='ocrx_word' id='word_1_400' title='bbox 1484 2917 1512 2977; x_wconf 87' lang='grc'>6.</span> <span class='ocrx_word' id='word_1_401' title='bbox 1540 2912 1692 2993; x_wconf 49' lang='lat' dir='ltr'>&amp;ocium</span> <span class='ocrx_word' id='word_1_402' title='bbox 1714 2911 1760 2976; x_wconf 84' lang='lat' dir='ltr'>sic</span> <span class='ocrx_word' id='word_1_403' title='bbox 1781 2911 1859 2978; x_wconf 82' lang='lat' dir='ltr'>dicit</span> <span class='ocrx_word' id='word_1_404' title='bbox 1875 2911 2012 2978; x_wconf 78' lang='lat' dir='ltr'>Ieboecb</span> <span class='ocrx_word' id='word_1_405' title='bbox 2033 2932 2128 2994; x_wconf 84' lang='lat' dir='ltr'>super</span> <span class='ocrx_word' id='word_1_406' title='bbox 2149 2914 2276 2980; x_wconf 73' lang='lat' dir='ltr'>dmum</span> <span class='ocrx_word' id='word_1_407' title='bbox 2291 2913 2370 2995; x_wconf 78' lang='lat' dir='ltr'>repis</span> 
     </span>
     <span class='ocr_line' id='line_1_30' title="bbox 368 2997 2371 3088; baseline -0.003 -19"><span class='ocrx_word' id='word_1_408' title='bbox 368 3003 498 3088; x_wconf 88' lang='lat' dir='ltr'>perdita</span> <span class='ocrx_word' id='word_1_409' title='bbox 520 3021 632 3067; x_wconf 90' lang='lat' dir='ltr'>eorum</span> <span class='ocrx_word' id='word_1_410' title='bbox 660 3000 873 3074; x_wconf 86' lang='lat' dir='ltr'>contumacia,</span> <span class='ocrx_word' id='word_1_411' title='bbox 901 2999 978 3082; x_wconf 88' lang='lat' dir='ltr'>quia</span> <span class='ocrx_word' id='word_1_412' title='bbox 1005 3008 1158 3081; x_wconf 89' lang='lat' dir='ltr'>poterant</span> <span class='ocrx_word' id='word_1_413' title='bbox 1178 2997 1286 3064; x_wconf 89' lang='lat' dir='ltr'>adhuc</span> <span class='ocrx_word' id='word_1_414' title='bbox 1308 2998 1344 3061; x_wconf 93' lang='lat' dir='ltr'>in</span> <span class='ocrx_word' id='word_1_415' title='bbox 1397 2997 1549 3080; x_wconf 78' lang='lat' dir='ltr'>Iebadob,</span> <span class='ocrx_word' id='word_1_416' title='bbox 1564 2997 1713 3077; x_wconf 76' lang='lat' dir='ltr'>Gallecd,</span> <span class='ocrx_word' id='word_1_417' title='bbox 1731 2997 1960 3081; x_wconf 76' lang='lat' dir='ltr'>lamibieopot</span> <span class='ocrx_word' id='word_1_418' title='bbox 1968 2998 2096 3080; x_wconf 80' lang='lat' dir='ltr'>Liboni,</span> <span class='ocrx_word' id='word_1_419' title='bbox 2113 3001 2145 3064; x_wconf 82' lang='lat' dir='ltr'>si</span> <span class='ocrx_word' id='word_1_420' title='bbox 2162 3020 2225 3066; x_wconf 83' lang='lat' dir='ltr'>non</span> <span class='ocrx_word' id='word_1_421' title='bbox 2239 3017 2371 3082; x_wconf 72' lang='lat' dir='ltr'>postem</span> 
     </span>
     <span class='ocr_line' id='line_1_31' title="bbox 369 3082 2295 3172; baseline -0.003 -18"><span class='ocrx_word' id='word_1_422' title='bbox 369 3089 477 3172; x_wconf 88' lang='lat' dir='ltr'>patria</span> <span class='ocrx_word' id='word_1_423' title='bbox 500 3086 656 3151; x_wconf 87' lang='lat' dir='ltr'>habitare.</span> <span class='ocrx_word' id='word_1_424' title='bbox 700 3083 773 3148; x_wconf 89' lang='lat' dir='ltr'>Hoc</span> <span class='ocrx_word' id='word_1_425' title='bbox 799 3104 902 3148; x_wconf 88' lang='lat' dir='ltr'>unum</span> <span class='ocrx_word' id='word_1_426' title='bbox 923 3093 981 3150; x_wconf 91' lang='lat' dir='ltr'>est.</span> <span class='ocrx_word' id='word_1_427' title='bbox 1027 3082 1156 3149; x_wconf 89' lang='lat' dir='ltr'>Deinde</span> <span class='ocrx_word' id='word_1_428' title='bbox 1186 3096 1258 3166; x_wconf 91' lang='lat' dir='ltr'>post</span> <span class='ocrx_word' id='word_1_429' title='bbox 1286 3102 1344 3147; x_wconf 90' lang='lat' dir='ltr'>ex·</span> <span class='ocrx_word' id='word_1_430' title='bbox 1395 3085 1783 3165; x_wconf 61' lang='lat' dir='ltr'>coaceruatorum</span> <span class='ocrx_word' id='word_1_431' title='bbox 1804 3083 1896 3148; x_wconf 83' lang='lat' dir='ltr'>arbes</span> <span class='ocrx_word' id='word_1_432' title='bbox 1916 3104 1996 3165; x_wconf 71' lang='lat' dir='ltr'>orme</span> <span class='ocrx_word' id='word_1_433' title='bbox 2017 3105 2079 3150; x_wconf 80' lang='lat' dir='ltr'>eoa</span> <span class='ocrx_word' id='word_1_434' title='bbox 2102 3083 2295 3151; x_wconf 76' lang='lat' dir='ltr'>babiloniae.</span> 
     </span>
     <span class='ocr_line' id='line_1_32' title="bbox 369 3168 1344 3252; baseline -0.008 -12"><span class='ocrx_word' id='word_1_435' title='bbox 369 3174 481 3241; x_wconf 92' lang='lat' dir='ltr'>silium</span> <span class='ocrx_word' id='word_1_436' title='bbox 502 3172 618 3237; x_wconf 86' lang='lat' dir='ltr'>luisset</span> <span class='ocrx_word' id='word_1_437' title='bbox 639 3169 757 3235; x_wconf 90' lang='lat' dir='ltr'>melior</span> <span class='ocrx_word' id='word_1_438' title='bbox 779 3181 812 3232; x_wconf 91' lang='lat' dir='ltr'>et</span> <span class='ocrx_word' id='word_1_439' title='bbox 833 3169 956 3234; x_wconf 84' lang='lat' dir='ltr'>felicior</span> <span class='ocrx_word' id='word_1_440' title='bbox 979 3169 1075 3252; x_wconf 81' lang='lat' dir='ltr'>longe</span> <span class='ocrx_word' id='word_1_441' title='bbox 1094 3177 1208 3236; x_wconf 88' lang='lat' dir='ltr'>status.</span> <span class='ocrx_word' id='word_1_442' title='bbox 1243 3168 1344 3250; x_wconf 82' lang='lat' dir='ltr'>Atqui</span> 
     </span>
     <span class='ocr_line' id='line_1_33' title="bbox 369 3253 2371 3341; baseline -0.002 -17"><span class='ocrx_word' id='word_1_443' title='bbox 369 3271 450 3326; x_wconf 90' lang='lat' dir='ltr'>tuuc</span> <span class='ocrx_word' id='word_1_444' title='bbox 483 3274 617 3341; x_wconf 90' lang='lat' dir='ltr'>prorsus</span> <span class='ocrx_word' id='word_1_445' title='bbox 650 3254 786 3337; x_wconf 89' lang='lat' dir='ltr'>pedibus</span> <span class='ocrx_word' id='word_1_446' title='bbox 817 3253 978 3320; x_wconf 84' lang='lat' dir='ltr'>calcatum</span> <span class='ocrx_word' id='word_1_447' title='bbox 1013 3255 1074 3318; x_wconf 88' lang='lat' dir='ltr'>luit</span> <span class='ocrx_word' id='word_1_448' title='bbox 1107 3253 1271 3331; x_wconf 89' lang='lat' dir='ltr'>diadema,</span> <span class='ocrx_word' id='word_1_449' title='bbox 1312 3263 1346 3318; x_wconf 91' lang='lat' dir='ltr'>et</span> <span class='ocrx_word' id='word_1_450' title='bbox 1485 3253 1669 3320; x_wconf 86' lang='lat' dir='ltr'>Oonfirmat</span> <span class='ocrx_word' id='word_1_451' title='bbox 1691 3255 1891 3336; x_wconf 88' lang='lat' dir='ltr'>superiorem</span> <span class='ocrx_word' id='word_1_452' title='bbox 1917 3256 2130 3334; x_wconf 91' lang='lat' dir='ltr'>seutentiam,</span> <span class='ocrx_word' id='word_1_453' title='bbox 2161 3265 2194 3322; x_wconf 89' lang='lat' dir='ltr'>et</span> <span class='ocrx_word' id='word_1_454' title='bbox 2224 3253 2371 3340; x_wconf 89' lang='lat' dir='ltr'>pluribus</span> 
     </span>
     <span class='ocr_line' id='line_1_34' title="bbox 369 3338 2372 3428; baseline -0.004 -17"><span class='ocrx_word' id='word_1_455' title='bbox 369 3340 530 3428; x_wconf 90' lang='lat' dir='ltr'>quidquid</span> <span class='ocrx_word' id='word_1_456' title='bbox 558 3341 668 3405; x_wconf 89' lang='lat' dir='ltr'>fuerat</span> <span class='ocrx_word' id='word_1_457' title='bbox 696 3338 867 3422; x_wconf 82' lang='lat' dir='ltr'>dignitatis</span> <span class='ocrx_word' id='word_1_458' title='bbox 897 3350 931 3404; x_wconf 93' lang='lat' dir='ltr'>et</span> <span class='ocrx_word' id='word_1_459' title='bbox 960 3341 1124 3421; x_wconf 86' lang='lat' dir='ltr'>potentiae</span> <span class='ocrx_word' id='word_1_460' title='bbox 1156 3339 1190 3404; x_wconf 90' lang='lat' dir='ltr'>in</span> <span class='ocrx_word' id='word_1_461' title='bbox 1221 3339 1346 3404; x_wconf 84' lang='lat' dir='ltr'>familia</span> <span class='ocrx_word' id='word_1_462' title='bbox 1397 3340 1506 3406; x_wconf 78' lang='lat' dir='ltr'>verbis</span> <span class='ocrx_word' id='word_1_463' title='bbox 1528 3340 1736 3422; x_wconf 88' lang='lat' dir='ltr'>prosequitur</span> <span class='ocrx_word' id='word_1_464' title='bbox 1758 3339 1846 3423; x_wconf 93' lang='lat' dir='ltr'>quod</span> <span class='ocrx_word' id='word_1_465' title='bbox 1874 3343 1954 3406; x_wconf 90' lang='lat' dir='ltr'>satis</span> <span class='ocrx_word' id='word_1_466' title='bbox 1983 3341 2070 3408; x_wconf 89' lang='lat' dir='ltr'>clare</span> <span class='ocrx_word' id='word_1_467' title='bbox 2092 3342 2216 3408; x_wconf 88' lang='lat' dir='ltr'>dictum</span> <span class='ocrx_word' id='word_1_468' title='bbox 2248 3342 2372 3406; x_wconf 81' lang='lat' dir='ltr'>fuerat:</span> 
     </span>
     <span class='ocr_line' id='line_1_35' title="bbox 368 3423 2373 3511; baseline -0.003 -16"><span class='ocrx_word' id='word_1_469' title='bbox 368 3428 518 3506; x_wconf 87' lang='lat' dir='ltr'>Davidis,</span> <span class='ocrx_word' id='word_1_470' title='bbox 548 3426 582 3490; x_wconf 91' lang='lat' dir='ltr'>id</span> <span class='ocrx_word' id='word_1_471' title='bbox 604 3425 666 3490; x_wconf 85' lang='lat' dir='ltr'>fait</span> <span class='ocrx_word' id='word_1_472' title='bbox 688 3425 780 3506; x_wconf 88' lang='lat' dir='ltr'>quasi</span> <span class='ocrx_word' id='word_1_473' title='bbox 807 3423 974 3491; x_wconf 89' lang='lat' dir='ltr'>abolitum.</span> <span class='ocrx_word' id='word_1_474' title='bbox 1019 3423 1129 3507; x_wconf 78' lang='lat' dir='ltr'>Quum</span> <span class='ocrx_word' id='word_1_475' title='bbox 1160 3444 1238 3507; x_wconf 78' lang='lat' dir='ltr'>ergo</span> <span class='ocrx_word' id='word_1_476' title='bbox 1268 3423 1346 3488; x_wconf 90' lang='lat' dir='ltr'>dicit</span> <span class='ocrx_word' id='word_1_477' title='bbox 1398 3427 1552 3507; x_wconf 88' lang='lat' dir='ltr'>quoniam</span> <span class='ocrx_word' id='word_1_478' title='bbox 1576 3427 1630 3491; x_wconf 87' lang='lat' dir='ltr'>vix</span> <span class='ocrx_word' id='word_1_479' title='bbox 1662 3431 1791 3507; x_wconf 88' lang='lat' dir='ltr'>poterat</span> <span class='ocrx_word' id='word_1_480' title='bbox 1818 3427 1928 3492; x_wconf 87' lang='lat' dir='ltr'>excuti</span> <span class='ocrx_word' id='word_1_481' title='bbox 1954 3448 2109 3510; x_wconf 86' lang='lat' dir='ltr'>perversa</span> <span class='ocrx_word' id='word_1_482' title='bbox 2137 3427 2194 3493; x_wconf 87' lang='lat' dir='ltr'>illa</span> <span class='ocrx_word' id='word_1_483' title='bbox 2221 3426 2373 3511; x_wconf 81' lang='lat' dir='ltr'>gloriatio</span> 
     </span>
     <span class='ocr_line' id='line_1_36' title="bbox 368 3509 2372 3602; baseline -0.004 -20"><span class='ocrx_word' id='word_1_484' title='bbox 368 3514 539 3602; x_wconf 88' lang='lat' dir='ltr'>propheta,</span> <span class='ocrx_word' id='word_1_485' title='bbox 555 3511 876 3596; x_wconf 77' lang='lat' dir='ltr'>Inpredieolurrepes</span> <span class='ocrx_word' id='word_1_486' title='bbox 890 3511 925 3575; x_wconf 83' lang='lat' dir='ltr'>ie</span> <span class='ocrx_word' id='word_1_487' title='bbox 939 3514 1077 3576; x_wconf 69' lang='lat' dir='ltr'>meruel</span> <span class='ocrx_word' id='word_1_488' title='bbox 1097 3511 1195 3592; x_wconf 80' lang='lat' dir='ltr'>equis,</span> <span class='ocrx_word' id='word_1_489' title='bbox 1219 3509 1346 3586; x_wconf 88' lang='lat' dir='ltr'>deinde,</span> <span class='ocrx_word' id='word_1_490' title='bbox 1397 3511 1545 3590; x_wconf 89' lang='lat' dir='ltr'>Iudaeis,</span> <span class='ocrx_word' id='word_1_491' title='bbox 1585 3511 1672 3594; x_wconf 91' lang='lat' dir='ltr'>quod</span> <span class='ocrx_word' id='word_1_492' title='bbox 1705 3510 1864 3594; x_wconf 90' lang='lat' dir='ltr'>putabant</span> <span class='ocrx_word' id='word_1_493' title='bbox 1905 3513 2021 3578; x_wconf 89' lang='lat' dir='ltr'>stabile</span> <span class='ocrx_word' id='word_1_494' title='bbox 2063 3516 2131 3579; x_wconf 84' lang='lat' dir='ltr'>fore</span> <span class='ocrx_word' id='word_1_495' title='bbox 2163 3534 2308 3597; x_wconf 83' lang='lat' dir='ltr'>regnum</span> <span class='ocrx_word' id='word_1_496' title='bbox 2342 3512 2372 3574; x_wconf 90' lang='lat' dir='ltr'>in</span> 
     </span>
     <span class='ocr_line' id='line_1_37' title="bbox 359 3593 2374 3685; baseline -0.002 -19"><span class='ocrx_word' id='word_1_497' title='bbox 359 3601 519 3685; x_wconf 55' lang='lat' dir='ltr'>populosa</span> <span class='ocrx_word' id='word_1_498' title='bbox 553 3603 581 3664; x_wconf 82' lang='lat' dir='ltr'>ol</span> <span class='ocrx_word' id='word_1_499' title='bbox 612 3598 681 3678; x_wconf 79' lang='lat' dir='ltr'>ipse</span> <span class='ocrx_word' id='word_1_500' title='bbox 708 3615 778 3661; x_wconf 75' lang='lat' dir='ltr'>etot</span> <span class='ocrx_word' id='word_1_501' title='bbox 806 3596 1001 3662; x_wconf 73' lang='lat' dir='ltr'>comilioris&#39;e</span> <span class='ocrx_word' id='word_1_502' title='bbox 1026 3617 1086 3680; x_wconf 83' lang='lat' dir='ltr'>per</span> <span class='ocrx_word' id='word_1_503' title='bbox 1114 3601 1226 3677; x_wconf 83' lang='lat' dir='ltr'>portos</span> <span class='ocrx_word' id='word_1_504' title='bbox 1257 3593 1347 3659; x_wconf 78' lang='lat' dir='ltr'>erbis</span> <span class='ocrx_word' id='word_1_505' title='bbox 1397 3595 1523 3661; x_wconf 83' lang='lat' dir='ltr'>familia</span> <span class='ocrx_word' id='word_1_506' title='bbox 1545 3595 1701 3677; x_wconf 84' lang='lat' dir='ltr'>Davidis,</span> <span class='ocrx_word' id='word_1_507' title='bbox 1732 3607 1765 3662; x_wconf 89' lang='lat' dir='ltr'>et</span> <span class='ocrx_word' id='word_1_508' title='bbox 1786 3606 1977 3680; x_wconf 90' lang='lat' dir='ltr'>exemptum</span> <span class='ocrx_word' id='word_1_509' title='bbox 1999 3619 2072 3665; x_wconf 89' lang='lat' dir='ltr'>esse</span> <span class='ocrx_word' id='word_1_510' title='bbox 2095 3599 2135 3664; x_wconf 89' lang='lat' dir='ltr'>ab</span> <span class='ocrx_word' id='word_1_511' title='bbox 2157 3599 2250 3664; x_wconf 89' lang='lat' dir='ltr'>omni</span> <span class='ocrx_word' id='word_1_512' title='bbox 2273 3607 2374 3663; x_wconf 80' lang='lat' dir='ltr'>mata</span> 
     </span>
     <span class='ocr_line' id='line_1_38' title="bbox 367 3681 2374 3768; baseline -0.004 -15"><span class='ocrx_word' id='word_1_513' title='bbox 367 3689 475 3766; x_wconf 80' lang='lat' dir='ltr'>buius,</span> <span class='ocrx_word' id='word_1_514' title='bbox 496 3706 555 3768; x_wconf 87' lang='lat' dir='ltr'>per</span> <span class='ocrx_word' id='word_1_515' title='bbox 577 3693 688 3766; x_wconf 91' lang='lat' dir='ltr'>portas</span> <span class='ocrx_word' id='word_1_516' title='bbox 711 3702 776 3746; x_wconf 90' lang='lat' dir='ltr'>nou</span> <span class='ocrx_word' id='word_1_517' title='bbox 798 3681 957 3766; x_wconf 83' lang='lat' dir='ltr'>intelligit</span> <span class='ocrx_word' id='word_1_518' title='bbox 974 3683 1041 3748; x_wconf 89' lang='lat' dir='ltr'>fore</span> <span class='ocrx_word' id='word_1_519' title='bbox 1058 3683 1108 3748; x_wconf 89' lang='lat' dir='ltr'>ita</span> <span class='ocrx_word' id='word_1_520' title='bbox 1126 3683 1281 3765; x_wconf 83' lang='lat' dir='ltr'>integros,</span> <span class='ocrx_word' id='word_1_521' title='bbox 1304 3700 1346 3744; x_wconf 92' lang='lat' dir='ltr'>ne</span> <span class='ocrx_word' id='word_1_522' title='bbox 1397 3682 1496 3746; x_wconf 89' lang='lat' dir='ltr'>tionis</span> <span class='ocrx_word' id='word_1_523' title='bbox 1528 3681 1682 3766; x_wconf 88' lang='lat' dir='ltr'>periculo.</span> <span class='ocrx_word' id='word_1_524' title='bbox 1746 3681 1921 3748; x_wconf 82' lang='lat' dir='ltr'>Caeterum</span> <span class='ocrx_word' id='word_1_525' title='bbox 1961 3683 2158 3767; x_wconf 85' lang='lat' dir='ltr'>interpretes</span> <span class='ocrx_word' id='word_1_526' title='bbox 2197 3685 2234 3749; x_wconf 89' lang='lat' dir='ltr'>in</span> <span class='ocrx_word' id='word_1_527' title='bbox 2276 3702 2374 3748; x_wconf 89' lang='lat' dir='ltr'>seusu</span> 
     </span>
     <span class='ocr_line' id='line_1_39' title="bbox 367 3766 2374 3854; baseline -0.003 -16"><span class='ocrx_word' id='word_1_528' title='bbox 367 3772 461 3838; x_wconf 88' lang='lat' dir='ltr'>Deus</span> <span class='ocrx_word' id='word_1_529' title='bbox 482 3770 621 3853; x_wconf 85' lang='lat' dir='ltr'>castiget</span> <span class='ocrx_word' id='word_1_530' title='bbox 643 3787 756 3834; x_wconf 88' lang='lat' dir='ltr'>eorum</span> <span class='ocrx_word' id='word_1_531' title='bbox 779 3766 911 3846; x_wconf 87' lang='lat' dir='ltr'>scelera,</span> <span class='ocrx_word' id='word_1_532' title='bbox 940 3768 1036 3834; x_wconf 89' lang='lat' dir='ltr'>sicuti</span> <span class='ocrx_word' id='word_1_533' title='bbox 1059 3767 1345 3851; x_wconf 86' lang='lat' dir='ltr'>pronuntiaverat:</span> <span class='ocrx_word' id='word_1_534' title='bbox 1398 3766 1572 3832; x_wconf 83' lang='lat' dir='ltr'>verborum</span> <span class='ocrx_word' id='word_1_535' title='bbox 1594 3767 1805 3834; x_wconf 86' lang='lat' dir='ltr'>dissentiant:</span> <span class='ocrx_word' id='word_1_536' title='bbox 1828 3789 1894 3834; x_wconf 92' lang='lat' dir='ltr'>non</span> <span class='ocrx_word' id='word_1_537' title='bbox 1917 3771 2056 3836; x_wconf 85' lang='lat' dir='ltr'>referam</span> <span class='ocrx_word' id='word_1_538' title='bbox 2077 3771 2223 3854; x_wconf 78' lang='lat' dir='ltr'>singulas</span> <span class='ocrx_word' id='word_1_539' title='bbox 2248 3769 2374 3854; x_wconf 89' lang='lat' dir='ltr'>opinio·</span> 
     </span>
     <span class='ocr_line' id='line_1_40' title="bbox 367 3853 2374 3940; baseline -0.003 -17"><span class='ocrx_word' id='word_1_540' title='bbox 367 3858 426 3924; x_wconf 90' lang='lat' dir='ltr'>sed</span> <span class='ocrx_word' id='word_1_541' title='bbox 448 3858 517 3922; x_wconf 88' lang='lat' dir='ltr'>lore</span> <span class='ocrx_word' id='word_1_542' title='bbox 540 3855 681 3938; x_wconf 89' lang='lat' dir='ltr'>aliquam</span> <span class='ocrx_word' id='word_1_543' title='bbox 706 3855 846 3936; x_wconf 92' lang='lat' dir='ltr'>speciem</span> <span class='ocrx_word' id='word_1_544' title='bbox 876 3855 978 3936; x_wconf 78' lang='lat' dir='ltr'>regui,</span> <span class='ocrx_word' id='word_1_545' title='bbox 1009 3865 1042 3920; x_wconf 86' lang='lat' dir='ltr'>et</span> <span class='ocrx_word' id='word_1_546' title='bbox 1071 3855 1169 3920; x_wconf 89' lang='lat' dir='ltr'>breve</span> <span class='ocrx_word' id='word_1_547' title='bbox 1198 3853 1266 3918; x_wconf 86' lang='lat' dir='ltr'>lore</span> <span class='ocrx_word' id='word_1_548' title='bbox 1288 3871 1346 3916; x_wconf 90' lang='lat' dir='ltr'>ex·</span> <span class='ocrx_word' id='word_1_549' title='bbox 1397 3873 1472 3918; x_wconf 89' lang='lat' dir='ltr'>nee:</span> <span class='ocrx_word' id='word_1_550' title='bbox 1509 3873 1617 3935; x_wconf 89' lang='lat' dir='ltr'>neque</span> <span class='ocrx_word' id='word_1_551' title='bbox 1647 3871 1729 3935; x_wconf 90' lang='lat' dir='ltr'>opus</span> <span class='ocrx_word' id='word_1_552' title='bbox 1756 3864 1823 3918; x_wconf 90' lang='lat' dir='ltr'>est:</span> <span class='ocrx_word' id='word_1_553' title='bbox 1863 3864 1988 3920; x_wconf 87' lang='lat' dir='ltr'>tantum</span> <span class='ocrx_word' id='word_1_554' title='bbox 2021 3856 2127 3921; x_wconf 88' lang='lat' dir='ltr'>dicam</span> <span class='ocrx_word' id='word_1_555' title='bbox 2156 3855 2196 3921; x_wconf 91' lang='lat' dir='ltr'>de</span> <span class='ocrx_word' id='word_1_556' title='bbox 2227 3855 2374 3940; x_wconf 82' lang='lat' dir='ltr'>genuino</span> 
     </span>
     <span class='ocr_line' id='line_1_41' title="bbox 369 3936 2375 4023; baseline -0.003 -14"><span class='ocrx_word' id='word_1_557' title='bbox 369 3942 489 4021; x_wconf 92' lang='lat' dir='ltr'>silium,</span> <span class='ocrx_word' id='word_1_558' title='bbox 511 3939 628 4006; x_wconf 92' lang='lat' dir='ltr'>deinde</span> <span class='ocrx_word' id='word_1_559' title='bbox 643 3940 776 4004; x_wconf 88' lang='lat' dir='ltr'>tandem</span> <span class='ocrx_word' id='word_1_560' title='bbox 792 3939 862 4004; x_wconf 86' lang='lat' dir='ltr'>lore</span> <span class='ocrx_word' id='word_1_561' title='bbox 881 3940 1130 4018; x_wconf 86' lang='lat' dir='ltr'>restitutionem,</span> <span class='ocrx_word' id='word_1_562' title='bbox 1152 3950 1189 4003; x_wconf 91' lang='lat' dir='ltr'>ut</span> <span class='ocrx_word' id='word_1_563' title='bbox 1211 3936 1346 4003; x_wconf 86' lang='lat' dir='ltr'>redeant</span> <span class='ocrx_word' id='word_1_564' title='bbox 1398 3959 1496 4004; x_wconf 91' lang='lat' dir='ltr'>sensu</span> <span class='ocrx_word' id='word_1_565' title='bbox 1528 3937 1616 4022; x_wconf 91' lang='lat' dir='ltr'>quod</span> <span class='ocrx_word' id='word_1_566' title='bbox 1645 3939 1727 4004; x_wconf 93' lang='lat' dir='ltr'>mibi</span> <span class='ocrx_word' id='word_1_567' title='bbox 1762 3938 1900 4006; x_wconf 85' lang='lat' dir='ltr'>videtur.</span> <span class='ocrx_word' id='word_1_568' title='bbox 1951 3941 2058 4006; x_wconf 84' lang='lat' dir='ltr'>Aliter</span> <span class='ocrx_word' id='word_1_569' title='bbox 2091 3941 2222 4023; x_wconf 87' lang='lat' dir='ltr'>quidem</span> <span class='ocrx_word' id='word_1_570' title='bbox 2261 3959 2375 4006; x_wconf 90' lang='lat' dir='ltr'>omnes</span> 
     </span>
     <span class='ocr_line' id='line_1_42' title="bbox 369 4023 2375 4112; baseline -0.004 -17"><span class='ocrx_word' id='word_1_571' title='bbox 369 4029 492 4112; x_wconf 90' lang='lat' dir='ltr'>posteri</span> <span class='ocrx_word' id='word_1_572' title='bbox 517 4024 654 4091; x_wconf 86' lang='lat' dir='ltr'>Davidis</span> <span class='ocrx_word' id='word_1_573' title='bbox 679 4025 772 4106; x_wconf 87' lang='lat' dir='ltr'>quasi</span> <span class='ocrx_word' id='word_1_574' title='bbox 802 4023 1011 4107; x_wconf 90' lang='lat' dir='ltr'>postliminio,</span> <span class='ocrx_word' id='word_1_575' title='bbox 1041 4034 1074 4090; x_wconf 90' lang='lat' dir='ltr'>et</span> <span class='ocrx_word' id='word_1_576' title='bbox 1097 4025 1174 4090; x_wconf 87' lang='lat' dir='ltr'>urbs</span> <span class='ocrx_word' id='word_1_577' title='bbox 1201 4023 1273 4106; x_wconf 90' lang='lat' dir='ltr'>ipsa</span> <span class='ocrx_word' id='word_1_578' title='bbox 1296 4024 1344 4088; x_wconf 93' lang='lat' dir='ltr'>in·</span> <span class='ocrx_word' id='word_1_579' title='bbox 1397 4025 1527 4108; x_wconf 90' lang='lat' dir='ltr'>reliqui,</span> <span class='ocrx_word' id='word_1_580' title='bbox 1551 4024 1607 4091; x_wconf 91' lang='lat' dir='ltr'>sed</span> <span class='ocrx_word' id='word_1_581' title='bbox 1630 4045 1697 4090; x_wconf 92' lang='lat' dir='ltr'>non</span> <span class='ocrx_word' id='word_1_582' title='bbox 1720 4025 1832 4090; x_wconf 92' lang='lat' dir='ltr'>dubito</span> <span class='ocrx_word' id='word_1_583' title='bbox 1854 4025 2048 4108; x_wconf 89' lang='lat' dir='ltr'>prophetam</span> <span class='ocrx_word' id='word_1_584' title='bbox 2069 4027 2154 4091; x_wconf 90' lang='lat' dir='ltr'>idem</span> <span class='ocrx_word' id='word_1_585' title='bbox 2177 4026 2266 4092; x_wconf 84' lang='lat' dir='ltr'>velle</span> <span class='ocrx_word' id='word_1_586' title='bbox 2289 4023 2375 4109; x_wconf 90' lang='lat' dir='ltr'>quod</span> 
     </span>
     <span class='ocr_line' id='line_1_43' title="bbox 369 4109 2375 4194; baseline -0.004 -13"><span class='ocrx_word' id='word_1_587' title='bbox 369 4124 547 4190; x_wconf 87' lang='lat' dir='ltr'>stauretur,</span> <span class='ocrx_word' id='word_1_588' title='bbox 578 4111 624 4176; x_wconf 89' lang='lat' dir='ltr'>ita</span> <span class='ocrx_word' id='word_1_589' title='bbox 652 4118 690 4174; x_wconf 90' lang='lat' dir='ltr'>at</span> <span class='ocrx_word' id='word_1_590' title='bbox 711 4111 852 4176; x_wconf 88' lang='lat' dir='ltr'>floreant</span> <span class='ocrx_word' id='word_1_591' title='bbox 874 4120 943 4174; x_wconf 87' lang='lat' dir='ltr'>tam</span> <span class='ocrx_word' id='word_1_592' title='bbox 965 4109 1131 4193; x_wconf 89' lang='lat' dir='ltr'>opulentia</span> <span class='ocrx_word' id='word_1_593' title='bbox 1152 4130 1250 4192; x_wconf 89' lang='lat' dir='ltr'>quam</span> <span class='ocrx_word' id='word_1_594' title='bbox 1273 4110 1345 4173; x_wconf 90' lang='lat' dir='ltr'>aliis</span> <span class='ocrx_word' id='word_1_595' title='bbox 1398 4110 1489 4193; x_wconf 88' lang='lat' dir='ltr'>prius</span> <span class='ocrx_word' id='word_1_596' title='bbox 1511 4111 1650 4194; x_wconf 90' lang='lat' dir='ltr'>septimo</span> <span class='ocrx_word' id='word_1_597' title='bbox 1672 4112 1777 4193; x_wconf 88' lang='lat' dir='ltr'>eapite</span> <span class='ocrx_word' id='word_1_598' title='bbox 1799 4111 1951 4176; x_wconf 84' lang='lat' dir='ltr'>vidimus.</span> <span class='ocrx_word' id='word_1_599' title='bbox 1997 4112 2134 4179; x_wconf 86' lang='lat' dir='ltr'>Dicebat</span> <span class='ocrx_word' id='word_1_600' title='bbox 2156 4112 2241 4178; x_wconf 92' lang='lat' dir='ltr'>illic:</span> <span class='ocrx_word' id='word_1_601' title='bbox 2265 4112 2319 4177; x_wconf 92' lang='lat' dir='ltr'>Ite</span> <span class='ocrx_word' id='word_1_602' title='bbox 2342 4111 2375 4173; x_wconf 94' lang='lat' dir='ltr'>in</span> 
     </span>
     <span class='ocr_line' id='line_1_44' title="bbox 370 4192 2375 4280; baseline -0.004 -14"><span class='ocrx_word' id='word_1_603' title='bbox 370 4197 523 4266; x_wconf 88' lang='lat' dir='ltr'>omnibus</span> <span class='ocrx_word' id='word_1_604' title='bbox 553 4197 655 4264; x_wconf 91' lang='lat' dir='ltr'>bonis.</span> <span class='ocrx_word' id='word_1_605' title='bbox 703 4195 795 4262; x_wconf 89' lang='lat' dir='ltr'>Haec</span> <span class='ocrx_word' id='word_1_606' title='bbox 824 4204 875 4263; x_wconf 90' lang='lat' dir='ltr'>est</span> <span class='ocrx_word' id='word_1_607' title='bbox 903 4196 1086 4278; x_wconf 87' lang='lat' dir='ltr'>promissio.</span> <span class='ocrx_word' id='word_1_608' title='bbox 1130 4194 1263 4260; x_wconf 86' lang='lat' dir='ltr'>Interea</span> <span class='ocrx_word' id='word_1_609' title='bbox 1290 4192 1345 4257; x_wconf 93' lang='lat' dir='ltr'>ad·</span> <span class='ocrx_word' id='word_1_610' title='bbox 1400 4195 1493 4280; x_wconf 81' lang='lat' dir='ltr'>Sylo,</span> <span class='ocrx_word' id='word_1_611' title='bbox 1524 4207 1557 4259; x_wconf 88' lang='lat' dir='ltr'>et</span> <span class='ocrx_word' id='word_1_612' title='bbox 1578 4195 1686 4261; x_wconf 86' lang='lat' dir='ltr'>videte</span> <span class='ocrx_word' id='word_1_613' title='bbox 1716 4195 1822 4278; x_wconf 88' lang='lat' dir='ltr'>qualis</span> <span class='ocrx_word' id='word_1_614' title='bbox 1850 4198 1894 4262; x_wconf 89' lang='lat' dir='ltr'>sit</span> <span class='ocrx_word' id='word_1_615' title='bbox 1923 4197 2020 4263; x_wconf 89' lang='lat' dir='ltr'>facies</span> <span class='ocrx_word' id='word_1_616' title='bbox 2049 4197 2137 4262; x_wconf 87' lang='lat' dir='ltr'>illiue</span> <span class='ocrx_word' id='word_1_617' title='bbox 2167 4197 2241 4264; x_wconf 92' lang='lat' dir='ltr'>loci.</span> <span class='ocrx_word' id='word_1_618' title='bbox 2289 4195 2375 4261; x_wconf 90' lang='lat' dir='ltr'>Nam</span> 
     </span>
     <span class='ocr_line' id='line_1_45' title="bbox 368 4279 2375 4369; baseline -0.004 -18"><span class='ocrx_word' id='word_1_619' title='bbox 368 4286 478 4369; x_wconf 78' lang='lat' dir='ltr'>iungit</span> <span class='ocrx_word' id='word_1_620' title='bbox 499 4306 541 4349; x_wconf 87' lang='lat' dir='ltr'>ex</span> <span class='ocrx_word' id='word_1_621' title='bbox 559 4281 708 4365; x_wconf 91' lang='lat' dir='ltr'>opposito</span> <span class='ocrx_word' id='word_1_622' title='bbox 731 4281 899 4364; x_wconf 90' lang='lat' dir='ltr'>propheta,</span> <span class='ocrx_word' id='word_1_623' title='bbox 924 4279 1345 4360; x_wconf 63' lang='lat' dir='ltr'>&amp;sanctasanctorum</span> <span class='ocrx_word' id='word_1_624' title='bbox 1397 4303 1455 4363; x_wconf 88' lang='lat' dir='ltr'>per</span> <span class='ocrx_word' id='word_1_625' title='bbox 1478 4281 1611 4364; x_wconf 83' lang='lat' dir='ltr'>longum</span> <span class='ocrx_word' id='word_1_626' title='bbox 1635 4292 1765 4362; x_wconf 90' lang='lat' dir='ltr'>tempus</span> <span class='ocrx_word' id='word_1_627' title='bbox 1792 4281 1859 4348; x_wconf 91' lang='lat' dir='ltr'>illie</span> <span class='ocrx_word' id='word_1_628' title='bbox 1888 4281 2094 4350; x_wconf 87' lang='lat' dir='ltr'>habitaverat</span> <span class='ocrx_word' id='word_1_629' title='bbox 2115 4288 2203 4350; x_wconf 79' lang='lat' dir='ltr'>Arca</span> <span class='ocrx_word' id='word_1_630' title='bbox 2223 4281 2375 4349; x_wconf 85' lang='lat' dir='ltr'>foederis.</span> 
     </span>
     <span class='ocr_line' id='line_1_46' title="bbox 367 4365 2376 4452; baseline -0.004 -14"><span class='ocrx_word' id='word_1_631' title='bbox 367 4373 462 4438; x_wconf 80' lang='lat' dir='ltr'>illam</span> <span class='ocrx_word' id='word_1_632' title='bbox 482 4372 549 4452; x_wconf 76' lang='lat' dir='ltr'>fore</span> <span class='ocrx_word' id='word_1_633' title='bbox 562 4387 701 4448; x_wconf 63' lang='lat' dir='ltr'>prosae</span> <span class='ocrx_word' id='word_1_634' title='bbox 722 4367 883 4432; x_wconf 60' lang='lat' dir='ltr'>maenam.</span> <span class='ocrx_word' id='word_1_635' title='bbox 929 4366 995 4433; x_wconf 84' lang='lat' dir='ltr'>Sed</span> <span class='ocrx_word' id='word_1_636' title='bbox 1025 4367 1106 4431; x_wconf 90' lang='lat' dir='ltr'>haee</span> <span class='ocrx_word' id='word_1_637' title='bbox 1134 4365 1345 4430; x_wconf 87' lang='lat' dir='ltr'>comminatio</span> <span class='ocrx_word' id='word_1_638' title='bbox 1397 4365 1509 4446; x_wconf 75' lang='lat' dir='ltr'>Quum</span> <span class='ocrx_word' id='word_1_639' title='bbox 1532 4385 1609 4449; x_wconf 79' lang='lat' dir='ltr'>ergo</span> <span class='ocrx_word' id='word_1_640' title='bbox 1626 4376 1777 4448; x_wconf 87' lang='lat' dir='ltr'>putarent</span> <span class='ocrx_word' id='word_1_641' title='bbox 1791 4367 1899 4432; x_wconf 92' lang='lat' dir='ltr'>locum</span> <span class='ocrx_word' id='word_1_642' title='bbox 1917 4368 2008 4433; x_wconf 91' lang='lat' dir='ltr'>illum</span> <span class='ocrx_word' id='word_1_643' title='bbox 2027 4389 2098 4434; x_wconf 88' lang='lat' dir='ltr'>essa</span> <span class='ocrx_word' id='word_1_644' title='bbox 2118 4379 2376 4443; x_wconf 86' lang='lat' dir='ltr'>sacrosanctum,</span> 
     </span>
     <span class='ocr_line' id='line_1_47' title="bbox 370 4451 2376 4533; baseline -0.005 -11"><span class='ocrx_word' id='word_1_645' title='bbox 370 4457 564 4523; x_wconf 87' lang='lat' dir='ltr'>tractabitur</span> <span class='ocrx_word' id='word_1_646' title='bbox 587 4454 639 4518; x_wconf 93' lang='lat' dir='ltr'>die</span> <span class='ocrx_word' id='word_1_647' title='bbox 661 4453 814 4518; x_wconf 88' lang='lat' dir='ltr'>crastino.</span> <span class='ocrx_word' id='word_1_648' title='bbox 1398 4451 1551 4517; x_wconf 88' lang='lat' dir='ltr'>redactus</span> <span class='ocrx_word' id='word_1_649' title='bbox 1582 4463 1692 4517; x_wconf 89' lang='lat' dir='ltr'>tamen</span> <span class='ocrx_word' id='word_1_650' title='bbox 1724 4451 1788 4517; x_wconf 86' lang='lat' dir='ltr'>luit</span> <span class='ocrx_word' id='word_1_651' title='bbox 1815 4453 1850 4517; x_wconf 93' lang='lat' dir='ltr'>iu</span> <span class='ocrx_word' id='word_1_652' title='bbox 1880 4454 2084 4533; x_wconf 86' lang='lat' dir='ltr'>vastitatem,</span> <span class='ocrx_word' id='word_1_653' title='bbox 2121 4463 2154 4518; x_wconf 88' lang='lat' dir='ltr'>et</span> <span class='ocrx_word' id='word_1_654' title='bbox 2182 4455 2231 4519; x_wconf 88' lang='lat' dir='ltr'>ita</span> <span class='ocrx_word' id='word_1_655' title='bbox 2262 4451 2376 4517; x_wconf 90' lang='lat' dir='ltr'>debuit</span> 
     </span>
     <span class='ocr_line' id='line_1_48' title="bbox 1398 4536 2377 4622; baseline -0.002 -20"><span class='ocrx_word' id='word_1_656' title='bbox 1398 4558 1468 4602; x_wconf 89' lang='lat' dir='ltr'>esse</span> <span class='ocrx_word' id='word_1_657' title='bbox 1491 4536 1646 4603; x_wconf 90' lang='lat' dir='ltr'>horribile</span> <span class='ocrx_word' id='word_1_658' title='bbox 1668 4537 1887 4620; x_wconf 88' lang='lat' dir='ltr'>spectaculum</span> <span class='ocrx_word' id='word_1_659' title='bbox 1904 4540 1964 4603; x_wconf 90' lang='lat' dir='ltr'>toti</span> <span class='ocrx_word' id='word_1_660' title='bbox 1979 4540 2107 4622; x_wconf 91' lang='lat' dir='ltr'>populo.</span> <span class='ocrx_word' id='word_1_661' title='bbox 2142 4540 2239 4605; x_wconf 89' lang='lat' dir='ltr'>Nunc</span> <span class='ocrx_word' id='word_1_662' title='bbox 2260 4537 2377 4602; x_wconf 91' lang='lat' dir='ltr'>eadem</span> 
     </span>
     <span class='ocr_line' id='line_1_49' title="bbox 457 4621 2375 4707; baseline -0.003 -15"><span class='ocrx_word' id='word_1_663' title='bbox 457 4623 541 4692; x_wconf 89' lang='lat' dir='ltr'>Heri</span> <span class='ocrx_word' id='word_1_664' title='bbox 571 4623 783 4707; x_wconf 87' lang='lat' dir='ltr'>exposuimus</span> <span class='ocrx_word' id='word_1_665' title='bbox 813 4625 1008 4689; x_wconf 90' lang='lat' dir='ltr'>sententiam</span> <span class='ocrx_word' id='word_1_666' title='bbox 1037 4622 1126 4688; x_wconf 90' lang='lat' dir='ltr'>illam</span> <span class='ocrx_word' id='word_1_667' title='bbox 1157 4621 1345 4705; x_wconf 88' lang='lat' dir='ltr'>prophetae,</span> <span class='ocrx_word' id='word_1_668' title='bbox 1397 4623 1536 4700; x_wconf 88' lang='lat' dir='ltr'>ratione,</span> <span class='ocrx_word' id='word_1_669' title='bbox 1566 4632 1602 4687; x_wconf 92' lang='lat' dir='ltr'>ut</span> <span class='ocrx_word' id='word_1_670' title='bbox 1631 4623 1712 4688; x_wconf 91' lang='lat' dir='ltr'>mihi</span> <span class='ocrx_word' id='word_1_671' title='bbox 1742 4623 1886 4701; x_wconf 86' lang='lat' dir='ltr'>videtur,</span> <span class='ocrx_word' id='word_1_672' title='bbox 1920 4625 2077 4707; x_wconf 91' lang='lat' dir='ltr'>propheta</span> <span class='ocrx_word' id='word_1_673' title='bbox 2110 4624 2163 4689; x_wconf 90' lang='lat' dir='ltr'>bic</span> <span class='ocrx_word' id='word_1_674' title='bbox 2192 4633 2375 4706; x_wconf 88' lang='lat' dir='ltr'>comparat.</span> 
     </span>
     <span class='ocr_line' id='line_1_50' title="bbox 369 4707 2378 4797; baseline -0.004 -17"><span class='ocrx_word' id='word_1_675' title='bbox 369 4732 509 4797; x_wconf 78' lang='lat' dir='ltr'>regnum</span> <span class='ocrx_word' id='word_1_676' title='bbox 532 4709 655 4777; x_wconf 87' lang='lat' dir='ltr'>scilicet</span> <span class='ocrx_word' id='word_1_677' title='bbox 676 4728 790 4774; x_wconf 88' lang='lat' dir='ltr'>rursus</span> <span class='ocrx_word' id='word_1_678' title='bbox 813 4711 1052 4775; x_wconf 88' lang='lat' dir='ltr'>restituendum</span> <span class='ocrx_word' id='word_1_679' title='bbox 1084 4707 1286 4784; x_wconf 90' lang='lat' dir='ltr'>aDomino,</span> <span class='ocrx_word' id='word_1_680' title='bbox 1317 4709 1345 4772; x_wconf 91' lang='lat' dir='ltr'>si</span> <span class='ocrx_word' id='word_1_681' title='bbox 1398 4708 1562 4773; x_wconf 88' lang='lat' dir='ltr'>Libanum</span> <span class='ocrx_word' id='word_1_682' title='bbox 1586 4729 1660 4774; x_wconf 91' lang='lat' dir='ltr'>eum</span> <span class='ocrx_word' id='word_1_683' title='bbox 1684 4716 1794 4774; x_wconf 89' lang='lat' dir='ltr'>monte</span> <span class='ocrx_word' id='word_1_684' title='bbox 1817 4708 1955 4775; x_wconf 79' lang='lat' dir='ltr'>Galaad.</span> <span class='ocrx_word' id='word_1_685' title='bbox 2000 4711 2085 4776; x_wconf 91' lang='lat' dir='ltr'>Nam</span> <span class='ocrx_word' id='word_1_686' title='bbox 2116 4710 2203 4793; x_wconf 92' lang='lat' dir='ltr'>quod</span> <span class='ocrx_word' id='word_1_687' title='bbox 2234 4708 2296 4774; x_wconf 90' lang='lat' dir='ltr'>alii</span> <span class='ocrx_word' id='word_1_688' title='bbox 2328 4707 2378 4772; x_wconf 91' lang='lat' dir='ltr'>di-</span> 
     </span>
     <span class='ocr_line' id='line_1_51' title="bbox 369 4794 2375 4878; baseline -0.002 -16"><span class='ocrx_word' id='word_1_689' title='bbox 369 4819 431 4865; x_wconf 88' lang='lat' dir='ltr'>rex</span> <span class='ocrx_word' id='word_1_690' title='bbox 449 4798 567 4863; x_wconf 90' lang='lat' dir='ltr'>eteius</span> <span class='ocrx_word' id='word_1_691' title='bbox 582 4794 759 4862; x_wconf 91' lang='lat' dir='ltr'>consiliarii</span> <span class='ocrx_word' id='word_1_692' title='bbox 777 4804 929 4877; x_wconf 88' lang='lat' dir='ltr'>totusque</span> <span class='ocrx_word' id='word_1_693' title='bbox 945 4796 1084 4878; x_wconf 91' lang='lat' dir='ltr'>populus</span> <span class='ocrx_word' id='word_1_694' title='bbox 1108 4795 1344 4877; x_wconf 89' lang='lat' dir='ltr'>resipiscerent.</span> <span class='ocrx_word' id='word_1_695' title='bbox 1397 4805 1478 4860; x_wconf 86' lang='lat' dir='ltr'>cnut</span> <span class='ocrx_word' id='word_1_696' title='bbox 1510 4794 1650 4860; x_wconf 85' lang='lat' dir='ltr'>Guilead</span> <span class='ocrx_word' id='word_1_697' title='bbox 1688 4794 1788 4859; x_wconf 89' lang='lat' dir='ltr'>luisse</span> <span class='ocrx_word' id='word_1_698' title='bbox 1828 4795 2032 4878; x_wconf 91' lang='lat' dir='ltr'>metropolim</span> <span class='ocrx_word' id='word_1_699' title='bbox 2069 4795 2180 4860; x_wconf 90' lang='lat' dir='ltr'>decem</span> <span class='ocrx_word' id='word_1_700' title='bbox 2215 4795 2375 4868; x_wconf 86' lang='lat' dir='ltr'>tribuum,</span> 
     </span>
     <span class='ocr_line' id='line_1_52' title="bbox 370 4878 2377 4966; baseline -0.002 -17"><span class='ocrx_word' id='word_1_701' title='bbox 370 4883 468 4950; x_wconf 88' lang='lat' dir='ltr'>Naue</span> <span class='ocrx_word' id='word_1_702' title='bbox 485 4883 663 4966; x_wconf 90' lang='lat' dir='ltr'>opponitur</span> <span class='ocrx_word' id='word_1_703' title='bbox 677 4879 897 4957; x_wconf 88' lang='lat' dir='ltr'>comminatio,</span> <span class='ocrx_word' id='word_1_704' title='bbox 920 4879 947 4943; x_wconf 86' lang='lat' dir='ltr'>si</span> <span class='ocrx_word' id='word_1_705' title='bbox 967 4901 1031 4946; x_wconf 89' lang='lat' dir='ltr'>uon</span> <span class='ocrx_word' id='word_1_706' title='bbox 1046 4879 1212 4945; x_wconf 87' lang='lat' dir='ltr'>audierint</span> <span class='ocrx_word' id='word_1_707' title='bbox 1235 4889 1345 4945; x_wconf 89' lang='lat' dir='ltr'>actum</span> <span class='ocrx_word' id='word_1_708' title='bbox 1397 4879 1479 4944; x_wconf 91' lang='lat' dir='ltr'>nihil</span> <span class='ocrx_word' id='word_1_709' title='bbox 1502 4879 1599 4944; x_wconf 86' lang='lat' dir='ltr'>habet</span> <span class='ocrx_word' id='word_1_710' title='bbox 1622 4879 1798 4945; x_wconf 86' lang='lat' dir='ltr'>firmitatis.</span> <span class='ocrx_word' id='word_1_711' title='bbox 1844 4878 1912 4946; x_wconf 83' lang='lat' dir='ltr'>Sed</span> <span class='ocrx_word' id='word_1_712' title='bbox 1934 4881 2075 4948; x_wconf 87' lang='lat' dir='ltr'>tenenda</span> <span class='ocrx_word' id='word_1_713' title='bbox 2102 4892 2153 4946; x_wconf 89' lang='lat' dir='ltr'>est</span> <span class='ocrx_word' id='word_1_714' title='bbox 2178 4881 2269 4947; x_wconf 86' lang='lat' dir='ltr'>illius</span> <span class='ocrx_word' id='word_1_715' title='bbox 2292 4889 2377 4945; x_wconf 88' lang='lat' dir='ltr'>tem·</span> 
     </span>
     <span class='ocr_line' id='line_1_53' title="bbox 371 4964 2377 5050; baseline -0.003 -16"><span class='ocrx_word' id='word_1_716' title='bbox 371 4989 443 5035; x_wconf 89' lang='lat' dir='ltr'>esse</span> <span class='ocrx_word' id='word_1_717' title='bbox 466 4968 506 5033; x_wconf 89' lang='lat' dir='ltr'>de</span> <span class='ocrx_word' id='word_1_718' title='bbox 528 4967 649 5050; x_wconf 88' lang='lat' dir='ltr'>palatio</span> <span class='ocrx_word' id='word_1_719' title='bbox 672 4977 704 5032; x_wconf 89' lang='lat' dir='ltr'>et</span> <span class='ocrx_word' id='word_1_720' title='bbox 727 4966 767 5031; x_wconf 90' lang='lat' dir='ltr'>de</span> <span class='ocrx_word' id='word_1_721' title='bbox 789 4965 878 5030; x_wconf 89' lang='lat' dir='ltr'>urbe.</span> <span class='ocrx_word' id='word_1_722' title='bbox 921 4964 1059 5048; x_wconf 83' lang='lat' dir='ltr'>Saepius</span> <span class='ocrx_word' id='word_1_723' title='bbox 1084 4977 1193 5030; x_wconf 91' lang='lat' dir='ltr'>autem</span> <span class='ocrx_word' id='word_1_724' title='bbox 1224 4964 1344 5047; x_wconf 90' lang='lat' dir='ltr'>repeti·</span> <span class='ocrx_word' id='word_1_725' title='bbox 1398 4967 1486 5047; x_wconf 88' lang='lat' dir='ltr'>poris</span> <span class='ocrx_word' id='word_1_726' title='bbox 1526 4964 1683 5029; x_wconf 90' lang='lat' dir='ltr'>conditio:</span> <span class='ocrx_word' id='word_1_727' title='bbox 1732 4985 1868 5048; x_wconf 78' lang='lat' dir='ltr'>reguum</span> <span class='ocrx_word' id='word_1_728' title='bbox 1901 4966 2005 5032; x_wconf 87' lang='lat' dir='ltr'>Israel</span> <span class='ocrx_word' id='word_1_729' title='bbox 2045 4987 2180 5050; x_wconf 89' lang='lat' dir='ltr'>prorsus</span> <span class='ocrx_word' id='word_1_730' title='bbox 2224 4965 2377 5032; x_wconf 90' lang='lat' dir='ltr'>excisum</span> 
     </span>
     <span class='ocr_line' id='line_1_54' title="bbox 371 5050 2377 5135; baseline -0.002 -17"><span class='ocrx_word' id='word_1_731' title='bbox 371 5065 427 5119; x_wconf 91' lang='lat' dir='ltr'>tur</span> <span class='ocrx_word' id='word_1_732' title='bbox 449 5073 571 5118; x_wconf 91' lang='lat' dir='ltr'>nomeu</span> <span class='ocrx_word' id='word_1_733' title='bbox 594 5052 725 5128; x_wconf 88' lang='lat' dir='ltr'>domus,</span> <span class='ocrx_word' id='word_1_734' title='bbox 757 5051 808 5116; x_wconf 89' lang='lat' dir='ltr'>vel</span> <span class='ocrx_word' id='word_1_735' title='bbox 827 5050 957 5133; x_wconf 90' lang='lat' dir='ltr'>palatii,</span> <span class='ocrx_word' id='word_1_736' title='bbox 985 5053 1062 5134; x_wconf 89' lang='lat' dir='ltr'>quia</span> <span class='ocrx_word' id='word_1_737' title='bbox 1084 5051 1214 5116; x_wconf 71' lang='lat' dir='ltr'>mmemi</span> <span class='ocrx_word' id='word_1_738' title='bbox 1237 5051 1343 5114; x_wconf 91' lang='lat' dir='ltr'>muni·</span> <span class='ocrx_word' id='word_1_739' title='bbox 1397 5050 1502 5114; x_wconf 83' lang='lat' dir='ltr'>luerat</span> <span class='ocrx_word' id='word_1_740' title='bbox 1524 5071 1588 5132; x_wconf 90' lang='lat' dir='ltr'>qao</span> <span class='ocrx_word' id='word_1_741' title='bbox 1610 5059 1754 5133; x_wconf 89' lang='lat' dir='ltr'>tempore</span> <span class='ocrx_word' id='word_1_742' title='bbox 1776 5053 1863 5118; x_wconf 87' lang='lat' dir='ltr'>bano</span> <span class='ocrx_word' id='word_1_743' title='bbox 1883 5051 2073 5117; x_wconf 90' lang='lat' dir='ltr'>concionem</span> <span class='ocrx_word' id='word_1_744' title='bbox 2095 5064 2129 5117; x_wconf 88' lang='lat' dir='ltr'>et</span> <span class='ocrx_word' id='word_1_745' title='bbox 2147 5052 2294 5135; x_wconf 88' lang='lat' dir='ltr'>reliquas</span> <span class='ocrx_word' id='word_1_746' title='bbox 2318 5052 2377 5115; x_wconf 89' lang='lat' dir='ltr'>ha-</span> 
     </span>
     <span class='ocr_line' id='line_1_55' title="bbox 371 5135 2378 5220; baseline -0.002 -16"><span class='ocrx_word' id='word_1_747' title='bbox 371 5141 478 5205; x_wconf 87' lang='lat' dir='ltr'>tioues</span> <span class='ocrx_word' id='word_1_748' title='bbox 511 5139 601 5204; x_wconf 89' lang='lat' dir='ltr'>urbis</span> <span class='ocrx_word' id='word_1_749' title='bbox 634 5136 795 5204; x_wconf 89' lang='lat' dir='ltr'>inflabant</span> <span class='ocrx_word' id='word_1_750' title='bbox 833 5136 959 5202; x_wconf 90' lang='lat' dir='ltr'>animos</span> <span class='ocrx_word' id='word_1_751' title='bbox 993 5137 1130 5219; x_wconf 86' lang='lat' dir='ltr'>populo,</span> <span class='ocrx_word' id='word_1_752' title='bbox 1171 5135 1345 5220; x_wconf 86' lang='lat' dir='ltr'>praecipue</span> <span class='ocrx_word' id='word_1_753' title='bbox 1398 5135 1468 5200; x_wconf 91' lang='lat' dir='ltr'>buit</span> <span class='ocrx_word' id='word_1_754' title='bbox 1490 5136 1650 5220; x_wconf 86' lang='lat' dir='ltr'>propheta</span> <span class='ocrx_word' id='word_1_755' title='bbox 1673 5143 1793 5204; x_wconf 89' lang='lat' dir='ltr'>noster.</span> <span class='ocrx_word' id='word_1_756' title='bbox 1831 5137 1952 5202; x_wconf 90' lang='lat' dir='ltr'>Iudaea</span> <span class='ocrx_word' id='word_1_757' title='bbox 1974 5138 2082 5203; x_wconf 86' lang='lat' dir='ltr'>luerat</span> <span class='ocrx_word' id='word_1_758' title='bbox 2103 5138 2236 5220; x_wconf 90' lang='lat' dir='ltr'>quidem</span> <span class='ocrx_word' id='word_1_759' title='bbox 2259 5135 2378 5202; x_wconf 90' lang='lat' dir='ltr'>multis</span> 
     </span>
     <span class='ocr_line' id='line_1_56' title="bbox 371 5220 2378 5306; baseline -0.002 -15"><span class='ocrx_word' id='word_1_760' title='bbox 371 5239 483 5292; x_wconf 89' lang='lat' dir='ltr'>tamea</span> <span class='ocrx_word' id='word_1_761' title='bbox 502 5222 709 5306; x_wconf 87' lang='lat' dir='ltr'>superbiebat</span> <span class='ocrx_word' id='word_1_762' title='bbox 727 5222 782 5288; x_wconf 92' lang='lat' dir='ltr'>illa</span> <span class='ocrx_word' id='word_1_763' title='bbox 799 5222 928 5294; x_wconf 85' lang='lat' dir='ltr'>fiducia.</span> <span class='ocrx_word' id='word_1_764' title='bbox 951 5222 1034 5304; x_wconf 92' lang='lat' dir='ltr'>quod</span> <span class='ocrx_word' id='word_1_765' title='bbox 1051 5221 1215 5303; x_wconf 90' lang='lat' dir='ltr'>pollicitus</span> <span class='ocrx_word' id='word_1_766' title='bbox 1231 5222 1346 5286; x_wconf 88' lang='lat' dir='ltr'>luisset</span> <span class='ocrx_word' id='word_1_767' title='bbox 1398 5220 1543 5298; x_wconf 76' lang='lat' dir='ltr'>cladibus</span> <span class='ocrx_word' id='word_1_768' title='bbox 1575 5223 1706 5298; x_wconf 87' lang='lat' dir='ltr'>attrita,</span> <span class='ocrx_word' id='word_1_769' title='bbox 1741 5224 1798 5288; x_wconf 91' lang='lat' dir='ltr'>sed</span> <span class='ocrx_word' id='word_1_770' title='bbox 1830 5223 1940 5288; x_wconf 88' lang='lat' dir='ltr'>stabat</span> <span class='ocrx_word' id='word_1_771' title='bbox 1973 5238 2082 5288; x_wconf 89' lang='lat' dir='ltr'>tamen</span> <span class='ocrx_word' id='word_1_772' title='bbox 2113 5223 2209 5305; x_wconf 88' lang='lat' dir='ltr'>quale</span> <span class='ocrx_word' id='word_1_773' title='bbox 2241 5241 2378 5302; x_wconf 89' lang='lat' dir='ltr'>cunque</span> 
     </span>
     <span class='ocr_line' id='line_1_57' title="bbox 370 5305 2379 5392; baseline -0.004 -14"><span class='ocrx_word' id='word_1_774' title='bbox 370 5320 539 5378; x_wconf 82' lang='lat' dir='ltr'>aeteruum</span> <span class='ocrx_word' id='word_1_775' title='bbox 568 5309 637 5375; x_wconf 88' lang='lat' dir='ltr'>lore</span> <span class='ocrx_word' id='word_1_776' title='bbox 666 5329 802 5392; x_wconf 84' lang='lat' dir='ltr'>regnum</span> <span class='ocrx_word' id='word_1_777' title='bbox 835 5305 984 5374; x_wconf 85' lang='lat' dir='ltr'>Davidis.</span> <span class='ocrx_word' id='word_1_778' title='bbox 1036 5307 1125 5390; x_wconf 82' lang='lat' dir='ltr'>Drgo</span> <span class='ocrx_word' id='word_1_779' title='bbox 1153 5327 1219 5373; x_wconf 91' lang='lat' dir='ltr'>nou</span> <span class='ocrx_word' id='word_1_780' title='bbox 1250 5315 1344 5391; x_wconf 88' lang='lat' dir='ltr'>puta·</span> <span class='ocrx_word' id='word_1_781' title='bbox 1398 5327 1545 5391; x_wconf 84' lang='lat' dir='ltr'>ragnum.</span> <span class='ocrx_word' id='word_1_782' title='bbox 1603 5308 1692 5392; x_wconf 82' lang='lat' dir='ltr'>Ergo</span> <span class='ocrx_word' id='word_1_783' title='bbox 1726 5329 1783 5392; x_wconf 91' lang='lat' dir='ltr'>per</span> <span class='ocrx_word' id='word_1_784' title='bbox 1815 5319 1958 5374; x_wconf 91' lang='lat' dir='ltr'>montem</span> <span class='ocrx_word' id='word_1_785' title='bbox 1993 5309 2120 5376; x_wconf 81' lang='lat' dir='ltr'>Galaad</span> <span class='ocrx_word' id='word_1_786' title='bbox 2155 5329 2220 5374; x_wconf 88' lang='lat' dir='ltr'>non</span> <span class='ocrx_word' id='word_1_787' title='bbox 2257 5307 2379 5372; x_wconf 91' lang='lat' dir='ltr'>dubito</span> 
     </span>
    </p>
   </div>
   <div class='ocr_carea' id='block_1_3' title="bbox 0 0 2593 6116">
    <p class='ocr_par' dir='ltr' id='par_1_3' title="bbox 0 0 2593 6116">
     <span class='ocr_line' id='line_1_58' title="bbox 0 0 2593 6116; baseline 0 0"><span class='ocrx_word' id='word_1_788' title='bbox 0 0 2593 6116; x_wconf 95' lang='lat' dir='ltr'> </span> 
     </span>
    </p>
   </div>
  </div>
 </body>
</html>
