5118 6136
389 461 451 526 671
1196 453 1584 520 Pnuahuuulouas
2327 453 2392 517 672

387 646 556 731 protervia
585 641 686 708 donec
708 663 764 707 eos
786 641 918 725 subigat
940 641 1032 708 Deus
1055 641 1155 707 variis
1179 642 1299 723 poenis,
1321 650 1363 724 ,et
1415 640 1649 723 poenitentiam
1672 663 1745 707 esse
1765 641 1901 723 spiritus
1932 643 2035 711 sancti
2062 661 2153 725 opus.
2198 641 2291 708 Deus
2320 643 2391 726 qui·

389 731 505 799 reddat
533 750 601 794 nou
628 735 757 794 tantum
781 727 942 794 subiectos
965 727 1035 805 sibi,
1064 725 1243 791 sedetiam
1265 729 1363 790 mori·
1415 727 1489 790 dem
1523 747 1583 792 nos
1616 726 1753 804 invitat,
1794 737 1891 810 atque
1924 729 2024 794 etiam
2059 727 2214 792 sollicitat
2246 729 2391 792 externis

390 839 493 903 garos.
538 814 697 880 Proxima
718 811 918 878 hebdomade
941 833 1001 898 ego
1024 813 1128 896 legam
1153 812 1258 876 Beaae
1281 812 1361 877 loeo.
1416 811 1532 878 mediis
1570 812 1611 876 ad
1639 813 1886 895 poenitentiam.
1939 813 2106 894 Quorsum
2138 813 2224 879 enim
2253 813 2392 878 tendunt

1416 917 1529 961 omnes
1552 917 1692 982 poenae,
1721 898 1784 962 nisi
1806 908 1843 962 ιιι
1870 899 2123 981 resipiscamus?
2167 897 2234 965 Sed
2264 899 2392 964 interea

475 988 646 1052 Postrema
675 985 813 1051 lectione
842 983 1002 1066 propheta
1032 983 1179 1047 narravit
1202 982 1362 1065 Ephraim
1416 983 1592 1047 tenendum
1616 995 1683 1062 εει,
1713 985 1892 1048 sitantum
1917 986 2008 1050 Deus
2033 1005 2096 1050 nos
2120 986 2275 1068 castiget,
2307 985 2390 1049 nihil

390 1076 492 1140 douae
513 1072 693 1156 castigatus
715 1068 777 1134 luit
799 1091 898 1134 manu
920 1068 1000 1152 Dei,
1032 1069 1169 1133 similem
1192 1069 1290 1132 luisse
1312 1066 1361 1133 vi·
1415 1068 1503 1132 aliud
1537 1089 1633 1151 quam
1667 1069 1759 1134 reddi
1795 1070 1898 1154 magis
1930 1069 2185 1147 inexcusabiles,
2218 1070 2297 1152 quia
2329 1069 2390 1134 hoo

391 1159 461 1224 tulo
481 1157 656 1235 indomito,
684 1173 783 1238 atque
809 1155 855 1220 ita
882 1146 961 1220 utile
991 1156 1090 1220 luisse
1118 1153 1168 1218 illi
1198 1153 1362 1218 exsilium.
1415 1152 1510 1217 modo
1545 1175 1712 1236 nunqnam
1745 1156 1868 1237 poterit
1900 1157 2018 1240 corrigi
2049 1155 2235 1239 pervicacia
2268 1169 2389 1220 nostra.

389 1245 459 1310 Iam
483 1242 649 1326 adiungit:
687 1240 831 1309 Θοηεενιε
862 1261 926 1320 mc,
953 1245 981 1306 et
1007 1245 1176 1306 meremor.
1221 1238 1363 1304 Videtur
1415 1239 1557 1304 Necesse
1595 1241 1695 1324 igitur
1732 1249 1782 1305 est
1822 1241 1975 1306 accedere
2018 1239 2194 1308 secundam
2236 1242 2389 1324 gratim,

389 1331 452 1396 hoo
474 1328 653 1394 secundum
676 1328 859 1392 membrum
888 1325 975 1391 malo
1004 1326 1164 1408 quadrare
1193 1324 1362 1407 superiori,
1415 1345 1531 1407 nempe
1556 1334 1592 1389 ut
1621 1327 1710 1391 intus
1740 1326 1871 1410 subigat
1899 1347 1958 1392 nos
1987 1327 2094 1404 Deus,
2125 1334 2160 1392 ει
2187 1337 2319 1392 revocet
2349 1326 2389 1390 ad

389 1416 483 1498 prius
512 1415 600 1478 enim
629 1413 769 1478 confessi
798 1422 875 1476 sunt
897 1410 1067 1476 Israelitae
1097 1431 1133 1476 se
1162 1410 1261 1476 fuisse
1289 1429 1362 1474 oon·
1414 1431 1508 1475 suam
1535 1409 1761 1478 obedientiam.
1806 1411 1880 1478 Hoe
1913 1420 2053 1478 testatur
2087 1412 2247 1496 propheta
2282 1421 2390 1476 noster

390 1519 521 1566 versos:
555 1519 643 1563 nuno
665 1507 774 1562 autem
796 1509 973 1579 precantur
995 1507 1032 1561 ιιι
1056 1497 1147 1562 Deus
1169 1497 1257 1577 ipsos
1285 1513 1362 1561 con·
1415 1516 1516 1577 quum
1537 1496 1624 1578 dicit,
1649 1496 1794 1562 Converte
1815 1517 1872 1580 mc,
1894 1502 2114 1564 ειοοιιιιειιανε
2143 1499 2235 1581 qnasi
2257 1498 2390 1577 diceret,

390 1591 507 1651 vertat.
562 1582 727 1665 Quorsum
759 1581 814 1646 id?
849 1583 925 1663 quia
957 1600 1196 1665 supervacuum
1230 1581 1363 1646 videtur
1415 1581 1564 1647 homines
1586 1583 1731 1647 converti
1761 1582 1894 1664 quidem
1922 1581 1980 1648 ubi
2002 1584 2092 1650 Deus
2120 1584 2207 1665 ipsos
2237 1582 2391 1648 admonet

389 1681 500 1753 petere
534 1668 618 1751 quod
651 1669 717 1733 iam
751 1688 862 1732 sumus
896 1669 1013 1750 adepti.
1070 1665 1136 1733 Sed
1176 1666 1280 1732 facilis
1314 1675 1363 1730 est
1416 1667 1456 1731 de
1477 1668 1545 1732 auis
1568 1670 1723 1749 peccatis,
1751 1667 1808 1732 red
1838 1688 1903 1734 uon
1932 1669 2037 1734 faeere
2066 1669 2100 1732 id
2129 1669 2261 1752 proprio
2289 1677 2390 1748 motu,

388 1756 518 1823 solutio.
563 1754 713 1818 Primum
748 1752 935 1836 responderi
969 1761 1080 1837 posset
1112 1772 1283 1834 nunquam
1315 1751 1363 1816 ita
1415 1753 1490 1834 quia
1521 1753 1688 1835 proprium
1723 1760 1773 1817 est
1804 1773 1886 1835 opus
1919 1752 1991 1819 Dei.
2044 1754 2090 1818 Et
2123 1755 2195 1819 ideo
2228 1754 2390 1837 adiungit,

389 1841 579 1924 resipiscere
614 1839 762 1905 homiues
795 1838 874 1921 quin
907 1859 988 1921 opus
1027 1839 1170 1904 habeant
1207 1838 1363 1902 continuo
1419 1837 1573 1917 Quoniam
1590 1843 1624 1902 tu
1647 1837 1785 1904 Iadooab
1799 1839 1890 1906 Deae
1911 1859 2007 1922 mette,
2031 1859 2094 1922 qua
2111 1839 2274 1923 particula
2288 1840 2389 1923 signi·

391 1927 455 1992 Dei
477 1925 608 1990 auxilio.
653 1924 738 1988 Nam
760 1944 959 1988 renovamur
986 1922 1025 1988 de
1054 1924 1105 1988 die
1132 1925 1166 1987 in
1197 1922 1300 1998 diem,
1330 1931 1363 1987 et
1414 1923 1492 1988 ficat
1531 1922 1591 1989 boc
1631 1924 1803 2007 privilegio
1840 1924 1947 1990 Deum
1987 1931 2116 1989 tantum
2154 1943 2232 1990 suos
2271 1925 2391 1990 eleetos

389 2011 548 2096 paulatim
572 2011 799 2076 renuntiamus
821 2008 1055 2093 cupiditatibus
1078 2009 1186 2073 carnis
1215 2017 1361 2073 nostrae:
1415 2008 1562 2090 dignari:
1585 2009 1678 2090 quasi
1697 2009 1818 2075 diceret
1835 2031 1901 2074 non
1920 2012 2109 2094 contingere
2128 2010 2189 2075 hoo
2207 2012 2391 2093 promiscue

389 2118 495 2180 neque
534 2116 598 2160 uno
638 2094 690 2159 die
723 2096 874 2160 exuimus
910 2103 1052 2160 veterem
1087 2095 1264 2159 hominem.
1318 2094 1363 2158 Et
1414 2094 1567 2158 omnibus
1590 2103 1627 2160 ιιι
1657 2095 1865 2178 resipiscant,
1897 2108 1929 2160 et
1958 2116 1993 2160 se
2019 2096 2193 2161 subiiciant
2216 2094 2304 2174 Deo,
2334 2096 2391 2160 ubi

389 2203 491 2265 quum
513 2181 554 2245 de
575 2181 765 2247 liberatione
789 2179 899 2264 populi
923 2181 992 2264 agit
1006 2178 1166 2263 propheta
1179 2181 1215 2244 in
1230 2177 1362 2244 Psalmo
1415 2199 1536 2261 poenas
1567 2180 1671 2264 exigit
1704 2181 1743 2244 de
1776 2181 1920 2263 ipsorum
1953 2182 2111 2265 peccatis,
2145 2181 2202 2246 sed
2224 2179 2391 2264 peculiare

390 2266 481 2354 (126)
510 2267 590 2332 dicit
621 2265 724 2331 luisse
756 2264 838 2330 illud
870 2265 1082 2344 miraculum,
1115 2265 1199 2348 quod
1232 2277 1362 2347 praeter
1414 2284 1485 2328 esse
1507 2264 1609 2330 eleeto
1632 2266 1749 2348 populo
1781 2267 1984 2332 beneficium.
2027 2266 2182 2332 Notanda
2208 2267 2311 2351 igitur
2339 2276 2390 2332 est

390 2374 481 2436 spem
513 2352 667 2419 reductus
697 2361 782 2416 esset
810 2351 969 2433 populus,
1001 2351 1094 2418 llaoti
1124 2371 1237 2415 sumus
1267 2350 1361 2414 sicuti
1415 2350 1515 2432 ratio,
1555 2371 1619 2432 qua
1653 2353 1849 2416 sententiam
1883 2371 1974 2418 auam
2009 2351 2169 2434 propheta
2199 2353 2390 2418 confirmat:

389 2439 608 2506 somniantes:
639 2446 751 2520 postea
772 2436 879 2515 addit,
907 2435 1073 2502 Converte
1097 2437 1238 2501 Domino
1260 2435 1362 2518 eapti·
1414 2436 1489 2517 quia
1523 2435 1600 2502 hinc
1633 2436 1816 2520 colligimus
1853 2436 2029 2503 discrimen
2067 2438 2277 2504 manifestum
2319 2459 2391 2504 esse

390 2526 528 2588 ritatem
552 2533 715 2598 nostram,
744 2541 861 2604 nempe
890 2523 966 2604 quia
988 2521 1080 2588 Deus
1115 2543 1179 2586 non
1207 2520 1268 2585 nisi
1290 2521 1360 2585 exi·
1413 2521 1500 2585 inter
1521 2521 1640 2587 electos
1663 2526 1697 2587 et
1719 2523 1881 2604 reprobos,
1910 2525 2062 2607 quoniam
2084 2523 2140 2588 alii
2161 2523 2336 2590 calcitrant
2357 2537 2391 2588 et

391 2630 494 2693 guum
518 2628 690 2674 numerum
713 2605 890 2672 reduxerat
916 2606 957 2671 ab
980 2607 1103 2673 exsilio.
1147 2605 1240 2671 Idem
1262 2606 1360 2670 ctiam
1414 2606 1575 2670 ferociunt
1608 2605 1768 2672 adversus
1797 2609 1965 2689 stimulos,
1997 2615 2031 2674 et
2063 2610 2236 2674 obstinatis
2270 2611 2390 2674 animis

391 2693 552 2778 contingit
585 2694 618 2757 in
652 2692 813 2777 spirituali
847 2694 1062 2758 conversione
1102 2701 1168 2756 tam
1209 2701 1360 2772 respectu
1414 2702 1517 2756 ruunt
1547 2693 1580 2756 in
1611 2713 1702 2757 suam
1733 2693 1927 2776 perniciem:
1960 2694 2015 2759 alii
2048 2715 2126 2761 vero
2159 2714 2230 2761 sese
2263 2694 2390 2778 placide

390 2782 492 2846 totius
514 2779 658 2861 eorporis
681 2799 778 2860 quam
802 2777 1057 2861 uniuscuiusque
1085 2777 1231 2843 membri.
1277 2776 1362 2842 Cou-
1415 2777 1487 2840 Deo
1517 2778 1709 2844 subiiciunt:
1749 2780 1825 2860 quia
1855 2779 1911 2844 alii
1939 2789 2018 2846 sunt
2047 2780 2195 2864 reprobi,
2223 2780 2280 2844 alii
2308 2789 2388 2848 sunt

391 2867 568 2943 vertimur,
601 2862 872 2946 quemadmodum
907 2863 971 2928 iam
1005 2864 1092 2943 dixi,
1128 2862 1285 2945 paulatim
1319 2861 1360 2926 ad
1413 2861 1518 2928 electi.
1563 2863 1660 2928 Nunc
1682 2865 1839 2945 sequitur,

391 2950 512 3029 Deum,
534 2959 569 3015 ει
590 2970 649 3033 per
670 2960 776 3014 certos
798 2948 933 3033 gradus:
967 2949 1042 3032 quia
1064 2949 1263 3031 poenitentia
1284 2967 1361 3012 suos

389 3055 581 3120 progressus
604 3035 708 3100 habet.
741 3033 857 3117 Itaque
879 3034 961 3100 nihil
980 3035 1041 3100 erit
1064 3033 1203 3110 absurdi,
1228 3034 1256 3099 si
1278 3033 1362 3098 dica·
1501 3033 1551 3098 19.
1585 3033 1668 3114 octa
1684 3037 1852 3114 posquam
1873 3037 2049 3102 concertasti
2070 3057 2129 3120 aar,
2152 3038 2312 3119 poenituit
2332 3059 2389 3120 are,

389 3143 463 3187 mus
485 3121 675 3204 prophetam
699 3121 759 3186 suh
782 3140 921 3202 persona
943 3120 1053 3184 decem
1083 3120 1229 3185 tribuum
1251 3129 1369 3202 petere,
1415 3123 1443 3181 et
1463 3125 1632 3200 postquam
1660 3120 1799 3202 cognitae
1826 3140 1897 3184 eam
1924 3120 2004 3186 milri
2032 3120 2098 3206 (vel
2128 3131 2297 3188 ostensum
2328 3126 2390 3188 luit

390 3227 410 3271 a
431 3205 521 3283 Deo,
550 3216 589 3270 ut
617 3226 699 3287 opus
729 3223 824 3270 suum
846 3214 1074 3288 prosequatur.
1118 3205 1184 3270 Sed
1207 3205 1361 3287 quoniam
1415 3203 1507 3286 mihi,
1530 3204 1582 3268 vel
1605 3205 1725 3288 agnovi
1748 3225 1800 3269 me
1828 3205 1958 3289 ipsum),
1978 3209 2124 3288 pacari
2144 3208 2249 3290 femor
2269 3229 2390 3274 meam:

390 3291 511 3357 solutio
532 3288 590 3354 illa
612 3301 721 3356 coacta
743 3296 843 3367 esset,
873 3290 961 3354 malo
982 3289 1174 3374 simpliciter
1196 3290 1242 3354 ita
1264 3291 1363 3354 inter·
1409 3288 1599 3370 pudefactus
1620 3309 1709 3373 eam,
1738 3295 1829 3373 atquc
1850 3292 1944 3357 ctiam
1962 3292 2126 3376 malaeus,
2157 3295 2233 3375 qaia
2253 3293 2313 3359 tali
2335 3315 2390 3376 op·

389 3377 525 3460 pratari,
548 3373 692 3441 Οεευενιε
712 3395 770 3458 me,
792 3380 819 3438 et
840 3379 1016 3441 concerta:
1038 3376 1131 3456 quasi
1149 3375 1272 3440 diceret
1286 3394 1362 3456 pro·
1410 3375 1576 3455 probriam
1598 3376 1821 3442 adolescentiae
1842 3397 1936 3443 meac.

388 3463 506 3546 pheta,
535 3459 696 3538 Domine,
726 3461 788 3526 hoe
818 3466 868 3526 est
897 3467 991 3524 tuum
1020 3479 1110 3542 opus.
1155 3459 1228 3523 Non
1259 3461 1362 3544 igitur

391 3546 584 3629 simpliciter
601 3546 799 3610 infuturum
817 3557 945 3629 tempus
961 3545 1101 3628 respicit,
1125 3544 1181 3610 sed
1198 3545 1363 3627 praedicat
1499 3545 1571 3610 Iam
1594 3548 1803 3629 prosequitur
1825 3547 1981 3613 Ieremias
2002 3547 2089 3630 quod
2116 3548 2249 3615 broilus
2272 3551 2391 3634 attige-

389 3633 453 3698 Dei
479 3633 637 3716 gratiam:
671 3631 763 3713 quasi
796 3629 917 3696 diceret
951 3629 1101 3696 homiues
1134 3651 1199 3695 non
1231 3630 1362 3714 proprio
1414 3637 1474 3706 rat,
1497 3650 1616 3712 nempe
1639 3636 1677 3696 ιιι
1698 3633 1851 3698 ostendat
1873 3653 2011 3716 poenam
2034 3655 2118 3718 quae
2140 3636 2266 3702 indicta
2282 3637 2392 3701 fuerat

390 3729 480 3782 motu
510 3717 673 3796 conserti,
703 3715 760 3780 sed
783 3715 891 3780 Deum
920 3718 1048 3798 operari
1079 3735 1198 3780 aroana
1227 3716 1362 3798 spiritus
1415 3714 1592 3793 Israelitis,
1623 3737 1690 3780 non
1718 3720 1862 3784 caruisse
1892 3719 2009 3786 fructu.
2054 3719 2100 3783 ut
2129 3720 2210 3788 haec
2240 3722 2391 3787 doctrina

389 3803 441 3868 sui
464 3802 597 3885 virtute,
621 3811 658 3866 nt
680 3803 767 3885 ipsos
790 3807 969 3866 convertat.
1005 3802 1104 3867 Prius
1127 3802 1364 3867 confessisunt
1414 3802 1560 3883 apprime
1582 3813 1630 3868 est
1652 3801 1743 3868 utilis
1765 3806 1905 3886 cognitu.
1941 3803 2080 3888 Semper
2101 3807 2190 3871 enim
2208 3807 2391 3890 refugimus

389 3887 561 3954 Israeliten
591 3909 626 3953 se
659 3887 787 3952 utiliter
819 3887 994 3971 castigatos
1026 3888 1125 3954 fuisse
1155 3886 1219 3951 Dei
1253 3908 1363 3964 manu,
1414 3886 1571 3969 quidquid
1595 3888 1686 3952 carni
1709 3900 1839 3955 nostrae
1860 3889 1979 3955 durum
2011 3898 2078 3956 est:
2112 3892 2158 3956 ita
2186 3893 2215 3958 si
2245 3901 2333 3958 esset
2355 3894 2390 3956 in

389 3973 466 4056 quia
494 3993 600 4055 poena
621 3973 708 4055 ipsos
731 3972 902 4038 erudierit:
937 3992 1023 4038 nuuc
1046 3983 1153 4037 autem
1177 3972 1363 4056 adiungunt
1413 3979 1525 4036 nostro
1548 3973 1692 4048 arbitrio,
1715 3995 1885 4058 nunquam
1908 3974 2003 4041 nobis
2026 3977 2193 4058 placerent
2208 3977 2272 4042 Dei
2294 3979 2391 4044 casti·

390 4060 491 4125 luisse
515 4058 576 4123 hoo
598 4056 764 4142 singulare
785 4057 848 4121 Dei
872 4057 1074 4122 beneficium.
1107 4057 1202 4135 Nam,
1225 4068 1261 4123 ut
1284 4071 1362 4122 tuno
1413 4058 1571 4141 gationes.
1616 4059 1707 4142 Ergo
1730 4079 1861 4126 neeesse
1882 4069 1933 4126 est
1954 4063 2115 4145 respicere
2138 4063 2171 4127 in
2194 4063 2315 4146 finem,
2346 4065 2392 4128 si·

391 4145 569 4229 attigimus,
592 4164 716 4225 poenae
731 4155 808 4207 sunt
823 4143 935 4208 electis
950 4155 982 4207 et
997 4141 1141 4224 reprobis
1155 4163 1361 4210 communes:
1413 4143 1481 4207 euti
1503 4143 1600 4208 etiam
1626 4143 1803 4225 Apostolus
1829 4145 1863 4210 in
1893 4147 2032 4229 epistola
2061 4147 2102 4213 ad
2129 4148 2300 4214 Hebraeos
2330 4171 2391 4214 nos

392 4229 450 4294 sed
482 4230 558 4293 finis
587 4239 620 4292 et
650 4229 773 4294 fruetus
796 4248 975 4311 poenarum
1004 4228 1173 4312 longeest
1204 4228 1362 4306 diversus,
1414 4227 1577 4294 admonet.
1620 4229 1685 4295 Ubi
1709 4237 1816 4294 autem
1843 4233 2059 4315 perspicimus
2078 4231 2189 4299 Deum
2219 4234 2392 4300 oonsnlers

392 4315 468 4396 quia
490 4313 617 4397 reprobi
640 4316 746 4396 magis
767 4333 805 4379 ao
831 4314 935 4396 magis
964 4312 1201 4392 obdurescunt,
1231 4325 1361 4377 tantum
1414 4312 1513 4379 saluti
1536 4321 1675 4394 nostrae,
1698 4315 1774 4380 dum
1799 4335 1858 4382 nos
1879 4327 1997 4384 tractat
2015 4318 2113 4402 paulo
2130 4321 2288 4402 superine,
2311 4318 2392 4386 hino

392 4401 486 4464 abest
500 4410 537 4462 ut
551 4419 587 4463 se
604 4399 674 4464 Deo
696 4399 885 4464 subiicient:
909 4397 1002 4464 electi
1025 4406 1132 4465 autem
1154 4399 1361 4482 subiguntur,
1413 4398 1556 4464 mitescit
1589 4421 1626 4466 ac
1659 4399 1783 4466 lenitur
1815 4400 1907 4468 dolor
1940 4412 2067 4481 noster,
2103 4406 2297 4486 praesertIm
2331 4406 2392 4470 ubi

392 4484 470 4567 quia
490 4483 583 4548 Deus
613 4504 676 4549 non
705 4493 832 4548 tantum
861 4484 975 4549 ferulis
1003 4485 1070 4550 suis
1097 4485 1184 4567 ipsos
1213 4486 1361 4566 percutit,
1414 4485 1617 4566 experientia
1638 4485 1700 4551 hoo
1721 4485 1931 4567 demonstrat,
1954 4488 2049 4554 nobis
2071 4490 2169 4555 utiles
2191 4491 2291 4558 luisse
2312 4511 2391 4574 poe·

392 4568 571 4636 sedetiam
595 4569 682 4633 intua
705 4570 791 4650 ipsos
815 4569 942 4648 domat,
971 4568 1094 4654 subigit
1115 4590 1227 4634 eorum
1250 4589 1362 4650 super·
1414 4589 1481 4647 nas,
1504 4569 1709 4654 gratulamur
1731 4571 1832 4652 nobis,
1854 4580 1887 4637 et
1908 4574 2031 4657 gratias
2049 4576 2179 4658 agimus
2196 4575 2278 4654 Deo,
2302 4577 2391 4660 quod

393 4655 496 4732 biam,
532 4653 672 4736 denique
702 4655 803 4719 fleotit
832 4654 872 4718 ad
903 4653 1091 4736 obsequium
1120 4674 1233 4719 eorum
1265 4653 1363 4720 corda
1414 4674 1482 4720 non
1503 4657 1601 4720 luerit
1623 4676 1737 4738 passus
1760 4677 1818 4722 nos
1840 4660 1969 4741 penitus
1993 4660 2028 4723 in
2057 4661 2149 4726 vitiis
2179 4663 2302 4727 nostris
2331 4685 2392 4748 pe·

392 4761 451 4806 auo
473 4740 601 4823 spiritu.
642 4737 738 4804 Nune
760 4761 837 4822 ergo
859 4738 1072 4824 intelligimus
1095 4739 1265 4806 eonsilium
1288 4757 1362 4820 pro·
1414 4742 1489 4806 rire.
1542 4740 1634 4804 Haeo
1667 4742 1749 4806 ratio
1785 4751 1835 4806 est
1867 4759 1927 4810 our
1966 4744 2113 4828 pluribus
2153 4746 2262 4812 verbis
2303 4747 2392 4815 hane

391 4827 520 4909 phetae.
565 4824 650 4889 Nam
680 4822 743 4890 suh
771 4826 902 4890 nomine
930 4825 1042 4908 populi
1071 4826 1213 4909 primum
1245 4825 1363 4891 fatetur
1415 4825 1597 4890 doctrinam
1620 4832 1739 4892 tractet
1760 4828 1927 4912 propheta.
1973 4831 2062 4895 Dicit
2084 4832 2194 4915 igitur,
2220 4837 2392 4915 postquam

392 4911 507 4977 utilem
529 4910 629 4976 luisse
651 4930 799 4993 poenam,
822 4930 903 4993 quae
923 4911 1081 4976 divinitus
1099 4911 1205 4975 fuerat
1220 4911 1362 4974 inflicta:
1414 4911 1587 4977 coavatiati
1608 4931 1665 4994 me,
1687 4913 1739 4995 epi
1750 4914 1982 4995 poeniteniam
2015 4915 2198 4982 Confirmat
2217 4919 2302 5000 quod
2321 4921 2390 4984 iam

392 4997 509 5062 deinde
532 4995 683 5080 adiungit
706 4995 766 5062 hoo
789 5015 853 5059 nou
876 4997 998 5062 lactum
1021 5017 1091 5061 esse
1109 4996 1281 5060 homiuum
1297 4991 1367 5059 viri
1415 4995 1513 5072 dixit,
1543 5016 1660 5078 nempe
1689 5019 1760 5062 esse
1788 4999 1954 5080 peculiare
1977 5001 2039 5066 Dei
2066 5021 2149 5084 opus
2178 5023 2279 5085 quum
2309 5007 2392 5070 resi·

392 5092 473 5160 tute,
504 5082 580 5164 quia
602 5086 718 5163 sponte
740 5079 897 5146 redierint
918 5080 960 5145 ad
983 5101 1096 5145 sanam
1118 5085 1279 5157 mentem,
1307 5080 1364 5145 sed
1415 5082 1511 5164 pisoit
1544 5092 1708 5162 peccator,
1743 5104 1848 5167 neque
1880 5085 1913 5150 id
1950 5106 2045 5168 posse
2078 5087 2230 5152 humanis
2262 5089 2391 5155 viribus

392 5165 500 5232 Deum
524 5167 640 5249 spiritu
663 5188 722 5231 suo
743 5168 874 5232 flexisse
895 5186 1008 5232 eorum
1029 5165 1135 5248 eorda,
1159 5172 1285 5231 utnon
1308 5165 1364 5230 ob·
1415 5165 1571 5231 adscribi:
1606 5187 1643 5232 ac
1665 5168 1693 5232 si
1723 5167 1871 5237 homines
1900 5173 2031 5253 proprio
2060 5183 2151 5237 motu
2180 5172 2326 5239 redirent
2354 5177 2391 5240 in

393 5251 603 5318 durescerent
626 5250 666 5314 ad
689 5271 818 5333 poenas,
848 5272 954 5335 neque
976 5251 1211 5318 contumaciter
1233 5251 1364 5316 resiste·
1415 5253 1514 5316 viam.
1566 5251 1631 5318 Sed
1664 5255 1820 5337 quomodo
1849 5255 1910 5322 hoo
1939 5255 2061 5322 lactum
2095 5257 2166 5324 est?
2215 5257 2393 5342 Postquam

393 5342 477 5413 rent,
500 5345 537 5404 ut
560 5335 751 5420 plerumque
773 5340 843 5404 fieri
859 5339 952 5404 solet.
985 5337 1074 5405 Hinc
1088 5357 1166 5421 ergo
1181 5336 1364 5421 colligimus
1414 5338 1589 5404 coaualieti
1609 5358 1667 5404 mc.
1702 5339 1837 5422 Repetit
1858 5360 1937 5426 ergo
1960 5341 2032 5408 aliis
2054 5343 2163 5409 verbis
2183 5345 2271 5426 quod
2295 5346 2390 5412 dixe·
