5038 6118
361 421 421 486 139
1163 417 1550 485 Puauuuculottus
2296 421 2354 486 140

357 610 488 676 merant
521 609 700 692 promeriti.
756 607 868 689 Quum
907 629 986 694 ergo
1019 608 1110 673 Deus
1143 605 1331 689 eomplexus
1382 615 1415 672 et
1447 605 1660 689 opulentiam,
1691 616 1812 691 quanto
1843 609 1931 674 fastu
1964 606 2161 692 insurgunt?
2195 616 2228 673 et
2260 628 2353 692 quam

357 703 445 764 esset
461 713 517 760 eos
535 705 602 759 tem
619 692 867 777 incomparabili
885 715 1004 774 amore,
1023 713 1123 776 quum
1141 690 1332 775 plusquam
1382 692 1615 759 oontumeliose
1637 693 1791 760 reiioiunt
1817 693 1978 778 quidquid
2006 693 2072 759 illis
2094 693 2261 759 doetrinae
2282 715 2353 778 pro·

357 791 540 866 patremne
561 778 628 845 illis
656 778 876 863 praebuisset,
909 800 1019 846 nonne
1050 778 1133 844 baeu
1164 776 1226 841 init
1256 776 1332 858 plus
1382 776 1538 861 ponitur?
1568 778 1617 844 Er
1679 779 1741 846 hoo
1762 779 1882 844 misero
1904 789 2016 846 nostro
2037 777 2168 845 saeonlo
2190 777 2276 844 idem
2300 799 2354 844 ex·

358 887 456 952 quam
478 865 711 931 inexousabilis
738 866 901 948 pravitas,
925 887 991 931 non
1018 862 1216 946 respondero
1239 870 1331 928 tauto
1382 864 1528 947 perimor
1549 884 1592 946 qu
1658 863 1805 947 deplorat
1833 866 1993 949 propheta
2014 864 2046 930 iu
2070 863 2258 929 bominibus
2279 886 2355 930 suae

358 953 477 1031 amori,
511 950 697 1033 etquidem
719 951 880 1036 gratuito,
912 950 1029 1016 deiude
1058 956 1168 1015 tauma
1191 947 1330 1013 liberali·
1381 949 1510 1030 aetatis,
1544 970 1661 1032 nempe
1690 949 1776 1033 quod
1803 969 1898 1016 voees
1927 971 2005 1016 suae
2033 949 2168 1014 ederem
2198 949 2355 1016 adversus

357 1037 439 1104 tati?
471 1035 549 1122 quid
579 1038 666 1102 euim
697 1035 786 1102 ultra
813 1036 920 1119 potuit
947 1037 1055 1113 Deus,
1089 1054 1185 1118 quam
1217 1052 1331 1098 souare
1382 1034 1502 1099 Deum.
1555 1034 1644 1100 Hino
1679 1034 1846 1102 eonoludit
1873 1056 1907 1101 ee
1934 1037 2004 1101 iare
2028 1037 2100 1102 odio
2128 1035 2355 1101 tehersem

356 1125 485 1190 animae
518 1142 597 1189 suae
630 1121 780 1188 delitiae?
824 1121 915 1207 Ergo
947 1121 1098 1187 videmus
1132 1119 1330 1204 exaggerari
1381 1119 1611 1186 moditatem.
1655 1120 1769 1201 Quum
1791 1142 1879 1206 ergo,
1902 1122 2020 1204 inquit,
2050 1120 2176 1186 fuerint
2196 1121 2277 1185 mibi
2301 1122 2355 1185 lu·

356 1209 468 1293 populi
490 1209 614 1275 orimen
644 1207 696 1274 bis
724 1207 854 1291 elogiis,
888 1207 1007 1290 quibus
1040 1217 1150 1271 tamen
1183 1205 1331 1270 solebant
1382 1206 1453 1271 daei
1477 1218 1630 1288 tauquam
1649 1206 1760 1272 leuues
1773 1207 1808 1271 in
1824 1207 1928 1293 sylva,
1951 1227 2051 1290 quum
2068 1228 2127 1291 pro
2142 1207 2356 1273 obleetatione

356 1295 541 1378 superbire:
570 1293 664 1376 quasi
686 1292 818 1374 diceret,
845 1294 994 1359 Volitant
1017 1290 1148 1377 quidem
1168 1291 1252 1356 istae
1275 1311 1331 1355 vo·
1383 1291 1464 1356 mibi
1487 1292 1655 1356 horrorem
1679 1293 1861 1372 intulerint,
1883 1292 1961 1376 quid
1979 1312 2076 1377 agam
2096 1313 2171 1358 uum
2192 1291 2293 1374 ipsis?
2315 1314 2356 1358 au

356 1401 410 1448 oea
432 1380 467 1444 in
490 1379 616 1464 linguis
638 1379 769 1456 vestris,
799 1379 886 1463 quod
908 1378 981 1445 sitis
1004 1378 1066 1444 Dei
1089 1376 1275 1442 baereditas
1297 1386 1331 1439 et
1382 1397 1514 1460 possum
1538 1376 1604 1440 illio
1626 1398 1723 1461 agere
1747 1391 1902 1462 tanquam
1920 1380 1953 1443 io
1972 1379 2170 1462 patrimonio
2191 1389 2226 1442 et
2243 1378 2356 1444 haere·

356 1467 590 1542 sauotuarium,
621 1473 655 1530 et
676 1485 768 1530 amor
789 1464 875 1529 eius:
907 1464 964 1531 aed
987 1485 1025 1529 eo
1046 1464 1152 1547 magis
1173 1463 1252 1527 estis
1274 1460 1330 1526 de·
1382 1462 1486 1528 ditate
1519 1462 1616 1528 mea?
1650 1465 1740 1546 atqui
1769 1465 1927 1549 ingerunt
1956 1485 2009 1530 me
2042 1484 2104 1530 sua
2135 1463 2357 1547 improbitate:

357 1551 541 1629 tentabiles,
575 1549 660 1632 quod
682 1571 749 1616 unu
771 1549 976 1633 respondetis
998 1550 1119 1625 amori,
1153 1559 1185 1614 st
1207 1546 1330 1613 benefi·
1381 1548 1448 1614 imo
1476 1547 1634 1615 diabolioo
1664 1551 1793 1615 furore:
1827 1571 1895 1617 nou
1924 1551 2045 1615 mirum
2078 1551 2190 1635 igitur,
2223 1549 2253 1614 si
2284 1549 2357 1615 odio

355 1637 482 1703 oentiae
504 1635 583 1702 Dei:
607 1633 762 1720 dignatus
784 1644 835 1701 est
856 1657 916 1702 vos
936 1636 997 1701 hoo
1012 1632 1195 1701 ineredibili
1211 1653 1329 1708 amore,
1382 1633 1519 1699 babeam
1541 1635 1639 1717 ipsos,
1662 1637 1811 1717 quamvis
1833 1637 1956 1702 fuerint
1978 1657 2052 1701 mea
2073 1634 2268 1700 baereditas.
2305 1635 2358 1700 Its

356 1722 476 1789 extulit
497 1723 532 1787 iu
555 1730 686 1787 tautum
708 1721 885 1798 honorem,
920 1734 953 1787 et
974 1723 1099 1786 interea
1120 1718 1331 1784 contemnitis
1382 1721 1542 1803 propbeta
1574 1717 1677 1803 donet,
1708 1721 1791 1786 nihil
1819 1722 1974 1805 prodesse
2003 1719 2135 1787 Iudaeis
2165 1719 2253 1804 quud
2281 1720 2358 1786 olim

355 1807 482 1892 ipsum,
522 1815 568 1906 et·
588 1806 827 1873 contumaoiter
858 1806 1009 1873 resistitis
1043 1808 1113 1872 eius
1154 1805 1329 1881 doetrinae,
1383 1807 1505 1904 luerint
1537 1805 1698 1906 adoptati,
1732 1828 1833 1890 quum
1867 1829 1902 1873 se
1934 1809 2024 1890 ipsos
2055 1805 2303 1908 abdiuaqerint,
2327 1817 2358 1872 ot

355 1891 1113 2062 ttrmttttftttrtttttttttt,
1133 1891 1331 2042 tritt
1382 1891 1681 2076 ttt'tttltti
1694 1903 1928 2061 :ditet-t
1950 1893 2059 2044 dtr
2076 1891 2360 2044 {tibitibi}

355 2063 522 2148 Sequitur,
1382 2064 1573 2162 hypoontae
1595 2083 1631 2127 tu
1653 2064 1798 2142 eoelesia,
1821 2077 1933 2130 tamen
1954 2064 2077 2129 frastra
2098 2065 2186 2162 ipsos
2209 2063 2358 2164 gloriari:

399 2321 406 2334 ⁶
434 2235 473 2333 ·8.
503 2233 583 2302 Fut
601 2235 684 2301 aiibi
704 2234 882 2301 booeedilas
904 2254 974 2300 meo
994 2235 1089 2318 quusi
1110 2233 1154 2299 loo
1175 2235 1212 2332 ia
1232 2231 1331 2332 rylvo,
1382 2159 1843 2313 qqroqiuffiqqreffiqgrtrassaettqr
1862 2147 2143 2318 qgoffiueinffl
2165 2148 2287 2317 11:3qu
2284 2155 2361 2300 iiiii

354 2321 453 2387 edtdtt
473 2325 583 2388 mne
603 2341 652 2387 nte
680 2339 782 2386 worm
807 2341 910 2401 matu,
934 2325 1101 2403 propterea
1128 2320 1199 2385 odeo
1227 2336 1332 2399 speum
1383 2319 1507 2388 malitia
1528 2331 1562 2384 et
1583 2321 1790 2388 eontumaoia
1811 2321 1970 2388 adversus
1999 2320 2125 2403 ipsum:
2156 2318 2275 2385 derude
2306 2321 2360 2386 ubi

353 2405 459 2472 tutat.
1383 2406 1480 2557 gaiam
1501 2413 1706 2489 premuntur,
1726 2427 1793 2471 non
1811 2405 1965 2472 dubitant
1980 2407 2071 2472 virus
2086 2426 2184 2472 suum
2200 2425 2359 2470 evomere.

1450 2492 1550 2570 uitur,
2186 2522 2191 2528 ·

440 2577 538 2644 Nuno
559 2596 692 2642 eausam
714 2575 862 2660 assignat
883 2575 976 2642 Deus
996 2595 1056 2641 our
1077 2575 1231 2658 populum
1253 2575 1332 2639 velit
1409 2512 1448 2573 eq

354 2662 505 2728 abiioere.
559 2661 633 2728 Hoo
664 2660 752 2726 enim
787 2667 914 2744 poterat
943 2659 1047 2743 primo
1079 2660 1204 2725 intuitu
1235 2659 1332 2726 valdo
1469 2661 1500 2726 9.
1523 2662 1580 2726 Aa
1602 2663 1672 2726 oum
1688 2663 1776 2743 picto
1797 2661 1862 2747 (vel
1878 2662 1991 2741 tineta,
2006 2671 2065 2726 aut
2079 2661 2235 2747 eolorata)
2257 2662 2361 2728 boore

354 2747 535 2814 absurdum
569 2746 683 2828 videri,
720 2745 834 2812 foedus
865 2745 931 2810 Dei
965 2745 1036 2811 fieri
1068 2746 1210 2823 irritum,
1244 2744 1331 2829 quod
1383 2747 1470 2811 ditos
1501 2767 1570 2812 meo
1601 2747 1707 2811 mibi?
1741 2770 1784 2814 ou
1812 2749 1884 2813 ovio
1910 2748 2108 2814 intimidae
2139 2768 2236 2830 super
2263 2749 2360 2813 eum?

354 2833 524 2918 pepigerat
545 2853 619 2899 oum
642 2831 811 2898 Abrabam
834 2831 959 2898 eteius
985 2831 1121 2897 semiue.
1166 2831 1256 2916 Ergo
1278 2831 1333 2897 bio
1392 2832 1507 2914 Venite,
1526 2832 1658 2916 eolliyite
1675 2853 1730 2898 vos
1748 2832 1819 2919 (alii
1837 2834 2010 2900 manumve
2027 2832 2202 2916 aooipiunt,
2224 2852 2360 2918 eongre-

356 2917 499 2985 ostendit
520 2939 557 2984 ae
578 2937 646 2983 non
668 2938 740 2983 esse
762 2918 862 2984 nimis
883 2916 1036 3001 rigidum,
1058 2919 1159 2982 etiam
1181 2917 1210 2983 si
1232 2937 1333 3001 grave
1385 2923 1462 3002 gete
1483 2938 1597 2983 omnes
1619 2917 1752 2984 bestiae:
1778 2917 1836 2984 sed
1858 2917 2120 2984 subaudiendum
2142 2928 2203 2998 est,
2225 2937 2360 3003 oougre·

355 3003 552 3088 supplitium
574 3005 687 3088 exigat
707 3001 748 3067 do
769 3002 916 3080 Iudaeis,
950 3024 1011 3068 neo
1032 3022 1126 3084 posse
1148 3003 1332 3068 insimulari
1384 3013 1460 3087 gete
1482 3001 1565 3086 vos),
1587 3023 1692 3070 omues
1711 3005 1825 3070 basim
1841 3004 1914 3088 apri
1935 3003 2010 3089 (boo
2028 3015 2087 3082 oet,
2105 3023 2220 3070 omues
2239 3004 2360 3069 bestiae

354 3088 500 3154 levitatis
521 3101 577 3154 aut
599 3088 852 3168 inoonstautiae,
881 3088 967 3170 quod
998 3089 1085 3170 ipsos
1107 3087 1246 3166 reiioiat,
1275 3096 1333 3152 aut
1384 3088 1551 3173 agrestes),
1572 3090 1671 3154 orado
1692 3090 1736 3156 od
1755 3089 1966 3156 demeum
1984 3090 2101 3170 ipson.
2214 3141 2218 3148 .

355 3172 521 3255 repudiet:
554 3192 671 3254 omps,
705 3173 822 3254 inquit,
853 3173 918 3255 ferit
944 3173 1024 3238 mitt
1056 3172 1233 3239 inemtas
1263 3194 1333 3238 meo

353 3259 448 3342 queri
477 3259 522 3324 leo
548 3259 585 3322 ia
605 3258 704 3341 syloa,
738 3257 799 3322 boo
827 3265 886 3334 eet,
914 3277 982 3322 non
1012 3257 1117 3322 solum
1146 3257 1333 3341 petulanter
1469 3259 1672 3342 Prineipium
1700 3281 1818 3326 versus
1851 3260 1941 3326 varie
1969 3261 2154 3343 exponitur.
2200 3261 2361 3328 Diviuaut

354 3350 469 3410 eontra
495 3364 548 3408 me
576 3353 727 3426 egerunt,
756 3341 813 3408 sed
842 3341 964 3408 furiose
992 3342 1064 3407 ausi
1090 3352 1168 3407 sunt
1196 3363 1248 3408 me
1271 3344 1331 3407 im·
1384 3345 1533 3410 nonnulli
1555 3343 1608 3411 bio
1630 3345 1797 3428 designari
1818 3345 1983 3428 quandam
2007 3347 2150 3428 speeiem
2175 3347 2258 3427 avis,
2279 3367 2361 3430 queo

354 3437 475 3512 petere,
497 3426 773 3510 quemadmodum
796 3429 824 3493 si
847 3427 897 3492 leo
915 3429 950 3493 in
968 3427 1066 3512 sylva
1086 3427 1197 3510 rugiat
1217 3436 1333 3494 eontra
1384 3429 1523 3495 diversis
1544 3430 1705 3496 ooloribus
1726 3432 1770 3496 eit
1791 3432 1968 3515 variegata,
1990 3445 2025 3496 et
2038 3431 2147 3496 soleat
2167 3432 2202 3497 in
2226 3453 2262 3498 ee
2284 3453 2361 3499 eon·

354 3513 533 3580 hominem.
567 3511 659 3578 Deus
676 3534 755 3597 ergo
777 3512 833 3580 bio
849 3515 1062 3598 nonqueritur
1083 3511 1124 3577 de
1142 3523 1333 3595 oontemptu
1383 3517 1483 3580 eitare
1505 3514 1650 3597 reliquas
1671 3535 1785 3582 omnes
1807 3537 1896 3582 aves.
1940 3514 2008 3582 Sed
2029 3516 2112 3581 illud
2134 3526 2184 3582 est
2206 3519 2360 3584 frivolum

354 3601 423 3666 sui:
454 3597 573 3665 deiude
595 3599 753 3681 exprimit
773 3619 873 3682 quam
895 3597 1020 3665 furiosa
1041 3599 1142 3663 inerit
1163 3597 1331 3679 impietas:
1383 3611 1614 3666 oommentum.
1659 3601 1727 3665 Alii
1748 3613 1857 3666 autem
1885 3613 2065 3686 exponunt,
2090 3613 2125 3667 et
2152 3603 2259 3669 maior
2285 3625 2361 3688 pars

353 3684 439 3768 quod
468 3684 591 3784 seilioet
611 3683 727 3749 Iudaei
752 3685 866 3784 'quasi'
881 3683 1025 3783 belluino
1053 3684 1179 3766 impetu
1208 3684 1333 3748 fuerint
1383 3685 1527 3785 inqlinat·
1552 3686 1588 3748 in
1620 3684 1706 3750 bano
1731 3687 1938 3766 senteutiam,
1969 3688 2056 3770 quod
2081 3709 2160 3788 oyes
2190 3690 2258 3753 sint
2285 3711 2360 3754 sau·

353 3768 1332 3954 ttlttrtttt,tttttfflttgtfittttttttud
1382 3778 1769 3922 ttttttttffltt
1787 3772 2037 3941 iiiiii&
2052 3771 2361 3942 sibim

353 3938 442 4016 droit,
465 3939 657 4038 Haereditue
682 3939 838 4020 stenfort
865 3940 947 4005 rerba
974 3941 1070 4022 quari
1097 3939 1142 4004 leo
1168 3959 1212 4038 ra·
1230 3941 1331 4022 syloa
1383 3939 1476 4016 ditas,
1499 3941 1533 4006 id
1555 3951 1613 4022 est,
1633 3944 1719 4008 eirea
1741 3943 1977 4009 haereditatem
1999 3943 2129 4009 meam?
2155 3955 2191 4009 et
2212 3945 2268 4010 An
2290 3946 2360 4012 avis

353 4025 440 4092 Nam
462 4045 585 4091 surmus
606 4035 825 4109 utquomque
847 4023 1276 4103 obleotetauabaoredrtas,
1298 4032 1333 4090 et
1383 4027 1417 4091 in
1451 4026 1591 4094 oirouitu
1623 4025 1716 4093 eins?
1749 4027 1958 4114 Goniuuotim
1993 4029 2075 4095 haee
2101 4030 2217 4114 legunt
2245 4031 2360 4098 mdem

354 4111 603 4195 patrimonium:
641 4108 759 4176 deiude
789 4119 825 4175 ut
858 4109 1037 4193 tranquille
1068 4110 1161 4192 quasi
1190 4110 1225 4174 in
1254 4110 1332 4176 nido
1382 4131 1497 4177 sensu:
1534 4112 1607 4177 ideo
1642 4123 1761 4196 putant
1799 4116 1904 4197 repeti
1943 4113 2029 4179 idem
2066 4115 2207 4180 diversis
2240 4118 2360 4192 verbis,

354 4205 455 4280 agant
477 4195 534 4280 qui
556 4193 724 4278 possident
745 4194 949 4280 praediolum
970 4194 1112 4278 aliquod,
1136 4195 1240 4261 multo
1262 4215 1331 4260 ma·
1383 4217 1501 4279 nempe
1527 4197 1614 4280 quod
1640 4217 1719 4264 sves
1746 4200 1780 4263 in
1809 4200 1949 4266 oireuitu
1976 4199 2135 4266 advolent
2161 4210 2278 4267 eontra
2305 4202 2360 4267 Iu·

355 4283 422 4367 gia,
463 4281 519 4364 qni
550 4279 726 4347 latimndia
766 4280 942 4363 possident
998 4279 1096 4348 Nuuo
1127 4300 1206 4365 ergo
1239 4279 1332 4348 Dens
1383 4280 1496 4346 daeos:
1526 4282 1801 4364 quemadmodum
1824 4306 1902 4350 ares
1930 4285 2108 4351 trahuntur
2136 4286 2237 4352 odore
2263 4289 2359 4354 oada-

355 4365 500 4433 ostendit
521 4385 557 4433 se
578 4367 615 4431 in
637 4386 698 4432 sua
719 4365 922 4432 haereditate
943 4366 1043 4432 luisse
1064 4367 1157 4448 quasi
1178 4365 1215 4429 io
1237 4375 1332 4432 vasta
1384 4387 1508 4444 verum,
1530 4377 1564 4432 et
1579 4367 1733 4432 insiliunt
1754 4372 1935 4448 turmatim,
1958 4375 1996 4435 ut
2018 4391 2237 4456 unaquaeque
2267 4393 2358 4456 prae-

354 4461 388 4518 st
410 4451 541 4518 deserta
561 4449 674 4535 sylva:
695 4449 814 4518 deinde
836 4472 932 4535 agros
954 4452 1050 4535 ipsos,
1072 4450 1130 4532 qui
1152 4449 1332 4516 debuerant
1382 4449 1458 4516 dam
1479 4471 1574 4516 suum
1595 4453 1750 4536 aoeipiat:
1771 4465 1895 4538 postea,
1916 4469 2098 4538 sequuntur
2118 4458 2209 4524 serae
2227 4459 2358 4524 bestiae.

355 4557 427 4605 eme
458 4536 715 4615 obleotsmenta,
754 4536 852 4602 simul
891 4535 992 4602 etiam
1022 4536 1137 4601 vinem
1169 4543 1204 4600 et
1235 4545 1331 4619 prata
1384 4535 1450 4604 Sed
1472 4537 1555 4602 mibi
1581 4549 1698 4603 neutra
1727 4541 1888 4622 expositio
1916 4541 2083 4625 probatur,
2112 4553 2146 4607 et
2173 4555 2264 4609 uerte
2294 4565 2359 4609 nou

354 4621 458 4690 luisse
479 4623 514 4688 iu
536 4641 702 4688 summum
723 4621 902 4700 horrorem,
928 4620 1201 4705 quemadmodum
1230 4623 1260 4687 si
1281 4621 1332 4686 leo
1383 4621 1482 4687 babet
1502 4621 1682 4705 quidquam
1703 4623 1831 4690 eoloris.
1874 4627 1948 4710 Ego
1969 4628 2071 4711 igitur
2098 4629 2253 4694 existimo
2281 4651 2358 4696 eon·

354 4717 471 4774 eontra
491 4707 648 4773 miserum
670 4705 837 4772 bominem
865 4707 975 4791 rugiat
1001 4728 1041 4773 ao
1061 4707 1197 4772 saeviat
1242 4705 1332 4772 Dioit
1382 4706 1461 4772 ierri
1483 4728 1571 4773 nune
1591 4708 1707 4774 avibus
1737 4711 1860 4775 exteris
1887 4713 2056 4794 populum,
2082 4714 2358 4796 quemadmodum

354 4795 448 4860 dost
476 4811 578 4860 nomm
608 4791 753 4859 edidisse
803 4790 933 4872 Quibus
963 4789 1070 4858 verbis
1098 4800 1228 4858 aooumt
1255 4811 1330 4874 pro-
1383 4812 1488 4875 nuper
1514 4791 1608 4856 illum
1637 4794 1778 4859 eontulit
1806 4796 1971 4863 leonibus:
2000 4799 2095 4880 quasi
2122 4799 2256 4879 diseret,
2285 4801 2357 4884 Ego

355 4879 496 4946 tertiam
517 4876 647 4962 populi:
669 4877 774 4960 qualis
796 4877 895 4944 etiam
913 4874 1010 4942 hodie
1030 4877 1064 4942 in
1082 4875 1205 4942 mundo
1226 4877 1331 4943 nerni-
1383 4877 1472 4943 buno
1493 4878 1649 4960 populum
1670 4879 1754 4944 mibi
1775 4880 1947 4966 elegeram,
1977 4897 2015 4948 ut
2043 4893 2130 4950 emet
2150 4885 2235 4951 mibi
2265 4887 2357 4950 iami-

354 4973 421 5030 tur.
470 4963 556 5030 Nam
588 4983 688 5047 quam
716 4961 872 5028 audenter
899 4961 1119 5045 blasphemias
1147 4981 1224 5028 suas
1254 4981 1330 5027 evo·
1381 4961 1483 5042 liaris,
1516 4962 1792 5045 quomadmodum
1822 4967 1928 5033 solent
1959 4988 2039 5034 aves
2071 4969 2180 5054 oolligr'
2213 4973 2246 5035 in
2281 4991 2357 5036 snas

354 5059 452 5115 munt
472 5049 621 5133 papistae
641 5047 800 5114 adsumus
822 5045 955 5112 Deum?
984 5045 1161 5113 nebulones
1182 5054 1218 5113 et
1246 5047 1331 5130 quis·
1381 5067 1507 5126 navus,
1528 5049 1801 5130 quemadmodum
1830 5071 1910 5118 ores
1936 5055 1972 5118 in
1999 5073 2077 5120 suas
2104 5057 2228 5134 mulas,
2257 5057 2357 5123 boves

355 5134 478 5285 ὒιιοῦἰιο
507 5134 611 5217 plebis
644 5155 710 5200 non
739 5131 890 5199 dubitant
922 5133 1019 5215 pleno
1097 5139 1186 5198 tture
1216 5141 1332 5198 eontra
1382 5133 1481 5198 etiam
1503 5133 1622 5198 stalis
1644 5135 2113 5220 animalisquaeoieurautur
2129 5143 2302 5208 ooutineut
2322 5161 2356 5208 ee

409 5239 467 5284 um
487 5218 698 5286 iusolesoere:
730 5217 829 5285 aulioi
852 5225 1019 5284 autemst
1071 5217 1193 5300 piourei
1224 5216 1330 5283 bomi-
1381 5216 1472 5282 iutra
1490 5237 1551 5284 sua
1571 5231 1680 5301 septa:
1710 5223 1757 5286 ita
1784 5221 1840 5286 ubi
1860 5225 2020 5308 populum
2048 5225 2138 5292 buno
2166 5227 2250 5292 mibi
2281 5249 2355 5294 eon·

356 5325 425 5386 nes,
455 5309 489 5372 et
509 5305 568 5388 qui
595 5307 745 5390 seipsos
773 5305 936 5372 mirantur
963 5311 1097 5388 propter
1122 5301 1330 5387 splendorem
1382 5303 1526 5388 magari,
1548 5305 1662 5388 putavi
1685 5303 1767 5370 mibi
1788 5305 1857 5372 lore
1874 5319 2029 5392 tanquam
2048 5329 2127 5378 oves
2144 5311 2354 5380 domestieas:
