5038 6118
142 477 176 540 at
842 471 888 535 IN
910 470 1156 537 leuamen.
1201 471 1301 536 csP.
1322 469 1418 536 VIII.
2074 473 2116 537 22

142 661 320 744 postulant,
359 661 435 744 quia
473 659 594 725 scilicet
632 679 696 723 uon
728 656 919 740 expendunt
948 657 1031 721 iuste
1064 679 1098 722 se
1123 660 1126 728 l
1151 654 1284 738 Quare?
1318 657 1480 742 arripiunt
1513 657 1760 740 promissiones,
1795 657 1852 722 sed
1885 658 1956 724 siue
1989 658 2052 724 lide
2085 670 2118 724 et
2223 680 2225 682 ·

141 748 310 829 castigari,
349 746 497 812 reiioiunt
528 763 657 808 omnem
690 745 853 819 aeduam,
893 752 926 807 et
962 742 1100 826 abigunt
1151 745 1365 824 poenitentia:
1388 742 1480 809 Haec
1503 745 1630 825 requies
1653 762 1725 808 mea
1742 743 1776 807 in
1794 745 1960 811 saeculum
1978 744 2115 810 saeculir

142 843 296 914 quantum
319 833 353 897 in
375 851 410 897 se
432 839 498 896 est:
531 829 669 911 deniqne
700 836 871 894 accersunt
898 827 959 892 sibi
989 837 1099 909 stupe·
1151 829 1299 910 sequitur
1320 847 1398 912 ergo
1427 847 1486 892 nos
1513 829 1583 894 lore
1611 847 1741 911 semper
1769 827 1892 909 salvos,
1926 829 2004 912 quia
2026 829 2117 894 Deus

142 937 220 996 rem,
240 927 277 980 ut
298 937 333 981 ae
356 917 472 981 fallant
494 916 587 980 vanis
609 913 782 980 blanditiis.
818 911 905 993 Quia
926 913 1024 996 igitur
1039 911 1099 976 hoc
1152 933 1218 977 nou
1242 920 1346 994 potest
1368 913 1452 979 vinci
1475 912 1549 979 ullis
1572 914 1680 993 armis,
1702 913 1770 978 ulla
1789 913 1945 979 violentia
1961 914 2116 996 hostium,

142 1003 273 1068 solenne
295 1013 344 1066 est
366 1001 555 1084 hypocritis,
578 999 710 1064 reticere
731 1019 859 1064 omnem
882 1018 1013 1064 sensum
1031 998 1101 1064 irae
1152 1018 1251 1081 quum
1273 999 1451 1080 susceperit
1474 1019 1531 1064 nos
1554 998 1704 1064 insuam
1733 999 1886 1079 tutelam,
1918 999 1995 1082 quid
2024 999 2117 1064 nobis

143 1089 214 1164 Dei,
238 1095 458 1170 repraesentat
480 1084 519 1149 ad
541 1085 654 1150 rivum
675 1083 830 1149 Ieremias
859 1085 958 1148 talem
987 1093 1100 1148 contu·
1153 1083 1362 1148 metuendum
1391 1087 1464 1149 est?
1496 1084 1552 1149 sed
1581 1084 1713 1148 interim
1737 1084 1843 1149 Deum
1877 1096 2052 1168 spernunt,
2085 1093 2117 1148 et

143 1174 295 1252 maclam,
328 1173 383 1238 Aa
403 1191 464 1236 noo
485 1169 621 1235 Ielrooals
641 1175 686 1234 est
707 1171 741 1233 in
764 1168 864 1234 Sion?
896 1189 938 1232 aa
965 1188 1026 1234 aon
1045 1187 1102 1234 rae
1153 1179 1252 1232 totam
1275 1169 1344 1234 eius
1373 1168 1561 1234 doctrinam.
1607 1168 1765 1236 Videmus
1793 1189 1871 1254 ergo
1899 1170 1998 1235 luisse
2027 1169 2117 1236 stoli·

141 1261 210 1323 aias
230 1258 266 1322 ia
288 1259 351 1323 ea?
381 1276 457 1322 nam
478 1253 669 1320 insimulant
687 1255 792 1320 Deum
814 1253 982 1333 mendacii,
1012 1253 1103 1336 qnasi
1154 1253 1227 1318 dam
1249 1252 1439 1319 iactantiam
1460 1256 1493 1318 in
1517 1253 1635 1336 populo
1657 1253 1739 1333 ille,.
1758 1274 1857 1337 quum
1885 1255 1931 1319 ita
1953 1255 1986 1319 in
2010 1275 2117 1320 aerem

142 1345 228 1425 ipsos
251 1341 427 1427 deceperit,
461 1361 562 1423 quum
591 1339 754 1422 pollicitus
783 1339 883 1403 luerit
911 1359 945 1403 se
974 1339 1041 1404 l'ore
1069 1342 1103 1402 et
1153 1339 1347 1421 prolicerent
1368 1357 1496 1403 sacrum
1523 1359 1641 1405 nomen
1666 1339 1744 1418 Dei,
1777 1351 1809 1404 et
1837 1347 2008 1424 tergerent
2037 1340 2118 1405 dun·

142 1429 240 1504 urbis,
262 1439 296 1492 et
317 1429 417 1492 totius
439 1434 544 1490 terrae
567 1425 758 1508 praesidem.
803 1424 914 1505 Quum
943 1443 1020 1506 ergo
1047 1445 1104 1507 pu·
1154 1433 1246 1490 taxat
1267 1432 1374 1504 rento,
1398 1444 1497 1506 quum
1521 1425 1620 1490 animi
1643 1425 1787 1506 ipsorum
1809 1427 1902 1490 raoni
1925 1435 2034 1490 essent
2054 1423 2119 1491 fide

144 1523 252 1579 tarent
273 1512 381 1577 Deum
404 1511 465 1576 sibi
487 1508 677 1576 obstrictum
699 1530 770 1576 esse
792 1509 852 1574 hae
879 1509 1103 1591 promissione,
1154 1517 1186 1575 et
1208 1510 1335 1592 pietate.
1378 1508 1449 1574 Imo
1471 1529 1601 1594 semper
1622 1509 1802 1574 notandum
1824 1517 1874 1575 est
1900 1509 1985 1594 quod
2013 1530 2119 1592 nuper

143 1598 296 1664 audacter
317 1598 496 1663 fremebant
518 1593 674 1661 adversus
706 1616 798 1671 eum,
832 1593 921 1674 Quid
952 1595 1011 1660 hoo
1042 1592 1103 1659 sibi
1155 1594 1233 1670 dixi,
1256 1615 1321 1659 non
1343 1600 1471 1660 tantum
1494 1594 1616 1660 scilicet
1637 1595 1759 1660 frustra
1781 1597 1919 1661 confisos
1941 1596 2040 1660 fuisse
2062 1595 2119 1660 In·

143 1682 237 1748 vult?
282 1684 372 1748 Deus
394 1682 480 1746 enim
504 1679 601 1764 elegit
623 1680 685 1744 sibi
707 1678 795 1746 hune
816 1679 930 1757 locum,
953 1680 1007 1744 ubi
1030 1701 1103 1744 eum
1156 1681 1251 1746 dacos
1274 1680 1335 1743 hoo
1356 1679 1446 1744 inani
1468 1689 1651 1764 praetextu,
1673 1678 1729 1745 sed
1748 1679 1885 1761 superbe
1902 1680 2119 1746 insurrexisse

142 1770 263 1833 coleret
294 1789 397 1852 genus
429 1763 594 1833 Abrahae:
631 1764 692 1830 luit
723 1766 784 1829 hoo
816 1765 907 1847 quasi
940 1777 1104 1829 terrenum
1155 1765 1311 1829 adversus
1343 1765 1465 1841 Deum,
1500 1767 1591 1848 quasi
1623 1763 1750 1831 falleret
1779 1763 1887 1830 datam
1918 1764 1983 1830 illis
2012 1765 2117 1830 fidem.

144 1855 213 1920 eius
235 1872 388 1936 regnum:
411 1871 498 1916 nuno
520 1850 596 1933 quid
618 1850 678 1916 hoo
700 1850 763 1914 sibi
785 1849 864 1928 vult,
888 1849 972 1932 quod
996 1851 1105 1915 hostes
1156 1850 1353 1916 Promiserat
1385 1851 1473 1914 enim
1505 1849 1567 1914 sibi
1599 1850 1667 1915 iore
1700 1861 1863 1916 aeternam
1904 1852 2042 1932 quietem
2083 1851 2116 1915 in

144 1937 345 2005 adventant?
386 1958 428 2002 an
456 1937 545 2002 Deus
575 1955 719 2018 unquam
744 1936 912 2034 permittet
945 1937 1032 2019 ipsos
1058 1935 1105 1999 ita
1156 1933 1246 2002 Sion.
1295 1934 1390 2000 Nunc
1424 1935 1532 2018 ipsum
1564 1936 1783 2018 interrogant,
1816 1954 1873 2000 our
1907 1955 1971 2000 non
2005 1937 2120 2002 urbem

144 2022 308 2108 grassari?
343 2043 445 2106 neque
474 2022 561 2085 enim
592 2021 654 2086 hoo
682 2023 754 2085 fierr
782 2025 888 2103 potest
914 2024 991 2102 quin
1014 2021 1105 2085 Deus
1156 2029 1301 2096 tueatur,
1335 2020 1362 2086 si
1385 2019 1567 2086 habitatin
1591 2019 1695 2086 Sion?
1728 2020 1843 2086 deinde
1875 2042 1944 2087 our·
1963 2042 2023 2085 rex
2053 2042 2119 2085 non
2224 2027 2228 2036 '

143 2113 212 2192 ipse
252 2111 409 2172 vincatur.
465 2107 623 2170 Videmus
662 2126 739 2189 ergo
776 2123 930 2187 quorsum
970 2104 1105 2170 madent
1156 2105 1295 2172 sufficiat
1316 2104 1356 2171 ed
1380 2107 1490 2188 populi
1506 2105 1735 2185 defensionem,
1758 2126 1857 2188 quum
1873 2120 1980 2172 tamen
1996 2106 2119 2170 dictum

144 2193 320 2278 prophetae
353 2191 462 2257 verba.
514 2191 598 2257 Nam
630 2191 683 2256 hio
715 2190 862 2256 imitatur
894 2191 1104 2273 pervicaciam
1156 2200 1258 2266 esset,
1291 2189 1456 2272 Quamdiu
1478 2191 1526 2256 sol
1549 2199 1582 2255 et
1602 2189 1681 2255 luna
1702 2201 1799 2255 erunt
1828 2193 1860 2256 in
1883 2190 1988 2266 coelo,
2022 2192 2121 2257 stabit

144 2279 253 2362 populi
275 2279 335 2352 eni,
359 2287 393 2342 et
413 2277 527 2342 recitat
548 2277 649 2342 verba
670 2276 786 2358 quibus
808 2276 928 2340 solebat
953 2295 1105 2355 maguam
1157 2277 1272 2342 solium
1295 2275 1443 2340 Davidis.
1485 2275 1557 2341 Iam
1579 2277 1726 2358 sequitur
1749 2276 1810 2341 Dei
1838 2276 2020 2358 responsio,
2055 2275 2121 2341 Oaar

145 2375 270 2447 partem
292 2363 396 2428 solere
417 2363 475 2427 uti.
509 2360 593 2426 Nam
616 2363 710 2444 paulo
732 2366 809 2426 ante
825 2359 975 2438 vidimus,
997 2361 1106 2425 Nolite
1157 2381 1296 2445 erperae
1312 2366 1521 2442 provocaram
1541 2363 1575 2426 a'o
1596 2362 1665 2426 sale
1686 2361 1894 2442 sculptilibus,
1924 2361 2119 2426 densitati·

145 2449 308 2514 confidere
337 2449 372 2512 in
404 2446 512 2512 verbis
545 2445 719 2525 mendacii,
752 2446 902 2524 dicendo,
934 2446 1107 2528 Templum
1157 2447 1214 2512 bas
1251 2446 1373 2511 albei?
1422 2447 1487 2512 Hic
1525 2447 1669 2511 retundit
1708 2444 1798 2511 Deus
1836 2467 2006 2528 perversas
2045 2445 2119 2511 illas

147 2534 288 2609 Domini,
319 2533 476 2615 templum
499 2530 642 2613 Domini,
671 2532 825 2615 templum
852 2529 996 2606 Domini,
1026 2551 1106 2613 quo·
1157 2531 1385 2616 querimonias.
1440 2531 1536 2598 Unde
1567 2531 1749 2615 oolligImus
1789 2532 1935 2614 proximo
1975 2532 2120 2596 membro

146 2621 234 2684 niam
257 2618 418 2684 obstinate
439 2615 586 2681 solebant
607 2617 744 2682 obiicere
760 2616 830 2681 Deo
848 2636 966 2680 nomen
983 2616 1106 2698 templi,
1131 2564 1134 2680 l
1159 2617 1353 2698 descriptam
1387 2616 1486 2682 luisse
1515 2637 1534 2681 a
1561 2616 1699 2681 Ieremia
1730 2618 1965 2682 contumaciam
1999 2617 2118 2700 populi.

146 2723 184 2768 ao
213 2705 241 2768 si
272 2713 356 2768 esset
388 2701 520 2786 clypeus
553 2701 594 2766 ad
623 2699 824 2785 repellendas
851 2721 964 2766 omnes
994 2721 1107 2767 noxas.
1158 2703 1333 2768 Fremebat
1353 2702 1453 2786 igitur
1476 2700 1634 2768 adversus
1657 2701 1774 2780 Deum,
1797 2700 1882 2784 quod
1905 2723 1968 2767 non
1991 2721 2121 2768 succur-

146 2789 225 2854 Ideo
248 2809 333 2854 nune
356 2787 432 2853 dicit
454 2787 620 2869 propheta,
642 2785 770 2852 Aaron
784 2786 874 2851 Deua
890 2791 935 2850 esi
951 2789 986 2851 iss
1003 2785 1106 2852 Sion?
1160 2797 1246 2852 reret
1274 2788 1309 2851 in
1337 2796 1489 2868 tempure.
1533 2786 1625 2851 Deua
1653 2785 1794 2851 ostendit
1821 2806 1920 2869 quam
1950 2806 2121 2870 perperam

148 2872 272 2949 deinde,
300 2871 355 2938 Aa
376 2893 437 2937 nort
458 2892 516 2936 rea
536 2871 605 2936 das
625 2873 659 2936 io
679 2873 741 2938 ea?
785 2870 860 2937 Non
883 2880 1012 2936 tantum
1034 2893 1108 2956 per·
1159 2873 1206 2938 illi
1236 2880 1415 2954 querantur
1443 2881 1476 2936 et
1508 2873 1615 2955 ipsum
1648 2881 1807 2936 amusent.
1854 2871 1971 2952 Quare,
2005 2872 2119 2953 inquit,

147 2960 236 3024 suasi
257 2967 350 3023 erant
371 2957 485 3022 Iudaei
507 2954 613 3021 Deum
643 2959 702 3022 eibi
734 2958 800 3022 fora
826 2957 1019 3039 propitium,
1052 2957 1107 3022 sed
1157 2951 1364 3040 provocomnt
1394 2957 1467 3021 aaa?
1507 2977 1593 3021 nunc
1627 2955 1738 3021 dicunt
1770 2975 1805 3020 se
1837 2975 1908 3022 ease
1940 2955 2119 3033 derelictos,

48 3072 51 3078 ·
147 3044 226 3109 dum
248 3043 357 3109 oculos
379 3045 476 3109 etiam
500 3043 670 3107 vertebant
691 3044 725 3106 iu
748 3063 867 3125 regem,
897 3063 961 3107 non
984 3040 1110 3108 dubita·
1160 3043 1252 3125 quasi
1274 3041 1365 3107 nulla
1386 3050 1471 3107 esset
1492 3043 1527 3105 iu
1548 3061 1601 3105 me
1624 3039 1719 3105 fides:
1742 3060 1802 3124 ego
1824 3061 1877 3106 eos
1899 3061 1964 3106 nen
1982 3040 2120 3123 prodidi,

149 3131 227 3195 bant
249 3149 284 3194 se
305 3148 376 3193 esse
397 3129 430 3193 iu
453 3136 533 3192 tuto.
577 3126 692 3209 Itaque
720 3126 887 3194 iactabant
914 3128 974 3192 has
1004 3149 1108 3206 voces,
1161 3147 1264 3210 neque
1287 3124 1430 3206 deserui,
1462 3124 1519 3191 sed
1542 3126 1581 3191 ab
1603 3124 1682 3209 ipsis
1705 3125 1877 3192 derelictus
1900 3145 1983 3190 sum.
2025 3125 2122 3192 Nunc

148 3235 185 3281 ao
208 3215 235 3278 si
264 3224 374 3279 essent
401 3224 494 3278 extra
519 3233 648 3277 omnem
677 3213 779 3277 aleam
813 3211 961 3293 periculi,
996 3223 1031 3277 ut
1063 3212 1110 3276 lo·
1162 3227 1309 3277 tenemus
1348 3210 1518 3277 eonsilium
1559 3210 1743 3295 prophetea.
1799 3210 1956 3276 Videmus
1994 3210 2122 3294 quidem

147 3305 304 3383 quuntnr.
348 3299 432 3363 Nam
454 3299 573 3362 scimus
595 3297 671 3379 quid
695 3297 936 3380 pronuntiasset
958 3298 1048 3363 Deus
1070 3297 1110 3361 de
1162 3299 1335 3380 abruptum
1362 3317 1433 3362 esse
1462 3303 1665 3373 contextum,
1698 3297 1774 3380 quia
1800 3296 1958 3380 propheta
1983 3296 2123 3362 sustinet

149 3405 259 3468 regno,
282 3403 397 3464 nempe
420 3391 588 3447 aeteruum
610 3382 688 3466 lore,
710 3381 875 3462 Quamdiu
896 3391 992 3446 erunt
1010 3381 1059 3447 sol
1076 3391 1109 3447 et
1162 3383 1306 3448 diversas
1327 3399 1495 3465 personas:
1527 3380 1582 3446 sed
1605 3382 1640 3445 in
1662 3401 1789 3446 summa
1811 3382 1858 3446 rei
1882 3381 1963 3446 nihil
1986 3389 2034 3446 est
2056 3401 2122 3446 am·

148 3472 228 3534 luna
249 3470 284 3532 in
306 3469 410 3544 coelo,
444 3466 588 3532 manebit
609 3467 722 3531 solium
747 3466 895 3542 Daridis‚
930 3475 962 3531 et
983 3466 1110 3533 florebit
1162 3469 1306 3552 biguum.
1350 3466 1439 3532 Dicit
1461 3475 1569 3532 autem
1590 3465 1683 3531 Dens
1711 3486 1744 3531 se
1766 3471 1967 3548 prwooatam
1996 3486 2060 3531 aeae
2088 3466 2123 3531 la

148 3557 219 3620 eius
240 3554 410 3637 posteritas
439 3551 506 3638 (Pe.
529 3551 580 3630 89,
602 3551 652 3617 37.
675 3551 740 3638 38).
784 3551 838 3618 Sic
867 3551 967 3634 igitur
996 3551 1110 3618 adiun-
1161 3553 1371 3636 sospitibus:
1394 3552 1469 3618 hino
1491 3551 1637 3633 sequitur
1659 3550 1815 3633 templum
1839 3553 1936 3618 tuisse
1953 3551 2121 3634 pollutum.

149 3649 232 3724 gunt
251 3659 362 3721 regem
385 3637 465 3713 Deo,
487 3637 578 3720 quasi
601 3637 755 3717 dicerent,
784 3637 850 3702 Hie
870 3637 988 3703 colitur
1009 3637 1109 3716 Deus,
1163 3640 1253 3705 Deus
1274 3637 1404 3720 quidem
1427 3637 1619 3719 promiserat
1640 3656 1674 3702 se
1697 3636 1919 3701 habitaturum
1941 3635 2123 3717 intemplo,

149 3735 183 3789 et
205 3725 310 3788 virtus
332 3725 402 3787 eius
424 3723 458 3786 in
481 3723 602 3805 templo
623 3722 764 3788 habitat:
788 3721 903 3788 deinde
925 3743 992 3799 rex,
1015 3743 1108 3806 quem
1162 3723 1218 3789 aed
1241 3733 1329 3787 certa
1350 3723 1431 3806 lege,
1460 3741 1574 3804 nempe
1596 3719 1623 3786 si
1645 3742 1725 3804 pure
1747 3728 1780 3786 et
1801 3720 1945 3804 legitimo
1967 3722 2034 3784 ritu
2056 3719 2123 3786 illio

150 3810 243 3874 nobis
265 3808 429 3891 praefecit,
459 3817 583 3872 certum
613 3809 731 3891 pignus
752 3817 800 3872 est
821 3809 890 3872 eius
914 3811 1049 3891 gratiae,
1079 3819 1112 3872 et
1162 3809 1328 3875 coleretur.
1371 3806 1473 3888 Atqui
1503 3805 1639 3888 populus
1672 3807 1739 3870 suis
1771 3805 2025 3888 inquinamentis
2058 3806 2126 3889 pol·

150 3894 352 3978 perpetuitas
386 3893 481 3977 regni
515 3893 606 3957 nobis
645 3893 804 3973 promissa
843 3900 900 3958 est.
954 3892 1111 3976 Sequitur
1163 3894 1268 3959 luerat
1279 3892 1447 3976 templum.
1467 3890 1619 3956 Ostendit
1630 3891 1729 3974 igitur
1741 3889 1831 3955 Deua
1842 3890 1960 3954 iustam
1971 3911 2043 3955 esse
2051 3911 2125 3956 oau-

151 4000 237 4063 ergo,
260 3989 317 4044 aut
339 3979 526 4043 mendacem
548 3998 619 4042 esse
641 3979 765 4055 Deum,
799 3981 832 4041 et
854 3997 913 4042 nos
934 3979 1033 4042 fuisse
1056 3977 1111 4042 de·
1162 4000 1232 4045 aam
1247 3999 1306 4044 our
1320 3977 1511 4055 discesserit,
1533 3975 1802 4058 quemadmodum
1817 3975 1877 4041 hoo
1892 3975 1988 4040 latius
2004 3974 2124 4042 descri-

151 4073 261 4147 ceptoa
283 4066 374 4128 vanis
397 4063 467 4127 eins
489 4061 765 4146 promissionibus,
788 4071 845 4126 aut
867 4061 975 4126 hostes
993 4063 1111 4128 trustra
1162 4065 1249 4130 bitur
1278 4061 1363 4145 apud
1392 4062 1598 4127 Ezechielem
1625 4080 1693 4143 cap.
1718 4061 1768 4125 10.
1818 4059 1903 4125 Nam
1933 4061 1967 4125 in
1996 4061 2122 4126 visione

151 4157 325 4214 venturos:
360 4148 435 4229 quia
463 4147 517 4211 nbi
547 4148 655 4212 omnia
677 4149 890 4220 tentaverint,
921 4149 1028 4227 Deus,
1057 4148 1111 4230 qni
1162 4147 1302 4214 ostendit
1324 4146 1414 4211 Deus
1436 4167 1531 4213 servo
1554 4166 1613 4210 suo
1636 4166 1670 4210 se
1693 4145 1813 4228 templo
1828 4146 2025 4221 renuntiare,
2047 4147 2124 4229 quia

153 4243 261 4298 custos
293 4242 343 4297 est
375 4231 489 4296 salutis
522 4241 670 4309 nostrae,
710 4234 797 4314 ipses
837 4231 930 4297 laoile
967 4232 1111 4315 repellet.
1163 4233 1284 4300 scilicet
1306 4253 1371 4296 non
1393 4240 1518 4313 poterat
1539 4232 1666 4296 misceri
1689 4229 1757 4294 eius
1779 4230 1936 4296 sanctitas
1962 4230 2069 4312 impiis
2091 4237 2124 4294 et

152 4319 266 4384 Primo
287 4317 411 4416 intuitu
434 4317 563 4381 videtur
584 4318 644 4382 hoe
665 4318 827 4416 specimen
843 4336 913 4383 esse
928 4316 1012 4396 fidei,
1035 4317 1111 4382 dum
1163 4319 1265 4384 foedis
1288 4316 1572 4416 profanationibus.
1612 4315 1762 4416 ⁸Primum
1785 4315 1820 4380 iu
1838 4334 1956 4414 genere
1978 4317 2125 4415 nominat

152 4404 300 4565 h⁰0l¹f¹¹¹lt
314 4401 569 4552 hildilid
585 4402 762 4552 tltttt
780 4401 1113 4570 thurchil,
1162 4400 2123 4569 tt‘t‘lhlttlttllttt·.tf⁶tttttlt”.tttt³t.tl

153 4573 238 4654 quod
259 4573 386 4638 illustre
408 4571 572 4654 speculum
594 4581 665 4637 erat
685 4573 888 4656 praesentiae
911 4569 983 4636 Dei.
1028 4573 1113 4636 Nam
1164 4574 1204 4638 ab
1225 4573 1344 4637 exteris
1366 4571 1505 4636 mutuati
1531 4569 1596 4635 sint
1624 4570 1871 4653 superstitiones
1899 4570 2044 4651 patribus
2073 4571 2123 4634 in·

153 4678 252 4740 quum
286 4666 372 4722 esset
403 4657 510 4742 imago
542 4654 665 4721 Christi
699 4657 805 4722 David
843 4675 907 4721 nna
939 4677 1013 4722 cum
1047 4659 1113 4722 suia
1164 4659 1326 4740 cognitas,
1358 4655 1491 4738 perinde
1512 4673 1549 4719 ao
1570 4655 1598 4720 si
1621 4655 1740 4720 vellant
1761 4654 1871 4721 Deum
1899 4676 1917 4720 e
1947 4655 2067 4738 templo
2090 4662 2124 4718 et

154 4743 299 4824 posteris,
322 4762 388 4806 non
411 4743 515 4825 potuit
536 4741 623 4805 aliod
645 4741 808 4824 refugium
837 4743 947 4822 quaeri
970 4765 989 4806 a
1011 4741 1113 4807 fideli·
1165 4753 1231 4808 tota
1252 4752 1339 4808 terra
1359 4739 1530 4824 expellere.
1575 4737 1741 4823 Sequitur,

155 4827 229 4906 bus,
261 4847 360 4907 quam
392 4826 475 4910 qued
509 4827 560 4890 hio
594 4825 797 4891 describitur.
841 4825 907 4893 Sed
936 4828 1056 4891 seimus
1078 4835 1114 4890 ut

155 4912 342 4994 hypocritae
361 4920 512 4995 turgeant
534 4931 618 4976 vana
639 4911 846 4992 confidentia,
876 4931 975 4994 quum
1003 4923 1113 4976 tamen
1250 4913 1301 4977 20.
1327 4911 1470 4977 Transiit
1489 4911 1609 4990 mnam,
1629 4909 1722 4991 pinita
1734 4915 1789 4976 «eet
1809 4915 1921 4989 amma,
1944 4915 1973 4974 et
1992 4927 2050 4974 eos
2063 4927 2125 4974 raca

155 4997 248 5060 raoni
270 5015 402 5078 prorsus
422 5000 488 5061 aiut
509 4996 581 5061 lide.
614 4997 659 5060 Et
680 4997 725 5059 ita
747 5006 895 5077 proterve
917 4997 1114 5062 insolescunt
1165 5018 1273 5063 ramae
1294 4997 1418 5062 servoli.

156 5081 280 5163 quoties
302 5080 395 5145 Deua
415 5081 480 5146 illis
502 5081 655 5158 minatur,
678 5081 769 5164 qnasi
791 5102 863 5145 eum
887 5088 1037 5147 tenerent
1059 5081 1113 5146 de-

157 5167 300 5231 vinctum
322 5186 380 5231 suo
401 5167 541 5231 arbitrio.
580 5166 690 5247 Quum
713 5185 788 5248 ergo
812 5167 856 5229 ita
876 5167 1001 5231 soleant
1021 5167 1113 5249 impii
1250 5167 1321 5233 Iam
1344 5165 1404 5231 sub
1418 5185 1555 5248 persona
1570 5167 1667 5232 totius
1682 5164 1793 5250 populi
1808 5163 1948 5230 ostendit
1966 5164 2126 5247 propheta

156 5249 247 5315 abuti
268 5250 331 5314 Dei
354 5254 493 5325 nomine,
515 5271 580 5315 non
603 5252 721 5315 mirum
745 5257 794 5316 est
811 5251 839 5315 si
858 5251 969 5333 lingua
985 5253 1114 5316 imitan·
1166 5251 1272 5335 qualis
1293 5251 1479 5334 impendeat
1505 5251 1653 5317 conditio.
1697 5251 1771 5332 Quo
1800 5261 1943 5332 tempore
1972 5251 2125 5332 loquutus

157 5347 211 5400 tur
233 5337 301 5418 ploe
323 5335 385 5400 Dei
408 5335 555 5401 cultores.
600 5336 667 5402 Sed
689 5347 797 5401 tamen
820 5335 902 5400 nihil
929 5343 978 5401 eet
999 5337 1114 5402 simile.
1167 5349 1217 5403 est
1247 5337 1416 5415 Ieremias,
1449 5336 1562 5402 Iudaei
1594 5336 1654 5401 sihi
1686 5336 1793 5400 Deum
1826 5335 1893 5399 lore
1926 5335 2126 5401 defensorem

1888 5435 1922 5490 2.
