5134 6124
373 443 437 508 275
1184 432 1571 502 Pflaucucrloutts
2313 435 2374 500 276

374 630 632 716 praedestinatio
666 639 717 695 est
749 628 928 710 antiquitas
961 624 1049 702 solii,
1092 623 1132 688 de
1166 642 1230 707 qua
1262 644 1349 689 nnnc
1401 623 1533 688 luerent
1555 623 1706 690 collectae
1728 644 1747 690 a
1769 623 1842 690 Dec
1864 624 1899 689 in
1923 643 2026 690 unum
2050 644 2182 708 corpus:
2212 624 2268 690 ssd
2290 624 2375 691 solos

373 717 533 800 propheta
571 715 725 798 loquitur.
784 713 874 798 Ergo
912 712 1034 794 optime
1075 709 1230 774 convenit
1270 707 1349 773 baec
1401 707 1541 774 ludaeos
1570 719 1785 793 praevenerat
1812 710 1973 796 singulari
2002 709 2118 794 gratia.
2163 709 2276 792 Quum
2298 731 2375 794 ergo

374 803 555 870 sententia:
596 800 682 884 quod
723 798 848 864 scilieet
881 796 973 862 Deus
1007 796 1177 860 ornaverit
1209 793 1349 859 ludaeos
1401 815 1436 860 se
1458 794 1524 860 illis
1546 795 1805 875 manifestasset,
1834 806 1868 860 et
1890 804 2029 862 testatus
2051 804 2136 861 osset
2164 817 2199 862 εε
2221 795 2287 861 illis
2309 799 2375 862 fore

374 888 535 973 singulari
574 886 699 952 honore
738 895 770 952 at
800 882 1043 966 praerogativa:
1078 881 1229 964 qnoniam
1263 879 1350 944 inter
1401 880 1602 963 inpetrem,
1632 882 1671 947 ab
1695 881 1760 947 illis
1782 882 1844 946 fuit
1875 881 2058 948 derelictus.
2104 879 2215 963 Quare
2242 886 2375 948 notatur

373 975 462 1057 ipsos
485 973 635 1038 habitare
657 972 810 1054 voluerit,
840 989 903 1034 non
927 989 1020 1034 secus
1050 977 1148 1048 atque
1177 966 1212 1029 in
1242 965 1347 1030 ooelo:
1403 965 1455 1032 bic
1484 964 1637 1045 defectio,
1671 967 1764 1034 cuius
1797 967 1858 1034 soli
1891 965 2004 1032 ludaei
2038 976 2117 1034 tnnc
2149 969 2197 1032 rei
2231 968 2374 1047 fuerunt,

373 1061 420 1124 ita
443 1068 479 1125 nt
501 1058 645 1123 conditio
669 1058 796 1122 illorum
814 1065 898 1120 esset
920 1052 1068 1137 superior
1090 1061 1122 1118 et
1138 1049 1350 1118 excellentior
1401 1053 1556 1134 quoniam
1587 1051 1679 1119 Dens
1714 1052 1786 1120 illos
1816 1053 1878 1118 sibi
1908 1052 2143 1119 accersiverat:
2178 1053 2295 1119 deinde
2323 1073 2374 1118 ac·

373 1147 462 1211 omni
485 1144 629 1210 bumana
651 1143 762 1228 gloria.
807 1141 904 1207 Nunc
926 1139 1084 1222 sequitur,
1401 1148 1543 1203 cesserat
1566 1137 1606 1203 ad
1629 1139 1732 1222 ipsos,
1762 1147 1797 1204 et
1818 1148 2024 1223 percusserat
2053 1159 2126 1204 eum
2157 1138 2223 1204 illis
2253 1137 2373 1205 foedus.

1401 1221 1514 1303 Quum
1548 1244 1627 1306 ergo
1668 1226 1715 1290 ita
1753 1225 1926 1308 propinqui
1967 1235 2077 1290 esseut
2111 1223 2197 1304 Deo,
2239 1225 2376 1291 defectio

463 1316 513 1382 13.
538 1315 616 1397 Spes
638 1314 713 1400 (vel,
736 1310 949 1396 exspectatio)
972 1310 1077 1376 Israel
1099 1307 1249 1385 Ieltceatt,
1280 1309 1349 1390 qai·
1401 1329 1512 1374 eorum
1542 1312 1648 1394 magis
1677 1311 1741 1376 fuit
1768 1309 1975 1377 exsecranda.
2027 1310 2099 1376 Hoc
2131 1310 2292 1395 propheta
2327 1311 2375 1374 in·

374 1423 494 1486 cunque
505 1401 603 1468 obsta
617 1400 777 1468 discedunt
796 1398 861 1483 (vel
876 1397 975 1480 quite
991 1394 1233 1476 derelinquunt,
1249 1406 1349 1480 patr:
1402 1394 1529 1480 telligit.
1582 1395 1653 1460 Iam
1682 1395 1788 1474 addit,
1817 1396 1927 1462 Etiam
1955 1397 2010 1479 qui
2038 1395 2199 1480 deficiant,
2228 1398 2264 1462 ia
2291 1402 2376 1462 terra

375 1488 436 1555 hoc
459 1487 557 1554 verbo
580 1507 687 1571 nuper
709 1487 813 1550 fuerat
837 1505 915 1548 usus
939 1482 977 1547 de
1000 1480 1182 1564 perdicibus
1200 1478 1348 1564 loquens)
1400 1481 1580 1546 scribentur.
1625 1481 1678 1547 Ad
1702 1483 1836 1548 verbum
1865 1492 1966 1564 esset,
1997 1481 2063 1564 Qui
2086 1483 2241 1549 deficiunt
2271 1502 2373 1548 ame.

369 1573 546 1657 pudefient:
573 1574 627 1655 qui
656 1572 804 1653 deficiunt
832 1591 853 1634 a
882 1589 947 1653 me,
979 1569 1014 1634 ia
1042 1573 1127 1633 tarra
1158 1565 1350 1632 condentur.-
1400 1565 1485 1631 Nam
1516 1583 1525 1616 r
1552 1567 1587 1632 in
1616 1569 1681 1633 line
1709 1579 1758 1634 est
1785 1569 1913 1634 servilis
1935 1569 2040 1645 litera,
2062 1569 2159 1634 sicuti
2182 1569 2279 1633 multi
2301 1589 2375 1634 sen·

374 1661 450 1742 qaia
472 1659 702 1741 dereliquerunt
722 1656 820 1743 (idem
837 1665 886 1722 est
905 1652 1175 1740 verbum)fontcm
1192 1671 1349 1734 aquarum
1402 1653 1498 1718 tiunt.
1544 1652 1686 1735 Quidam
1717 1654 1815 1718 etiam
1838 1655 2030 1720 existimant
2058 1674 2129 1720 esse
2157 1655 2312 1732 verbum,
2342 1662 2375 1718 at

373 1745 539 1812 viventium
561 1744 719 1813 Ithacam.
1401 1753 1410 1788 t
1438 1739 1471 1802 in
1495 1739 1655 1822 principio
1677 1760 1749 1806 osse
1766 1748 1877 1805 notam
1894 1741 1997 1806 futuri
2012 1741 2183 1824 temporis:
2208 1749 2241 1806 ει
2259 1749 2376 1822 putant

1401 1825 1466 1906 legi
1488 1840 1498 1875 t
1524 1825 1558 1889 in
1589 1826 1655 1892 fine
1684 1847 1743 1908 pro
1767 1839 1787 1893 t,
1807 1839 1894 1907 litor,
1924 1825 1991 1907 qni
2019 1824 2184 1891 deficiunt.
2228 1825 2296 1890 Alii
2319 1846 2374 1890 vo·

462 1917 508 1981 Et
529 1915 592 1982 hoc
615 1935 711 1980 versu
736 1913 853 1980 melius
876 1913 978 1995 liquet
1006 1933 1160 1995 quorsum
1192 1909 1349 1994 propbeta
1401 1910 1475 1976 lunt
1497 1932 1568 1976 esse
1596 1933 1733 1992 nomeu,
1763 1921 1797 1978 et
1817 1924 1895 1980 tutet
1920 1913 2001 1995 legi,
2029 1932 2087 1993 pro
2110 1924 2228 1990 eruet,
2258 1909 2374 1991 Quoad

374 2023 481 2085 nuper
523 2000 801 2069 commendaverit
843 1999 1067 2066 excellentiam
1108 1997 1216 2083 gentis
1260 2017 1347 2076 suae,
1401 2016 1535 2063 sensum
1555 1999 1704 2081 pertinet,
1728 1999 1950 2064 satisoonstat
1965 1997 2156 2081 prophetam
2174 1999 2227 2064 bic
2244 1996 2375 2062 Iudaeis

374 2108 492 2170 nempe
511 2095 548 2153 ut
565 2109 624 2171 per
641 2085 914 2169 comparationem
931 2086 1040 2150 minus
1051 2083 1245 2151 excusabilis
1263 2091 1349 2148 esset
1401 2092 1552 2148 excutme
1591 2103 1708 2149 vanam
1749 2084 1903 2168 gloriam,
1943 2103 2009 2166 qua
2046 2084 2238 2168 turgebant,
2276 2102 2374 2165 quum

375 2195 489 2240 eorum
512 2174 671 2256 impietas.
704 2171 871 2254 Namque
888 2171 1055 2237 liberalius
1073 2167 1348 2237 nobiscumDeus
1400 2169 1619 2250 gloriarentur
1645 2192 1679 2236 εε
1707 2191 1777 2236 εεεε
1798 2168 1863 2235 Dei
1893 2171 2068 2252 populum,
2094 2181 2244 2236 sanetum
2267 2169 2373 2234 Abra-

375 2261 451 2344 egit,
474 2281 512 2325 eo
534 2259 675 2325 atrocius
705 2268 755 2323 est
783 2256 1028 2341 ingratitudinis
1057 2257 1191 2321 crimen.
1236 2253 1345 2336 Quum
1400 2255 1462 2319 bae
1484 2275 1597 2338 genus,
1620 2255 1731 2339 regale
1752 2256 1985 2322 sacerdotium:
2013 2256 2094 2322 baec
2116 2255 2227 2320 omnia
2249 2253 2375 2319 deridet

375 2365 454 2429 ergo
476 2347 510 2410 in
532 2345 671 2411 sublime
693 2345 799 2410 evecti
822 2352 933 2408 essent
955 2341 1082 2418 Iudaei,
1105 2342 1153 2406 ita
1175 2350 1345 2406 uteorum
1399 2351 1553 2422 tanquam
1577 2360 1679 2406 vana:
1711 2343 1802 2425 quasi
1832 2342 1969 2421 diceret,
1999 2341 2178 2406 Facessant
2206 2342 2290 2404 istae
2312 2341 2374 2404 tao-

373 2430 525 2497 nobilitas
548 2430 689 2514 fulgeret
710 2431 744 2494 in
767 2439 835 2493 toto
852 2427 982 2506 mundo,
1006 2429 1068 2493 fuit
1084 2425 1344 2511 magisdatesta·
1398 2426 1540 2505 tantiae,
1582 2447 1665 2509 quac
1703 2428 1819 2510 plenas
1858 2436 1937 2492 sunt
1973 2426 2158 2492 mendacio:
2200 2445 2261 2493 vos
2294 2426 2374 2490 estis

373 2517 447 2582 bilis
471 2538 582 2582 eorum
606 2517 810 2582 contumacia
833 2514 988 2580 adversus
1011 2512 1134 2578 Deum:
1159 2511 1275 2578 deinde
1297 2514 1343 2577 in·
1398 2522 1578 2594 apostatae:
1613 2533 1690 2596 argo
1720 2533 1838 2578 nomen
1869 2521 2015 2578 vestrum
2050 2514 2207 2595 scriptum
2244 2511 2305 2576 erit
2337 2512 2374 2575 in

373 2600 548 2686 gratitudo,
579 2621 679 2684 quum
701 2602 823 2666 reiecta
850 2600 919 2679 ille,
949 2598 999 2665 val
1030 2620 1087 2681 pro
1117 2597 1218 2663 nihilo
1248 2598 1346 2664 ducta
1398 2607 1494 2662 tarra.
1533 2599 1672 2663 Minime
1694 2597 1829 2664 dubium
1845 2605 1895 2665 est
1918 2610 2039 2664 terram
2063 2599 2116 2665 bic
2138 2598 2227 2662 coelo
2242 2596 2374 2681 opponi.

373 2689 478 2772 gratia
501 2697 567 2753 tam
590 2687 768 2771 singulari,
797 2685 974 2751 defecerint
1003 2684 1044 2750 ad
1074 2682 1176 2767 idola,
1206 2682 1246 2748 ad
1271 2705 1345 2767 spes
1399 2680 1569 2766 Scriptura
1585 2686 1681 2748 etiam
1697 2683 1862 2750 interdum
1880 2705 1998 2750 nomen
2020 2684 2112 2768 impii
2133 2683 2210 2749 dicit
2231 2683 2266 2748 in
2285 2689 2375 2747 terra

372 2794 485 2852 vanas,
508 2773 548 2838 ad
571 2793 725 2855 perversa
747 2792 806 2837 sua
820 2771 965 2836 consilia.
1000 2769 1143 2836 Perinde
1165 2769 1266 2854 igitur
1288 2780 1346 2850 est,
1398 2770 1589 2852 probrosum
1612 2771 1695 2836 foro:
1726 2769 1783 2836 sed
1811 2771 1965 2852 quoniam
1996 2791 2093 2852 saepe
2115 2770 2289 2852 acquirunt
2311 2767 2373 2832 sibi

372 2879 409 2924 ac
431 2860 459 2925 si
482 2859 642 2944 propbeta
664 2857 800 2932 diceret,
830 2856 919 2938 Quia
943 2854 1036 2921 nobis
1058 2854 1207 2939 prodest,
1236 2853 1344 2920 Deum
1398 2876 1516 2921 nomen
1539 2855 1673 2934 celebre,
1703 2865 1735 2920 at
1766 2856 1980 2922 honorificum
2009 2857 2046 2920 in
2075 2864 2178 2934 terra,
2212 2875 2271 2938 per
2296 2875 2371 2919 oon·

371 2944 492 3011 habore
525 2947 559 3010 in
592 2944 699 3010 medio
733 2943 854 3022 nostri,
889 2951 921 3007 at
956 2941 1114 3024 templum
1148 2961 1220 3006 essa
1253 2943 1345 3024 quasi
1398 2942 1576 3008 cessionem
1600 2939 1759 3024 propheta
1774 2940 1862 3020 dicit,
1885 2942 1981 3006 Esto:
2005 2952 2208 3008 censeatvcs
2231 2939 2374 3005 mundns

371 3031 570 3096 domicilium
595 3032 665 3096 eius
688 3039 860 3108 terrestre,
894 3037 930 3093 ut
953 3027 1156 3093 familiariter
1177 3027 1344 3093 nobiscum
1398 3049 1468 3094 esse
1489 3039 1639 3092 sanctum
1658 3049 1761 3110 genus
1780 3025 1943 3104 Abrahae,
1966 3032 1999 3092 et
2022 3025 2229 3092 benedintum
2250 3045 2372 3104 semen,

372 3117 544 3180 versetur?
572 3115 735 3198 quidhoc
762 3116 855 3181 nobis
877 3112 1032 3198 prodest?
1063 3114 1139 3195 quia
1161 3133 1256 3178 nemo
1278 3133 1345 3177 am·
1398 3127 1431 3178 at
1453 3113 1608 3197 populum
1637 3113 1794 3179 electum:
1826 3111 1967 3196 denique
1994 3123 2123 3197 arroget
2153 3113 2214 3178 sibi
2237 3113 2374 3196 quisque

372 3201 527 3282 plectitur
546 3201 632 3265 banc
662 3200 816 3284 gratiam:
851 3200 918 3264 imo
948 3208 1074 3281 sponte,
1108 3207 1142 3263 et
1168 3199 1260 3280 quasi
1290 3199 1344 3263 de·
1398 3209 1544 3266 vestrum
1568 3198 1722 3281 quidquid
1747 3198 1848 3264 volet:
1871 3197 1928 3265 sed
1950 3220 2071 3264 noman
2089 3210 2233 3265 vestrum
2258 3199 2374 3263 eritin

371 3284 509 3350 liberata
549 3286 674 3350 malitia
713 3284 883 3352 abiicimus
922 3293 1048 3349 tantam
1088 3284 1345 3362 beneficentiam,
1399 3295 1497 3362 terra,
1520 3284 1728 3350 etdelebitur
1749 3284 1784 3349 in
1801 3283 1899 3363 coelo,
1923 3284 1985 3350 boc
2008 3295 2067 3365 est,
2089 3283 2180 3350 nulla
2202 3285 2266 3350 erit
2282 3284 2374 3350 vobis

373 3391 456 3455 quae
480 3370 566 3436 ultro
589 3369 683 3436 nobis
705 3372 850 3437 offertur.
885 3368 1046 3433 Videmus
1068 3390 1146 3452 ergo
1169 3369 1249 3434 baec
1271 3389 1345 3435 con·
1398 3370 1600 3449 baereditas,
1638 3370 1730 3436 nulla
1758 3371 1864 3453 portio
1898 3370 1931 3435 in
1962 3390 2064 3455 regno
2096 3371 2168 3436 Dei.
2221 3371 2374 3452 Denique

371 3458 509 3525 iunctim
532 3455 650 3522 debere
671 3457 751 3542 legi,
780 3455 865 3538 quod
888 3455 1004 3522 solium
1029 3454 1152 3539 gloriae
1174 3453 1238 3517 Dei
1261 3463 1346 3520 esset
1398 3457 1570 3540 significat,
1593 3476 1702 3523 coram
1718 3454 1789 3520 Deo
1812 3465 1846 3521 ot
1862 3456 1988 3540 angelis
2007 3457 2077 3522 eius
2095 3454 2187 3522 nullo
2210 3455 2280 3521 loco
2302 3475 2374 3521 esse

370 3544 405 3609 in
434 3542 572 3610 Iudaea:
605 3543 737 3607 interim
771 3563 848 3607 vero
882 3542 1020 3625 populus
1053 3539 1107 3604 illa
1142 3539 1284 3624 maligne
1313 3548 1347 3604 et
1398 3540 1546 3621 ludaeos,
1570 3543 1647 3624 quia
1665 3541 1793 3624 indigni
1815 3551 1892 3607 sunt
1914 3561 1997 3625 quos
2016 3542 2107 3607 Dens
2129 3563 2188 3626 pro
2207 3542 2286 3607 filiis
2305 3542 2374 3606 suis

372 3631 528 3697 scelerate
552 3628 693 3712 gratiam
717 3627 778 3694 sibi
800 3628 942 3693 oblatam
967 3627 1131 3693 abiiceret.
1173 3625 1347 3692 Convertit
1398 3637 1538 3706 censeat,
1566 3648 1667 3710 quum
1691 3628 1798 3710 ipsum
1829 3628 1927 3710 impie
1958 3627 2202 3712 abnegaverint.
2248 3627 2373 3694 Conce-

371 3723 480 3780 autem
503 3735 537 3782 se
556 3713 715 3797 propheta
737 3713 779 3778 ad
798 3714 906 3779 Deum
929 3724 967 3778 ut
988 3712 1192 3779 stomachum
1215 3719 1347 3778 moveat
1399 3712 1448 3777 dit
1470 3713 1571 3796 igitur
1592 3712 1659 3777 illis
1681 3733 1801 3777 noman
1823 3714 1858 3777 in
1882 3722 1984 3778 terra:
2016 3714 2073 3779 sed
2104 3712 2241 3797 perinde
2263 3723 2313 3778 εει
2335 3733 2375 3778 ac

371 3799 511 3879 ludaeis,
535 3801 610 3883 quia
633 3799 709 3866 talis
730 3807 802 3866 erat
823 3820 934 3864 eorum
958 3800 1141 3881 pervicacia
1164 3805 1203 3863 ut
1222 3798 1347 3862 frustra
1398 3800 1425 3863 si
1459 3798 1581 3865 diceret
1614 3819 1669 3864 eos
1701 3797 1849 3884 improbe
1883 3799 2034 3880 mentiri,
2069 3797 2147 3863 dum
2182 3819 2218 3864 se
2250 3797 2377 3864 iactant

372 3906 428 3951 eos
451 3885 589 3951 doceret.
623 3885 714 3951 Dicit
733 3894 853 3964 autem,
877 3883 1013 3950 [edocati
1031 3885 1213 3967 exspectatio
1232 3883 1346 3966 Iacet,
1398 3885 1534 3950 electum
1559 3883 1731 3968 populum,
1762 3905 1861 3968 quum
1892 3885 1954 3969 ipsi
1987 3885 2022 3948 in
2051 3883 2193 3949 nibilum
2222 3884 2376 3968 redigant

371 3972 546 4056 quartaque
574 3977 602 4035 te
631 3971 851 4053 derelinquunt
874 3969 1047 4051 pudefient:
1085 3972 1176 4051 quasi
1214 3967 1344 4047 diceret,
1399 3970 1460 4035 Dei
1484 3970 1682 4049 electionem,
1709 3979 1867 4053 quantum
1898 3972 1932 4035 in
1955 3991 1989 4035 se
2012 3980 2070 4036 ast.
2115 3969 2234 4035 Postea
2256 3969 2375 4034 adinn-

371 4057 464 4124 Nihil
489 4055 632 4140 proderit
650 4056 769 4140 impiae
788 4053 1000 4132 multitudini,
1023 4075 1104 4137 quae
1120 4077 1184 4120 non
1206 4055 1345 4138 amplec-
1398 4057 1462 4140 git,
1500 4056 1584 4137 Quia
1615 4056 1844 4139 dereliquerunt
1875 4055 1990 4138 fontem
2018 4075 2176 4138 aquaram
2203 4055 2376 4120 vicentium

373 4144 454 4208 titur
476 4141 561 4208 banc
584 4141 785 4225 dignitatem,
817 4164 881 4227 qua
909 4161 1013 4226 genus
1042 4145 1191 4205 nostrum
1215 4140 1347 4206 excellit
1398 4141 1557 4206 laborem.
1598 4141 1782 4208 Confirmet
1804 4162 1897 4208 suam
1920 4143 2117 4207 sententiam
2140 4140 2309 4225 propbeta,
2332 4160 2377 4204 ne

371 4247 452 4378 Brea
481 4228 554 4293 aliis
583 4227 746 4312 gentibus.
798 4229 888 4294 Deus
922 4227 1006 4292 enim
1039 4226 1073 4289 in
1105 4226 1211 4291 medio
1240 4227 1345 4291 nostri
1398 4236 1512 4309 putent
1534 4227 1649 4292 Iudaei
1670 4249 1705 4292 se
1729 4229 1826 4295 nimis
1844 4248 1958 4293 severe
1975 4227 2140 4310 castigari,
2163 4247 2262 4310 quum
2286 4225 2376 4291 dele-

397 4313 514 4379 abitat:
544 4313 600 4380 sed
629 4315 685 4377 vix
716 4315 914 4380 centesimus
945 4313 1080 4395 quisque
1113 4313 1142 4376 ai
1173 4311 1345 4376 adhaeret:
1397 4325 1451 4376 tur
1474 4333 1491 4376 ε
1514 4313 1611 4379 εοεΙὶε
1627 4332 1738 4379 sorum
1755 4333 1892 4379 nomen:
1915 4312 2148 4397 Dereliquistis,
2170 4313 2285 4395 inquit,
2304 4311 2375 4394 fcrt-

371 4399 438 4464 imo
462 4420 576 4465 omnes
599 4399 721 4482 perfide
751 4399 858 4482 ipsum
889 4399 1127 4481 derelinquunt.
1171 4397 1346 4462 Pudefient
1397 4403 1624 4479 temoqunrum
1635 4399 1812 4464 vivacium.
1836 4398 1998 4480 Quisnam
2011 4397 2190 4463 estiDeus
2203 4397 2376 4483 (quamad-

370 4484 473 4570 igitur
495 4505 570 4551 cum
593 4506 653 4549 sna
675 4484 780 4569 gloria
801 4486 986 4568 quicunqne
1004 4487 1051 4549 ita
1069 4493 1230 4566 respuunt
1252 4481 1346 4548 bana·
1398 4483 1530 4547 modum
1553 4483 1678 4549 dictum
1700 4484 1764 4549 fnit
1789 4486 1896 4567 capite
1919 4482 2073 4568 secundo)
2096 4482 2188 4549 Deus
2218 4504 2253 4549 se
2281 4482 2377 4548 vobis

370 4571 482 4636 ficium
515 4568 598 4635 illud
633 4570 704 4635 Dei.
760 4569 800 4635 In
833 4591 962 4637 summa
994 4569 1152 4655 propbeta
1192 4568 1345 4633 admonet
1398 4568 1637 4634 manifestavit:
1660 4589 1769 4634 nonne
1792 4570 1825 4633 in
1855 4570 1926 4653 ipsc
1953 4569 2042 4637 vobis
2064 4574 2191 4635 constat
2220 4567 2319 4651 plena
2341 4577 2377 4632 ει

373 4657 495 4722 frustra
518 4665 550 4721 et
573 4664 694 4721 temere
716 4656 849 4740 gloriari
866 4656 1015 4734 Iudaeos,
1039 4655 1114 4738 quia
1136 4673 1241 4738 genus
1262 4654 1345 4737 ipso-
1397 4654 1501 4720 solida
1511 4653 1670 4721 felicitas?
1683 4653 1760 4738 quid
1772 4664 1880 4737 posset
1890 4657 1931 4722 ab
1945 4655 2076 4720 bomine
2088 4655 2219 4720 mortali
2232 4652 2377 4736 amplius

371 4764 445 4809 rum
475 4742 568 4808 Deus
596 4741 808 4823 adoptaverit.
853 4742 938 4808 Nam
968 4741 1194 4824 requirebatur
1223 4739 1344 4822 aliquid
1398 4741 1517 4823 expeti,
1550 4739 1605 4805 ubi
1635 4739 1755 4805 fruitur
1778 4739 1849 4805 Deo
1879 4761 1953 4822 suo,
1981 4742 2015 4805 in
2043 4762 2106 4824 quc
2135 4751 2185 4806 est
2214 4741 2376 4806 bonorum

371 4837 533 4906 mutuum,
558 4836 593 4893 ut
615 4827 737 4893 scilicet
759 4838 965 4894 occurrerent
987 4828 1049 4910 ipsi
1071 4825 1153 4905 Deo,
1184 4835 1216 4890 et
1239 4825 1344 4893 locum
1397 4828 1541 4891 omnium
1558 4824 1750 4909 planitudo?
1773 4825 1866 4892 Dens
1881 4849 1915 4893 se
1931 4827 2025 4894 vobis
2040 4827 2169 4906 obtulit,
2191 4834 2225 4890 ει
2242 4845 2377 4910 semper

372 4914 488 4980 darent
514 4915 583 4980 eius
612 4913 787 4980 beneficiis.
832 4913 942 4995 Quum
972 4923 1080 4978 autem
1111 4933 1264 4994 perverse
1293 4932 1344 4976 re·
1398 4912 1490 4978 vobis
1513 4911 1661 4994 exposita
1683 4921 1733 4978 est
1751 4913 1820 4978 eius
1838 4912 2024 4992 liberalitas,
2048 4909 2322 4996 quemadmodum
2344 4911 2375 4975 si

370 4999 546 5083 pudiarent
568 4999 639 5065 eius
660 4999 816 5082 gratiam,
844 4999 922 5082 quid
953 5000 1059 5082 potuit
1088 4996 1154 5064 illis
1178 4996 1344 5063 residuum
1396 4997 1520 5062 fontem
1537 4997 1705 5081 proferret,
1730 4999 1816 5064 unde
1832 4999 1872 5064 ad
1888 5000 2073 5064 satietatem
2089 4998 2221 5063 haurire
2242 4997 2375 5063 liceret:

371 5085 464 5152 esse?
488 5086 579 5169 Ergo
595 5086 681 5162 dicit,
706 5083 868 5167 Prrdeficat
887 5085 1061 5166 omnesqui
1080 5083 1346 5166 tcderelirrqauat.
1398 5104 1454 5149 ros
1477 5093 1585 5149 autam
1607 5083 1819 5168 dereliquistis
1838 5084 1953 5167 fontem
1975 5083 2067 5150 tuac.
2110 5083 2202 5167 Ergo
2233 5102 2375 5166 pereun-

369 5169 456 5236 Nam
479 5168 541 5237 hoc
570 5170 669 5237 verbo
697 5172 859 5256 significat
886 5171 1025 5237 Iudaeos
1057 5168 1155 5234 fuisse
1185 5169 1346 5252 quaesitos
1398 5168 1476 5235 dum
1499 5179 1547 5235 est
1568 5170 1664 5236 vobis
1685 5173 1756 5236 siti:
1782 5183 1814 5235 st
1832 5171 1958 5255 marito,
1981 5170 2131 5254 quoniam
2150 5178 2244 5234 tanta
2262 5177 2377 5236 rastra

370 5255 494 5322 aDao.
539 5256 652 5340 Neque
675 5257 761 5322 enim
793 5257 898 5340 potuit
919 5257 981 5322 boc
1008 5253 1073 5321 dici
1104 5252 1217 5319 ecdem
1247 5275 1345 5320 sensu
1396 5254 1596 5340 ingratitudo
1618 5256 1679 5322 fuit
1696 5267 1732 5323 ut
1753 5256 2014 5338 contempseritis
2029 5257 2177 5340 insignes
2199 5253 2283 5334 illas,
2306 5252 2376 5318 imo

370 5341 423 5408 vel
446 5342 517 5425 pari
540 5341 643 5426 gradu
666 5342 706 5408 de
729 5343 890 5428 gentibus.
931 5343 1017 5408 Nam
1040 5349 1155 5424 gentas
1177 5360 1344 5424 nunqnam
1397 5340 1649 5408 inaestimabiles
1674 5343 1735 5408 Dei
1758 5341 1889 5426 gratias.
1934 5341 2006 5406 Iam
2030 5343 2185 5424 sequitur,
