5118 6136
207 436 269 502 537
898 431 947 498 IN
970 430 1219 498 lamentant.
1265 428 1364 496 OAP.
1387 425 1519 491 XXVI.
2151 430 2217 497 538

208 623 494 708 {apitetoortoeeoit
507 623 543 688 ia
554 621 740 704 Aegyptam.
762 621 852 687 Hine
868 621 1054 704 oolligimns
1063 626 1188 701 quanta
1240 617 1338 696 oium,
1361 617 1415 682 nbi
1438 626 1506 680 tam
1529 614 1664 697 indigne
1694 616 1825 680 traotati
1854 615 1975 681 luerint
2004 618 2075 682 eius
2104 618 2216 684 servi?

209 709 307 774 luerit
333 711 420 793 regis
436 705 609 774 iracundia
627 719 660 771 et
685 706 872 781 erudelitas·
899 704 985 787 qnod
1000 727 1064 769 non
1082 705 1188 786 potnit
1241 701 1402 781 Quoniam
1433 721 1511 784 ergo
1541 699 1621 766 baeo
1650 701 1753 765 oratio
1782 709 1832 766 est
1858 703 2005 785 abrupta,
2035 701 2115 768 mibi
2142 723 2217 786 pro·

211 805 347 860 sanetur
363 797 413 860 vir
429 794 571 875 reperire
586 792 745 876 angulum
761 793 796 857 in
813 803 881 856 tota
895 790 1018 856 Iudaea
1034 793 1089 855 ubi
1105 789 1187 854 leto·
1240 787 1345 853 babile
1365 799 1423 864 est,
1441 786 1502 852 Dei
1521 785 1661 852 ooltorss
1676 786 1723 850 sio
1741 785 1842 852 fuisse
1860 787 2010 870 loquutus
2034 788 2216 856 veroonnde

210 889 271 946 ret.
293 879 366 945 Non
379 879 486 962 potnit
497 879 596 944 etiam
609 880 643 943 in
656 878 728 944 aliis
740 879 936 961 regionibus.
955 876 1046 959 Ergo
1057 883 1188 940 ooootus
1240 885 1273 939 et
1295 872 1418 950 timide,
1442 871 1603 954 quianon
1622 870 1785 937 audebant
1799 873 1906 955 palam
1923 874 2107 956 exprimere
2122 875 2215 958 quid-

214 974 265 1033 est
286 965 430 1031 latebrae
451 985 607 1046 quaerere
637 964 671 1028 in
694 963 767 1047 Aeg
791 975 856 1046 pto.
900 963 1020 1028 Postea
1046 960 1187 1042 additur,
1240 959 1316 1041 quid
1339 959 1467 1025 eratin
1490 957 1609 1022 animo.
1654 956 1727 1021 Iam
1750 957 1831 1023 base
1854 961 1952 1024 etiam
1974 961 2076 1024 verbo
2098 960 2216 1028 melius

209 1051 336 1117 mimate
362 1069 467 1132 regem
492 1051 589 1128 uiros,
618 1069 735 1132 nempe
796 1050 923 1125 laotos,
953 1049 1008 1131 qui
1037 1047 1186 1128 princeps
1239 1042 1402 1126 quadrent
1428 1044 1587 1109 Ieremias
1615 1041 1840 1109 defensoribus
1868 1065 1965 1126 quam
1994 1045 2153 1128 improbis
2182 1053 2216 1111 ιι

210 1139 275 1202 fuit
296 1136 484 1220 legationis:
508 1136 584 1218 qnia
605 1134 739 1200 dubium
758 1155 825 1200 non
840 1144 892 1198 est
907 1134 986 1216 quin
1001 1130 1184 1196 laboialrim
1239 1129 1417 1206 ιιιιιιιιιι,
1436 1129 1516 1210 qaod
1534 1127 1648 1194 seilicet
1663 1147 1721 1192 ree
1743 1131 1911 1210 quaesierit
1928 1151 1999 1195 eum
2016 1131 2059 1196 od
2077 1136 2215 1216 mortem,

210 1222 338 1288 miserit
360 1222 400 1286 ad
423 1241 534 1303 regem
556 1220 712 1304 Aegypti,
736 1230 769 1286 et
791 1231 988 1302 oonqnestus
1010 1218 1108 1282 inerit
1130 1217 1186 1281 bo-
1241 1214 1366 1292 deindo,
1394 1215 1475 1296 qaod
1497 1214 1619 1278 miserit
1639 1213 1742 1279 uiros:
1776 1225 1808 1278 et
1838 1215 2012 1280 nominant
2034 1215 2214 1300 Elnathan,

210 1310 334 1373 minem
357 1306 584 1371 turbulentum
608 1307 740 1390 fugisse,
763 1315 796 1372 et
817 1326 852 1370 ιι
873 1304 914 1369 ab
931 1303 1003 1387 ipso
1022 1313 1131 1385 potero
1150 1310 1187 1367 ut
1240 1312 1276 1364 ut
1300 1321 1375 1365 sum
1398 1309 1555 1383 perpetua
1577 1298 1754 1382 ignominia
1772 1299 1858 1382 apud
1877 1312 2022 1383 posteros
2045 1302 2214 1370 infament.

211 1394 364 1475 traderet,
381 1393 537 1474 quoniam
553 1397 641 1456 esset
659 1391 828 1474 fugitivus.
861 1388 918 1457 Sio
935 1409 1013 1472 orgo
1029 1396 1187 1452 retraotus
1241 1384 1412 1450 Postremo
1445 1383 1571 1449 addunt
1601 1383 1788 1468 proplietam
1821 1385 1923 1468 faisse
1953 1387 2103 1452 ιᾱιιιιιι.
2158 1386 2214 1452 Ιι-

211 1479 275 1544 tuit
305 1499 371 1543 non
405 1477 560 1560 potentia,
594 1475 650 1542 sed
684 1476 811 1542 notaria
843 1476 1000 1556 paotIone,
1034 1473 1186 1556 quoniam
1240 1471 1382 1554 dignitas
1404 1479 1490 1535 oerte
1507 1468 1638 1535 videtur
1662 1469 1716 1535 bio
1738 1480 1813 1536 ante
1834 1472 1944 1538 oeulos
1966 1473 2213 1555 repraesentari,

212 1562 363 1647 proditus
385 1563 449 1627 luit
471 1582 491 1625 ι
511 1582 590 1644 rege
611 1563 766 1646 Aegypti.
811 1561 956 1626 Tandem
981 1557 1122 1640 additur,
1144 1556 1188 1622 Et
1239 1555 1325 1638 quod
1347 1556 1672 1622 extraotusluerite
1695 1566 1783 1620 terra
1810 1556 1869 1622 illa
1894 1556 2056 1640 adquam
2084 1557 2216 1641 fugerat

210 1650 384 1715 materam
405 1645 516 1714 Uriam
538 1645 740 1732 eeAepypto,
762 1647 1002 1713 etoddaaerunt
1022 1644 1066 1710 od
1086 1663 1187 1726 repom
1239 1651 1395 1725 tanquam
1417 1642 1452 1706 in
1479 1640 1624 1725 asylum:
1658 1639 1784 1718 deinde,
1815 1641 1899 1725 quod
1928 1643 2087 1709 adduntus
2116 1644 2216 1710 tuerit

211 1733 399 1816 Ιιιοιιιιιι,
428 1733 486 1814 qui
512 1751 582 1797 mm
607 1733 757 1815 interfecit
777 1732 894 1816 plodio,
918 1735 1028 1812 posteo
1048 1730 1117 1795 eius
1137 1747 1186 1793 oo-
1240 1727 1281 1791 ad
1311 1747 1432 1810 regem,
1461 1725 1547 1808 quod
1580 1727 1776 1808 peronsserit
1805 1748 1880 1792 eum
1908 1728 2028 1812 gladio,
2060 1728 2122 1793 boo
2154 1739 2214 1809 ιιι,

210 1822 308 1887 daoer
324 1818 457 1900 proiecit
477 1819 514 1883 irs
535 1817 679 1898 repetem
707 1819 819 1900 plebis,
849 1836 967 1898 nempe
989 1815 1186 1898 ignominiae
1240 1811 1326 1895 qnod
1354 1810 1531 1878 erudeliter
1561 1833 1635 1878 eum
1665 1811 1836 1879 oooiderit:
1866 1813 2000 1898 deinde,
2029 1813 2115 1897 quod
2147 1835 2214 1881 non

211 1926 319 1972 oanea.
375 1903 460 1968 Nam
494 1903 548 1970 bio
583 1904 732 1987 sepulora
764 1902 869 1986 plebis
903 1913 997 1968 rooat
1030 1899 1187 1965 ieremias
1239 1907 1412 1964 eontentus
1441 1896 1503 1962 hao
1531 1899 1683 1978 saevitia,
1716 1899 1816 1963 otiam
1844 1901 2030 1982 sepulerum
2061 1900 2131 1964 eius
2162 1901 2213 1965 in-

212 1987 487 2074 quomadmodum
519 1989 635 2072 galline
664 1989 803 2056 dioimus
833 1989 990 2065 oarnaria,
1018 1985 1074 2050 dea
1099 1984 1185 2050 elsar-
1239 1984 1340 2048 lamia
1371 1984 1544 2048 notaverit.
1600 1982 1702 2060 Haeo,
1736 1985 2008 2068 quemadmodum
2037 1985 2103 2049 iam
2132 1984 2213 2064 dixi,

210 2079 306 2144 aiere.
365 2074 553 2141 Honoriiioe
587 2075 704 2140 divites
738 2088 770 2140 ιι
802 2072 971 2158 splendide
1008 2071 1103 2136 bodie
1136 2092 1185 2136 se·
1240 2068 1394 2135 videntur
1425 2069 1533 2152 magis
1566 2077 1749 2153 oompstore
1781 2069 1816 2134 in
1850 2079 1980 2137 sanatos
2013 2071 2119 2150 viros,
2158 2073 2214 2155 qui

211 2161 390 2246 poliuntur,
421 2171 455 2224 et
483 2162 599 2242 ouique
622 2169 673 2227 est
700 2181 796 2225 sunm
827 2160 1029 2242 sepulornm:
1066 2157 1185 2222 sedin
1239 2175 1369 2220 oausam
1400 2153 1560 2221 Ieremias
1588 2152 1741 2220 tuendam
1769 2167 1988 2239 suseeperant.
2034 2156 2132 2221 Nune
2161 2179 2212 2222 se·

211 2266 332 2331 magna
364 2247 461 2311 turba
494 2245 654 2312 oadavera
686 2246 917 2328 proiioiuntur,
956 2245 1032 2326 qula
1065 2242 1186 2307 nimius
1239 2243 1359 2323 quitur,

211 2341 365 2415 sumptus
392 2333 496 2410 fieret,
530 2331 559 2396 si
586 2332 725 2414 singulis
759 2330 957 2396 effoderetur
989 2328 1185 2411 sepulerum.

212 2417 353 2483 Videtur
375 2436 454 2498 ergo
477 2415 552 2481 talis
575 2417 674 2482 tuisse
703 2416 900 2483 eonsuetudo
929 2416 966 2478 in
988 2413 1125 2478 Iudaea:
1154 2425 1187 2477 ιι
1324 2411 1374 2476 24.
1406 2409 1623 2476 Verumtamen
1650 2427 1767 2478 monus
1794 2409 1949 2477 Atticam
1974 2411 2038 2492 filii
2071 2411 2213 2494 Septem

210 2502 283 2568 ideo
306 2502 437 2585 vulgari
458 2501 555 2566 modo
577 2502 740 2584 sepultum
769 2502 870 2567 luisse
892 2500 954 2566 Dei
983 2499 1185 2582 prophetam.
1236 2498 1300 2578 fait
1321 2517 1391 2562 eam
1413 2495 1557 2577 Ieremia,
1583 2516 1620 2560 ae
1640 2496 1816 2562 molimatur
1843 2497 1910 2578 ipae
1940 2496 2007 2580 (vel
2034 2518 2077 2561 ne
2104 2498 2212 2563 trade·

211 2590 264 2655 Ito
293 2589 479 2672 significant
511 2588 567 2669 qui
600 2588 787 2669 loquuntur,
821 2607 859 2651 eo
892 2605 995 2669 usque
1025 2583 1186 2648 exarsisse
1239 2595 1312 2648 rent
1327 2580 1450 2667 ipsum)
1464 2583 1499 2647 in
1513 2602 1643 2648 amarem
1654 2582 1767 2664 papali
1781 2583 1823 2648 od
1837 2581 2082 2664 interficiendum
2097 2582 2212 2664 msam.

211 2673 300 2757 regis
322 2675 415 2750 iram,
438 2681 563 2738 utnon
587 2682 714 2738 tantum
738 2687 842 2737 morte
860 2692 934 2735 oum
953 2667 1105 2745 alienoris,
1129 2669 1186 2734 sed

211 2769 432 2842 prosequutus
454 2759 498 2822 sit
524 2759 656 2842 longius
682 2779 776 2823 enam
800 2756 988 2832 vindiotam¹
1019 2768 1056 2819 nt
1087 2755 1185 2819 etiam
1325 2751 1423 2833 Quod
1444 2751 1498 2817 bio
1520 2751 1726 2818 adversativa
1748 2752 1909 2834 partioula
1926 2753 2061 2835 ponitur
2084 2773 2151 2817 non
2172 2755 2212 2818 fit

212 2854 341 2910 mortuo
363 2846 508 2909 inureret
530 2865 650 2909 novum
674 2843 823 2921 dedeous,
851 2842 928 2925 quia
951 2841 1114 2923 proieotus
1137 2849 1186 2904 est
1239 2840 1359 2922 absquo
1382 2838 1468 2902 insta
1490 2857 1595 2902 eausa.
1640 2837 1781 2902 Notatur
1803 2838 1891 2902 enim
1921 2837 2099 2916 eontentio,
2128 2859 2211 2920 qnae

211 2951 287 2998 enm
313 2930 448 2995 obseuro
477 2939 509 2993 et
539 2928 674 3012 ignobili
698 2928 805 3012 vulgo.
850 2927 1020 2993 Haotenus
1049 2925 1186 3007 exposui
1239 2925 1285 2989 ite
1308 2923 1512 3000 efferbuerat,
1535 2931 1573 2987 ut
1590 2922 1723 2988 diffieile
1740 2922 1839 2988 tuerit
1853 2935 2002 2988 sanetum
2019 2923 2212 3006 prophetam

211 3015 301 3081 buno
323 3016 429 3080 looum
451 3016 498 3079 ita
520 3025 557 3078 nt
578 3014 797 3098 relinquerem
819 3014 854 3077 in
884 3030 1043 3094 suspenso
1074 3019 1184 3074 utrum
1239 3007 1382 3074 eximere
1406 3006 1593 3073 disorimini.
1639 3006 1832 3092 Colligimus
1860 3029 1938 3092 orgo
1960 3009 2133 3073 Ieremiam
2164 3009 2212 3075 ita

211 3100 412 3187 probabilius
434 3100 485 3178 ιιι,
515 3099 668 3181 loquutos
690 3100 790 3165 fuisse
812 3098 922 3164 hostes
944 3095 1112 3173 Ieremias,
1142 3116 1184 3160 sn
1239 3094 1386 3179 graviter
1408 3092 1627 3175 periclitatum
1649 3094 1758 3172 fuisso,
1787 3102 1825 3158 ut
1850 3115 1915 3159 non
1938 3095 2009 3160 sino
2036 3114 2157 3178 magno
2179 3102 2213 3159 et

211 3208 292 3252 vero
315 3187 385 3251 eius
408 3193 573 3266 patronos.
607 3185 680 3249 litei
698 3194 818 3259 autem,
841 3192 878 3247 nt
898 3181 965 3246 iam
987 3181 1036 3245 bis
1058 3181 1111 3246 vel
1134 3191 1185 3245 ter
1238 3179 1340 3245 arduo
1362 3179 1539 3244 oertamine
1559 3179 1653 3243 illnm
1682 3179 1866 3245 servaverit
1888 3178 2058 3246 Aebioam.
2101 3179 2212 3246 Huius

211 3293 284 3339 sum
307 3278 457 3350 testatus,
481 3291 546 3334 non
569 3270 678 3336 reiioio
698 3269 861 3336 diversam
883 3267 1119 3349 expositionem
1143 3266 1184 3331 ab
1239 3265 1302 3330 viri
1324 3265 1454 3346 saepius
1476 3265 1513 3328 fit
1534 3267 1658 3329 mentio
1680 3266 1714 3330 in
1737 3285 1830 3331 saera
1851 3265 2004 3331 historia:
2030 3277 2064 3329 et
2085 3277 2210 3349 repete·

210 3378 250 3423 ea
272 3378 371 3440 quam
401 3355 594 3438 amplootor:
630 3367 739 3420 tamen
773 3354 853 3419 mibi
881 3352 1095 3418 verisimilius
1124 3363 1184 3435 est,
1238 3356 1293 3416 tur
1315 3351 1414 3415 etiam
1443 3363 1556 3432 postea
1583 3350 1654 3417 aliis
1682 3351 1762 3416 loeis
1790 3351 1860 3415 aius
1888 3372 2017 3416 nomen.
2062 3351 2213 3417 Reliotus

212 3443 358 3510 habitum
388 3441 489 3507 luisse
518 3440 607 3506 buno
637 3461 819 3505 sermonem
850 3460 869 3504 a
896 3439 960 3520 piis
988 3437 1184 3517 bominibus,
1238 3437 1336 3502 etiam
1359 3437 1420 3501 tuit
1442 3445 1480 3500 ut
1509 3447 1673 3519 praeesset
1695 3435 1823 3501 residuo
1849 3435 1971 3518 populo
2001 3443 2075 3520 post
2096 3436 2211 3501 urbem

211 3530 270 3613 qui
292 3548 425 3594 oausam
441 3525 601 3592 Ieremias
619 3525 833 3592 sustinebant.
869 3522 1026 3608 Singulas
1042 3523 1185 3588 rationes
1237 3523 1389 3587 dirutam.
1441 3521 1486 3586 Et
1513 3541 1579 3586 non
1607 3520 1741 3586 dubium
1771 3531 1820 3586 est
1852 3525 1932 3602 quia
1965 3519 2149 3604 perrexerit
2176 3522 2211 3585 in

211 3615 329 3699 quibus
351 3633 485 3678 moveor
509 3612 560 3678 bio
578 3633 644 3677 non
662 3610 830 3677 adduoam.
863 3610 978 3675 Potest
996 3610 1081 3673 onim
1097 3608 1184 3690 qnis-
1237 3607 1346 3674 studio
1368 3607 1508 3690 pietatis,
1531 3619 1563 3671 et
1585 3605 1684 3672 luerit
1705 3607 1758 3672 vir
1779 3607 1849 3672 inte
1873 3628 1918 3683 er,
1942 3620 1974 3671 et
1996 3607 2090 3672 onius
2112 3605 2211 3671 etiam

210 3721 273 3785 que
296 3700 381 3783 apud
405 3719 440 3764 ss
462 3699 544 3764 satis
565 3710 727 3780 reputare,
757 3718 816 3764 our
840 3697 925 3761 bano
947 3695 1184 3778 expositionem
1237 3695 1377 3760 virtutes
1399 3693 1434 3756 in
1457 3691 1561 3774 pretio
1589 3701 1700 3758 esseut
1728 3691 1814 3776 apud
1871 3691 2125 3769 obuehadneaor‚
2155 3692 2211 3774 qui

97 3811 107 3825 ·
209 3787 316 3869 magis
338 3783 526 3867 ampleotar.
570 3783 683 3848 Movet
705 3786 804 3848 etiam
834 3803 886 3846 me
914 3780 1096 3846 eommunis
1118 3780 1185 3846 fers
1238 3800 1312 3844 enm
1335 3777 1488 3927 ιιὶιιιιι
1511 3788 1560 3842 ιιι
1582 3777 1639 3842 tali
1665 3777 1799 3842 honore.
1843 3777 1922 3841 Fuit
1943 3777 2041 3859 paulo
2063 3792 2135 3859 post
2157 3797 2211 3843 oo·

211 3874 427 3953 interpretum
455 3888 642 3944 eonsensus,
673 3888 778 3950 aquo
801 3888 866 3932 non
888 3865 1028 3932 libenter
1056 3864 1185 3930 disoodo
1238 3865 1323 3929 oisus
1357 3883 1376 3926 ι
1425 3862 1579 3946 improbis
1606 3874 1640 3927 et
1668 3862 1833 3929 sooloratis
1863 3860 1921 3928 sed
1950 3860 2032 3927 nibil
2066 3861 2106 3927 de
2139 3862 2211 3945 ipso

210 3956 275 4022 nisi
308 3963 403 4037 nogat
436 3954 623 4029 necessitas,
654 3953 706 4019 vel
740 3973 793 4018 res
824 3952 896 4035 ipsa
927 3949 1079 4016 ostendat
1110 3951 1185 4014 illos
1239 3950 1379 4014 retertur
1401 3948 1465 4013 uisi
1486 3947 1583 4013 laude
1598 3947 1744 4034 dignum.
1779 3947 1851 4016 Hoo
1866 3957 1953 4013 oerte
1973 3948 2035 4012 tuit
2052 3947 2211 4012 eximium

211 4061 347 4108 errasse.
381 4038 448 4106 Sed
469 4040 628 4123 prinoipio
646 4039 787 4104 vidimus
809 4058 875 4102 ono
892 4046 1047 4101 oontextu
1070 4035 1184 4100 reterri
1238 4033 1382 4112 latinus,
1420 4033 1505 4116 quod
1537 4035 1584 4099 ιιι
1617 4055 1716 4100 ausus
1748 4034 1812 4099 tuit
1844 4053 1880 4098 se
1911 4053 2075 4116 opponere
2108 4033 2211 4097 lnrori

211 4127 293 4193 baso
315 4124 380 4191 duo
399 4125 559 4208 exempla,
581 4135 614 4190 et
632 4125 715 4189 nibil
734 4123 876 4189 medium
895 4122 1074 4204 interponi:
1098 4120 1185 4186 unde
1237 4121 1336 4184 totius
1359 4119 1470 4202 plebis,
1493 4129 1525 4184 et
1547 4139 1751 4204 oompesoore
1771 4117 1956 4184 saoerdotes
1971 4129 2003 4183 ot
2018 4119 2117 4184 salsos
2135 4137 2209 4200 pro·

210 4212 371 4281 ooniioere
397 4210 502 4287 limat,
531 4211 641 4276 hostes
662 4210 822 4276 Ieremias
850 4229 928 4274 snas
955 4206 1110 4272 habuisse
1138 4206 1184 4270 lo·
1238 4206 1364 4288 phetas,
1394 4204 1450 4286 qui
1479 4205 1749 4286 oonspirarerant
1776 4204 1811 4268 in
1841 4215 1978 4269 mortem
2007 4203 2112 4269 saneti
2136 4203 2209 4267 riri.

210 4296 330 4382 quendi
363 4305 480 4379 partes.
533 4293 649 4361 Oratio
681 4295 783 4380 igitur
815 4293 1018 4360 demonstrat
1044 4290 1184 4375 eosdem,
1238 4290 1330 4356 Haeo
1357 4290 1458 4373 igitur
1485 4291 1569 4355 ratio
1597 4301 1647 4356 est
1676 4311 1735 4356 our
1763 4299 1927 4372 postremo
1955 4289 2112 4369 addatur,
2140 4307 2211 4353 oum

210 4384 267 4468 qni
289 4382 383 4447 initio
409 4381 532 4464 loquuti
554 4389 659 4459 erant,
687 4401 870 4448 sermonem
897 4399 992 4444 snum
1023 4379 1183 4460 prosequi.
1239 4375 1377 4441 Ieremia
1406 4374 1509 4458 faisse
1540 4395 1671 4441 manum
1697 4374 1861 4455 Atticum,
1891 4374 1953 4440 boo
1982 4383 2048 4453 est,
2078 4375 2210 4439 tametsi

210 4468 308 4551 Quod
331 4475 441 4534 autem
464 4487 529 4532 non
551 4466 710 4534 adiioiunt
731 4486 887 4550 quorsum
917 4464 976 4530 boe
997 4463 1183 4547 exemplum
1238 4461 1377 4546 populus
1410 4460 1555 4540 furebat,
1593 4459 1710 4527 deiude
1742 4461 1928 4526 saoordotes
1960 4481 2028 4525 non
2061 4467 2211 4543 poterant

171 4557 172 4560 ’
210 4553 426 4639 protulerint,
460 4552 580 4617 mirum
614 4572 678 4618 non
708 4563 766 4618 est.
816 4551 899 4616 Erat
927 4552 1014 4614 enim
1044 4550 1185 4630 impetus
1238 4547 1307 4613 ullo
1343 4546 1437 4611 modo
1473 4546 1593 4629 planari
1628 4547 1708 4630 quin
1748 4555 2022 4630 persequerentur
2060 4552 2210 4611 sonetum

209 4641 298 4725 regis
336 4637 565 4704 formidabilis:
613 4648 646 4703 et
691 4638 757 4703 iam
803 4636 968 4721 speoimon
1006 4655 1073 4699 non
1114 4633 1184 4699 vul·
1238 4635 1355 4710 virum,
1379 4631 1536 4699 thioam
1560 4643 1671 4698 tamen
1694 4653 1759 4698 non
1785 4633 1910 4696 flexum
1934 4630 2033 4697 tuisse
2055 4652 2075 4696 a
2096 4639 2210 4695 saneto

210 4747 290 4827 gare
320 4724 468 4790 ediderat
497 4725 532 4788 in
566 4743 705 4806 persona
734 4724 840 4789 saneti
869 4720 1058 4804 prophetae,
1087 4740 1183 4802 quam
1238 4717 1409 4802 proposito,
1433 4715 1490 4781 sed
1512 4729 1700 4784 constanter
1719 4717 1903 4783 defendisse
1924 4717 2044 4782 bonam
2066 4735 2210 4793 oausam,

210 4811 421 4896 impatienter
443 4811 543 4875 torret
565 4829 645 4875 suae
669 4808 824 4893 dignitati
845 4806 1021 4890 quidquam
1045 4804 1184 4870 detrahi.
1237 4804 1340 4869 donee
1362 4803 1474 4868 salvus
1501 4803 1655 4869 erederet
1677 4803 1842 4868 Ieremias.
1886 4803 1965 4868 Ideo
1996 4801 2117 4866 dieitur
2144 4819 2210 4864 ma-

209 4897 302 4982 Ergo
324 4895 438 4960 timide
460 4899 649 4979 proponunt
677 4915 746 4959 rem
776 4896 890 4977 ipsam,
918 4901 951 4957 et
980 4892 1054 4975 plns
1083 4890 1183 4955 relin·
1237 4909 1313 4955 nam
1345 4889 1414 4955 eiua
1448 4887 1549 4969 faisse
1579 4909 1650 4955 oum
1682 4888 1828 4955 Ieremia.
1884 4888 1968 4952 Nam
2000 4907 2059 4969 por
2091 4906 2210 4951 nomen

232 4991 317 5048 aunt
349 4980 567 5063 colligendum
597 4979 736 5064 singulis
764 4999 864 5062 quam
894 4978 956 5060 ipsi
986 4977 1183 5061 exprimant.
1238 4996 1355 5040 manus
1376 4974 1538 5057 seriptura
1559 4973 1709 5060 designat
1731 4986 1893 5042 oonatum.
1936 4971 2002 5037 Ubi
2020 4971 2108 5037 enim
2126 4970 2209 5034 nibil

210 5003 278 5136 iad
302 5065 396 5131 iaoile
418 5065 480 5130 fnit
509 5087 551 5131 ex
580 5086 693 5132 eorum
716 5065 826 5131 verbis
854 5073 999 5130 statuero
1028 5061 1183 5146 quidnam
1238 5069 1288 5126 ιιι
1309 5059 1442 5144 negotii,
1467 5059 1518 5124 rel
1549 5059 1761 5142 dilfioultatis,
1788 5079 1853 5125 oon
1884 5068 2021 5141 usurpat
2048 5057 2211 5139 seriptura

210 5153 344 5230 vellent,
374 5171 491 5234 nempe
510 5150 690 5217 timendam
713 5172 784 5217 osse
807 5149 870 5214 Dei
892 5148 1080 5228 vindictam,
1102 5147 1184 5212 oooi·
1238 5165 1359 5211 nomen
1392 5166 1517 5211 manus
1574 5144 1640 5213 Sed
1674 5146 1736 5212 boo
1767 5144 1854 5223 loeo,
1887 5144 2040 5226 quoniam
2073 5142 2211 5208 oertnvit

210 5259 282 5306 sum
298 5238 397 5303 inisse
415 5236 608 5320 prophetam
626 5258 745 5303 unum:
763 5235 839 5320 quid
858 5235 887 5300 si
903 5234 1013 5299 nullus
1030 5233 1185 5298 saevitiae
1238 5253 1340 5314 usquo
1354 5229 1397 5296 ad
1412 5240 1595 5297 extromum
1609 5232 1778 5309 Aobioam,
1799 5248 1860 5294 ιιι
1874 5237 2003 5293 tantum
2020 5224 2122 5293 verbo
2144 5247 2210 5292 uno

210 5326 255 5392 sit
276 5322 377 5389 finis?
405 5343 448 5388 an
471 5322 563 5389 Deus
586 5323 715 5389 taudem
743 5342 809 5388 non
830 5325 1009 5409 oonsurget
1034 5318 1071 5383 in
1099 5317 1184 5384 indi·
1238 5316 1416 5401 opitulatus
1427 5326 1478 5382 ιιι
1488 5326 1599 5383 saneto
1612 5315 1800 5401 prophetae,
1812 5313 1868 5381 sed
1880 5314 2022 5382 furorem
2036 5313 2210 5399 populire·
