5038 6118
181 480 241 545 149
903 480 952 546 IN
974 481 1224 548 Inhumata
1264 481 1364 548 OAP.
1385 482 1466 548 XII.
2125 485 2186 552 150

180 671 343 823 ιιιιι
363 667 744 824 saturarent·
763 658 1158 839 ιιιιιιιιιι
1209 670 1657 840 ιιι
1678 669 1975 823 statuum
2010 675 2186 753 ,tt

180 843 315 908 titurio
338 840 521 924 prophetis:
556 841 747 922 praesertim
781 840 838 905 ubi
872 843 981 924 agitur
1014 840 1053 906 de
1085 842 1157 924 ipsa

180 928 329 993 eeclesia:
348 927 503 992 Plantavi
522 936 555 991 et
572 925 727 992 evellam:
751 925 868 991 deinde
887 927 1030 993 vidimus
1048 936 1155 1010 antea,
1295 926 1360 993 Hie
1390 947 1452 992 non
1484 936 1613 992 tantum
1642 927 1773 994 Indaeis
1802 927 2061 994 misericordiam
2090 923 2183 994 Dens

181 1015 280 1080 Posui
303 1025 343 1089 te,
367 1025 403 1077 ut
425 1012 553 1094 plantes
570 1021 604 1076 et
622 1010 761 1077 evellas:
784 1032 884 1095 quum
903 1011 1028 1077 scilicet
1045 1021 1154 1078 osten-
1209 1013 1388 1094 promittit:
1411 1011 1586 1078 sedetiam
1610 1012 1756 1095 profanis
1773 1013 1840 1079 illis
1858 1011 2020 1098 gentibus,
2043 1032 2184 1095 quarum

181 1099 273 1164 deret
293 1097 387 1163 Dens
416 1097 596 1163 efficaciam
625 1097 793 1164 doetrinae
825 1098 1046 1181 propheticae.
1091 1097 1156 1164 Hic
1209 1099 1338 1163 iuturus
1360 1107 1431 1163 erat
1447 1096 1556 1178 iudex,
1575 1110 1612 1162 nt
1626 1098 1805 1165 vindictam
1825 1101 1971 1183 exigeret
1988 1099 2023 1163 in
2039 1098 2183 1163 favorem

181 1183 393 1261 autemdicit,
416 1183 489 1266 Ego
511 1181 668 1250 evellam:
691 1183 742 1248 rel
765 1183 934 1249 eradioabo
953 1195 992 1248 ut
1008 1183 1065 1248 alii
1082 1205 1155 1250 ver·
1209 1184 1318 1266 populi
1349 1186 1409 1249 sui.
1453 1183 1599 1248 Extendi
1622 1204 1699 1249 varo
1729 1205 1913 1250 sermonem
1944 1184 2033 1249 hunc
2061 1183 2102 1248 ad
2126 1204 2183 1248 ex·

182 1283 270 1336 tunt:
301 1268 358 1335 sed
386 1269 540 1351 qnoniam
568 1275 707 1333 nonest
733 1269 873 1334 latinum
897 1268 1044 1347 verbum,
1078 1269 1156 1333 reti·
1209 1278 1296 1334 toros
1325 1278 1415 1352 patet
1441 1290 1482 1334 ex
1504 1279 1670 1335 contextu.
1714 1269 1874 1336 Subliciet
1903 1271 1992 1334 enim
2021 1267 2183 1353 propheta

182 1374 317 1422 neamus
356 1355 519 1420 Evellam:
561 1353 656 1419 modo
694 1352 859 1438 intelligas
899 1354 983 1437 quod
1024 1353 1157 1439 proprie
1208 1355 1364 1420 continno
1394 1365 1482 1438 post:
1515 1356 1561 1419 Elt
1587 1355 1650 1420 erit
1680 1357 1734 1421 ubi
1765 1353 1940 1421 didicerint
1967 1356 2038 1420 vias
2071 1355 2183 1438 populi

181 1442 354 1526 significat,
370 1439 524 1506 radicitus
539 1439 662 1505 seilicet
677 1438 858 1518 extrahere,
870 1438 969 1522 idque
984 1439 1156 1506 violenter.
1210 1441 1283 1519 mei,
1307 1450 1343 1504 ut
1365 1441 1474 1506 iurent
1495 1439 1530 1505 in
1548 1441 1683 1506 nomine
1702 1462 1782 1518 meo,
1806 1441 1889 1508 vivit
1905 1440 2065 1520 Iehovah,
2088 1440 2183 1506 sicuti

183 1527 327 1593 Euellam
349 1527 452 1608 igitur
473 1525 654 1604 Idumaeos,
678 1533 711 1591 et
734 1526 951 1603 Ammonitas,
974 1535 1007 1592 et
1029 1525 1156 1590 Moabi·
1209 1526 1392 1591 docueruut
1414 1526 1568 1608 populum
1593 1547 1701 1592 meum
1719 1527 1828 1592 iurare
1846 1527 1882 1591 in
1900 1527 1994 1607 Baal,
2017 1536 2105 1608 tunc,
2121 1535 2182 1594 ete.

182 1627 242 1695 tas,
266 1623 298 1678 et
320 1611 462 1695 reliquos
483 1631 596 1676 ornnes
611 1611 736 1677 vicinos
758 1632 776 1676 e
799 1620 887 1676 terra
908 1611 1063 1695 ipsorum,
1086 1631 1158 1692 quo-
1210 1611 1370 1677 Videmus
1393 1631 1472 1696 ergo
1495 1619 1531 1676 ut
1553 1611 1644 1676 Deus
1666 1633 1732 1676 non
1756 1623 1885 1678 tantum
1910 1612 2066 1695 reliquias
2088 1611 2183 1678 electi

181 1697 516 1765 numenculator
537 1697 756 1763 ιιινιιιιιιιιιιι
783 1717 894 1776 mecm,
925 1716 1033 1780 ιιιιιῳι
1053 1716 1156 1779 popa·
1210 1698 1319 1780 populi
1336 1699 1514 1762 clementer
1532 1698 1693 1780 respiciat,
1711 1698 1768 1762 sed
1784 1699 1882 1763 etiam
1901 1697 2011 1763 hostes
2028 1698 2182 1782 ipsorum.

181 1786 247 1851 lam
268 1804 289 1848 o
310 1803 358 1849 ιιιι
378 1784 519 1849 ιιιιιιιιιι.Ι
548 1782 622 1848 ideo
650 1783 713 1866 ipsi
736 1783 832 1848 etiam
855 1783 890 1847 in
914 1792 1076 1850 remotum
1100 1803 1156 1848 ex·
1209 1781 1340 1866 Siquis
1363 1783 1514 1868 excipiet,
1548 1783 1608 1849 hoc
1636 1783 1731 1850 modo
1759 1784 1966 1850 obscuratam
1995 1783 2095 1849 fnisse
2117 1783 2181 1847 Dei
2225 1817 2229 1826 ·

181 1869 291 1936 silium
320 1868 503 1946 trahentur,
534 1877 567 1933 ιι
595 1869 629 1932 in
660 1868 898 1952 captivitatem:
930 1869 1027 1935 sicuti
1057 1868 1156 1933 etiam
1209 1869 1358 1953 gratiam,
1378 1889 1441 1952 qua
1456 1868 1712 1952 prosequebatur
1731 1869 1817 1935 lilios
1831 1869 1995 1947 Abrahae,
2014 1870 2182 1952 responsio

181 1956 260 2022 alibi
282 1955 409 2032 dicitur,
433 1954 603 2019 Memento
626 1954 765 2019 filiorum
791 1953 903 2030 Edem,
928 1956 983 2037 qui
1006 1954 1158 2020 dicebant
1208 1954 1314 2020 facilis
1337 1963 1394 2031 est,
1418 1953 1480 2019 hoo
1502 1953 1680 2036 plurimum
1703 1955 1848 2022 valuisse
1865 1954 1906 2019 ad
1924 1976 2014 2038 spem
2038 1955 2180 2038 piorum:

181 2043 217 2107 in
240 2040 293 2105 die
314 2039 505 2118 Ierusalem,
528 2050 588 2106 etc.
612 2038 713 2124 (Psal.
739 2039 810 2120 137,
833 2039 876 2124 ι).
910 2041 955 2105 Et
972 2039 1157 2106 videbimus
1208 2039 1295 2123 quod
1318 2041 1442 2106 scilieet
1463 2059 1529 2104 non
1553 2047 1681 2106 tantum
1712 2038 1875 2124 speranda
1897 2040 1977 2123 ipsis
1999 2049 2086 2106 esset
2108 2060 2182 2123 pro·

180 2136 291 2211 postea
315 2146 375 2192 sno
392 2125 463 2189 loco
482 2126 542 2191 hoc
560 2124 660 2190 fuisse
679 2125 859 2210 impletum.
892 2126 977 2191 Nam
997 2125 1157 2209 propheta
1209 2127 1280 2210 pria
1309 2126 1408 2203 salus,
1442 2127 1497 2190 ssd
1529 2125 1628 2190 etiam
1662 2125 1815 2203 hostium,
1850 2145 1932 2208 quos
1963 2127 2052 2192 Deus
2083 2124 2182 2191 vellet

181 2221 294 2296 postea
319 2231 505 2276 sermonem
535 2209 576 2276 ad
603 2231 718 2276 ornnes
771 2211 885 2297 opulus
915 2219 1093 2292 convertet,
1120 2217 1158 2276 ut
1208 2233 1276 2277 una
1304 2232 1378 2278 cum
1408 2211 1488 2294 ipsis
1521 2210 1595 2276 colli
1620 2232 1682 2276 ere.
1735 2209 1927 2293 Duplicavit
1956 2211 1968 2275 i
1995 2212 2060 2276 'tur
2090 2209 2182 2276 Deus

181 2298 326 2364 sentiant
343 2295 457 2361 Iudaei
478 2296 633 2361 iudicium
655 2297 716 2361 Dei
754 2299 839 2363 uisse
861 2298 894 2362 in
914 2319 1027 2363 omnes
1050 2305 1157 2362 terrae
1208 2317 1302 2363 suam
1330 2298 1470 2382 gratiam
1497 2316 1576 2380 erga
1597 2232 1782 2362 israelitas.
1826 2296 1872 2361 Et
1895 2316 1974 2379 prop
1999 2307 2054 2362 ota
2082 2298 2181 2362 etiam

182 2393 301 2466 partes.
346 2381 413 2448 Sed
441 2381 494 2448 hie
523 2381 667 2447 breviter
697 2382 857 2466 propheta
885 2385 1032 2447 minatur
1060 2383 1156 2447 ultio·
1210 2383 1356 2449 hocloco
1372 2382 1539 2467 aptissime
1557 2382 1731 2448 confirmat
1748 2382 1900 2448 fiduciam
1919 2383 2059 2465 piorum,
2078 2401 2182 2464 quum

181 2487 257 2535 nem
281 2467 434 2552 gentibus
457 2467 531 2543 illis,
554 2475 590 2531 ιιι
613 2467 779 2532 tristitiam
803 2467 891 2534 levet
913 2468 1001 2533 illios
1020 2469 1157 2552 exiguae
1210 2468 1288 2534 dicit
1305 2469 1414 2534 Deum
1437 2465 1679 2534 misericordem
1702 2470 1770 2533 lore
1793 2468 1892 2534 etiam
1915 2468 2060 2551 ipsorum
2083 2466 2182 2533 hosti·

181 2554 295 2639 partis,
317 2574 400 2636 qnae
423 2552 577 2618 restabat.
621 2552 706 2620 Nam
733 2553 877 2620 diximus
902 2555 1009 2637 ipsum
1038 2573 1157 2637 corpus
1210 2554 1281 2638 bus,
1311 2553 1410 2638 idque
1431 2554 1466 2618 in
1488 2554 1629 2638 gratiam
1658 2573 1780 2632 eorum,
1811 2553 1889 2636 quia
1917 2552 2006 2618 salus
2032 2554 2184 2620 omnibns

180 2640 294 2724 populi
311 2639 414 2704 foisse
431 2638 654 2721 desperatum:
675 2640 752 2722 quia
769 2638 863 2704 Deus
880 2659 994 2705 omnes
1012 2648 1157 2705 extremo
1209 2639 1392 2705 eommunis
1431 2640 1505 2704 erit.
1565 2638 1661 2703 Nunc
1698 2658 1777 2722 ergo
1815 2648 1966 2704 tenemus
2005 2639 2184 2722 prophetae

182 2725 283 2792 exitio
306 2724 487 2798 addixerat,
515 2725 613 2790 sicuti
635 2723 727 2808 digni
755 2735 861 2789 erant.
905 2723 973 2790 Sed
1003 2725 1157 2807 quoniam
1209 2725 1391 2801 eonsilium,
1420 2745 1522 2807 quum
1553 2725 1743 2808 pronuntiat
1767 2722 1885 2803 Deum,
1916 2725 1972 2790 nbi
2001 2725 2184 2790 extraxerit

182 2812 335 2894 reliquias
356 2830 485 2892 semper
503 2810 627 2892 aliquas
644 2809 800 2889 servavit,
823 2809 903 2877 dicit
918 2810 1077 2893 propheta
1095 2809 1157 2875 hoc
1208 2823 1324 2896 gentes
1341 2831 1359 2876 e
1378 2809 1508 2876 sedibus
1529 2809 1654 2892 patriis,
1677 2819 1790 2891 postea
1810 2809 1955 2875 futurum
1974 2809 2039 2874 illis
2057 2810 2183 2876 miseri·

182 2898 261 2974 loco,
283 2896 422 2965 Domum
446 2893 591 2961 Jeteaot
612 2896 747 2974 ιιιιῑιιιι,
771 2895 888 2978 inquit,
917 2915 934 2961 ι
954 2897 1055 2962 medio
1076 2897 1158 2976 ipso·
1209 2894 1350 2974 cordem,
1373 2914 1490 2977 nempe
1512 2899 1547 2960 ιιι
1562 2895 1691 2960 reducat
1710 2894 1851 2978 ιιιιιιιι
1870 2895 1914 2960 od
1929 2915 2023 2960 sumn
2043 2894 2186 2961 baeredi-

182 3003 269 3048 rum:
297 3001 415 3064 nempe
437 2983 589 3064 queniam
612 2981 667 3047 alii
697 2981 911 3066 profugerant
932 2979 973 3046 ad
996 2980 1158 3047 Moabitas
1209 2985 1302 3047 tatem
1322 2981 1414 3046 etad
1429 2979 1730 3063 properaturum.

183 3079 215 3134 at
243 3067 400 3149 reliquos:
434 3066 490 3130 alii
514 3087 591 3132 reru
621 3067 754 3133 inerant
780 3068 867 3150 capti
896 3075 930 3132 ιι
961 3065 1090 3134 abducti
1122 3065 1156 3130 in

181 3154 385 3219 servitutem.
437 3152 567 3219 Scimus
607 3153 695 3218 enim
728 3153 847 3218 misere
880 3152 1024 3235 direptos
1058 3152 1158 3218 luisse
1297 3151 1453 3217 Diximus
1485 3160 1651 3235 postrema
1683 3150 1822 3218 lectione
1854 3149 1964 3218 Deum
1999 3151 2053 3218 hio
2085 3153 2185 3220 etiarn

181 3237 330 3316 Iudaeos,
353 3249 386 3302 et
408 3243 536 3319 partem
554 3236 656 3304 fnisse
675 3238 897 3304 venundatum
920 3237 1071 3322 gentibus
1092 3237 1158 3302 illis
1209 3237 1362 3324 gentibus
1391 3239 1514 3302 exteris
1545 3237 1736 3321 promittere
1759 3236 1889 3302 veniam
1916 3246 1949 3303 et
1970 3237 2127 3320 salutem,
2157 3239 2186 3304 si
2309 3316 2313 3325 Ι

183 3324 308 3391 vicinis.
354 3325 444 3408 Ergo
466 3324 558 3388 Deus
586 3322 641 3389 hio
670 3323 832 3406 promittit
860 3344 896 3389 se
926 3323 1059 3388 tandem
1088 3325 1158 3389 fore
1211 3327 1425 3410 resipuerint,
1462 3329 1561 3407 atque
1594 3321 1628 3387 id
1660 3323 1767 3389 facere
1804 3332 1841 3387 ut
1873 3342 1927 3387 ma
1952 3323 1979 3388 's
2015 3325 2186 3389 confirmet

183 3408 378 3476 exorabilem
402 3408 522 3492 pupulo
544 3428 612 3487 suo,
643 3420 681 3473 ut
709 3408 876 3493 colligeret
904 3408 1057 3490 reliquias
1084 3408 1158 3474 illas
1211 3411 1443 3496 promissiones
1470 3430 1548 3475 suas
1576 3428 1655 3492 erga
1682 3408 1820 3474 electum
1843 3426 1929 3491 popu
1944 3429 2009 3474 um.
2054 3407 2185 3475 Scimus

182 3511 250 3561 tam
274 3515 317 3560 ex
339 3494 494 3560 Moabitis
524 3514 620 3577 quam
643 3492 818 3574 Idumaeis,
850 3502 883 3560 ιι
912 3494 985 3561 aliis
1014 3494 1158 3577 profanis
1210 3498 1299 3563 enim
1322 3507 1400 3562 tunc
1423 3495 1574 3562 exclusos
1600 3494 1701 3559 inisse
1722 3513 1836 3559 omnes
1857 3494 1992 3576 populos
2015 3515 2034 3558 a
2056 3493 2186 3560 foedere

181 3581 344 3665 gentibus.
389 3580 506 3663 Itaque
535 3579 572 3644 in
602 3581 721 3646 bonam
753 3590 881 3663 partem
914 3579 969 3646 hio
1001 3581 1159 3664 accipitur
1211 3581 1288 3648 Dei:
1313 3579 1518 3664 quumDeus
1540 3579 1797 3646 misericordiam
1819 3599 1912 3644 suam
1931 3579 1972 3645 ad
1990 3579 2186 3662 illususque

182 3667 308 3732 evulsio
331 3665 488 3732 secunda:
511 3667 589 3749 qnia
611 3665 735 3731 scilicet
754 3665 913 3750 propheta
934 3664 1159 3731 liberationem
1210 3667 1369 3751 extendit,
1392 3673 1528 3749 possunt
1549 3665 1721 3730 certiorem
1744 3664 1896 3730 fiduciam
1918 3663 1994 3730 inde
2016 3666 2186 3748 concipere

182 3752 293 3819 electis
325 3753 389 3817 Dei
417 3751 586 3835 promittit.
630 3751 676 3816 Et
705 3761 814 3817 tamen
845 3752 992 3836 apposite
1022 3760 1160 3837 usurpat
1210 3753 1334 3828 Iudaei,
1363 3753 1419 3835 qui
1442 3752 1507 3815 iam
1531 3750 1602 3815 Deo
1624 3749 1800 3835 propinqui
1821 3757 1932 3816 erant:
1961 3751 2040 3834 quia
2061 3749 2185 3817 seilicet

182 3838 244 3904 hoc
265 3840 413 3915 verbum,
435 3846 473 3902 ut
491 3837 662 3902 saevitiam
681 3837 811 3902 illarum
831 3838 980 3921 gentium
997 3840 1160 3921 exprimat
1210 3839 1285 3905 illos
1307 3837 1369 3903 sibi
1392 3835 1605 3918 adoptaverat
1630 3836 1666 3900 in
1688 3835 1853 3919 peculium
1883 3845 1918 3901 ιι
1938 3835 2184 3903 haereditatem.

182 3943 264 4008 quae
286 3943 454 4006 nunquam
476 3931 593 4005 sponte
614 3923 797 4000 cessissent,
828 3923 892 3988 nisi
915 3922 1077 3990 violenter
1098 3924 1159 3988 eri·
1210 3926 1255 3990 Et
1277 3923 1339 3989 hoe
1360 3921 1459 3986 etiam
1490 3928 1679 4004 promptum
1706 3929 1758 3988 ιιι
1780 3921 1932 4005 colligere
1954 3944 1996 3987 ex
2017 3931 2182 3988 contexto.

182 4009 306 4092 puisset
320 4009 414 4074 Deus
435 4029 475 4074 ιι
498 4009 644 4090 ipserum
668 4008 843 4093 tyrannide
864 4009 1017 4074 innoxios
1031 4007 1159 4074 Israeli·
1210 4009 1296 4076 Nam
1319 4005 1513 4091 pronuntiat
1534 4007 1625 4072 Deus
1647 4030 1683 4075 se
1705 4013 1929 4073 extracturum
1959 4007 2079 4072 electos
2106 4026 2184 4072 suos

183 4108 243 4172 tas,
267 4095 338 4162 dico
360 4095 520 4170 innoxios,
544 4094 675 4159 illorum
698 4103 857 4178 respectu.
891 4095 964 4176 Ego
981 4095 1091 4178 igitur,
1111 4095 1158 4157 in·
1209 4117 1252 4160 ex
1274 4093 1339 4158 illis
1361 4091 1499 4175 populis.
1543 4092 1674 4158 Deinde
1703 4092 1854 4176 adiungit
1875 4115 1911 4160 se
1932 4111 2184 4177 progressurum

183 4183 267 4264 quit,
303 4179 461 4245 violenter
493 4179 682 4246 extraham:
723 4181 816 4263 quasi
843 4179 980 4260 diceret,
1009 4179 1158 4262 quamvis
1209 4180 1350 4264 longius,
1381 4199 1497 4262 nempe
1518 4189 1556 4244 ut
1577 4180 1676 4245 etiam
1697 4180 1732 4244 in
1754 4179 1897 4244 savorem
1927 4199 2022 4244 snum
2048 4177 2185 4260 recipiat

184 4267 347 4333 obstinata
368 4265 412 4332 sit
429 4264 602 4330 crudelitas
624 4265 771 4350 gentium
794 4265 951 4342 omnium,
974 4264 1061 4348 apud
1077 4283 1158 4347 quas
1209 4267 1263 4350 qui
1286 4267 1378 4349 prius
1400 4265 1532 4331 lucrant
1553 4264 1673 4331 hostes.
1718 4263 1798 4329 Ideo
1823 4264 1911 4344 dicit,
1942 4262 2111 4346 Postquam
2133 4283 2184 4328 ιι·

183 4353 332 4436 eaptivus
354 4352 416 4418 orit
438 4348 580 4433 populus
601 4372 705 4432 meus,
735 4371 795 4435 ego
818 4357 928 4415 tamen
951 4372 1006 4416 ero
1035 4351 1157 4431 fortior,
1208 4357 1332 4418 ινιιινο
1353 4371 1413 4435 ιιι,
1435 4357 1585 4433 reuertar,
1606 4350 1816 4417 smeeretor
1833 4351 1984 4432 ipsoram.
2018 4349 2185 4432 Loquitur

182 4441 230 4503 ita
271 4447 307 4504 ut
342 4437 489 4504 emittam
526 4438 686 4518 captivos,
727 4436 878 4520 quamvis
918 4436 993 4501 totis
1034 4435 1157 4502 viribus
1209 4439 1263 4503 hio
1286 4436 1326 4503 de
1353 4437 1528 4503 extraneis.
1573 4435 1617 4502 Et
1637 4436 1740 4503 redire
1772 4436 1894 4519 inquit,
1922 4435 2042 4516 faciam
2067 4435 2184 4520 vnum,

183 4523 338 4591 resistant
359 4523 414 4606 qui
436 4521 498 4587 sibi
520 4530 637 4605 putant
659 4530 816 4607 perpetuo
847 4542 960 4588 servos
989 4520 1066 4587 fore.
1112 4523 1158 4589 nt
1209 4523 1329 4608 idest,
1360 4542 1639 4606 unumquemque,
1669 4524 1705 4587 ιἰι
1731 4485 1950 4589 laetaturam
1977 4541 2071 4588 suam
2100 4527 2128 4587 ιι
2148 4523 2185 4588 itt

184 4610 247 4675 hoo
274 4611 373 4675 etiam
408 4607 537 4690 experti
571 4627 685 4674 snmus
717 4617 828 4674 nostro
861 4615 1018 4690 tempore.
1070 4608 1155 4673 Nam
1207 4616 1324 4676 terram
1345 4629 1449 4676 ιιιιιι.
1493 4608 1589 4675 Nune
1610 4609 1767 4692 seqnitur,

183 4715 283 4778 quam
305 4695 388 4760 dura
409 4693 472 4758 luit
494 4693 637 4760 servitus
659 4702 771 4758 nostra
792 4693 854 4760 sub
871 4692 1017 4777 papatu?
1040 4693 1156 4759 deinde

184 4781 334 4866 tyrannis
368 4781 424 4846 illa
453 4799 563 4846 nonne
588 4779 650 4844 luit
680 4781 771 4862 quasi
800 4778 1054 4862 insuperabilis?
1088 4780 1155 4846 Sed
1296 4784 1346 4849 16.
1369 4781 1414 4847 Et
1435 4780 1559 4860 occidet,
1580 4781 1610 4846 st
1631 4779 1776 4846 decedo
1797 4779 1965 4847 dedicarat
1985 4784 2056 4848 uice
2073 4783 2184 4864 papati

185 4867 277 4932 Deus
304 4867 484 4949 potentiam
514 4886 608 4931 suam
636 4866 781 4932 exseruit
814 4884 916 4947 quum
951 4885 1069 4948 paucos
1099 4888 1156 4931 ax·
1208 4870 1269 4936 mei
1296 4869 1339 4935 od
1367 4867 1542 4933 iurandum
1565 4887 1627 4948 per
1653 4883 1761 4931 ιιιιιιιιι
1790 4885 1901 4946 meam,
1930 4869 2007 4933 vicit
2034 4867 2183 4954 Ieltovolr,

185 4954 287 5018 traxit
308 4951 350 5016 ab
372 4951 428 5016 illa
449 4952 595 5017 violenta
620 4951 851 5017 dominatione.
898 4951 955 5018 Sic
977 4971 1055 5036 ergo
1077 4953 1156 5017 clim
1207 4957 1301 5023 ιιιιιι·
1323 4953 1492 5020 docuerant
1514 4951 1668 5036 populum
1688 4971 1791 5018 meum
1816 4952 1927 5018 iurare
1955 4952 2182 5037 (adverbum,

183 5039 333 5121 promisit
366 5035 494 5102 residuo
526 5039 655 5122 populo,
688 5059 723 5104 se
746 5038 792 5102 ita
814 5035 883 5102 lore
913 5037 1155 5104 misericordem
1210 5041 1250 5106 ad
1271 5035 1461 5123 iurandum)
1480 5059 1539 5120 per
1556 5037 1653 5122 Boot,
1675 5042 1746 5103 tunc
1764 5037 2012 5120 aedificabantur
2028 5041 2063 5104 ιἰι
2080 5043 2182 5108 medio

183 5131 221 5190 ut
244 5123 424 5190 eradicaret
445 5123 532 5206 ipsos
555 5145 597 5188 ex
619 5124 676 5189 illa
698 5121 883 5209 tyrannide.
929 5123 1098 5206 Sequitur,
1202 5125 1315 5210 populi
1335 5124 1406 5191 mei.

272 5295 322 5361 15.
346 5293 390 5359 Et
407 5293 466 5359 erit
481 5301 652 5376 postquam
672 5299 836 5361 extraxere
858 5294 939 5373 illos,
961 5299 1109 5378 revertor,
1131 5299 1159 5361 et
1296 5295 1456 5361 Videmus
1479 5296 1540 5362 hoc
1562 5297 1692 5381 proprie
1714 5305 1861 5382 spectare
1884 5294 1924 5361 ad
1947 5307 2072 5383 gentes,
2099 5319 2183 5382 quae

184 5381 351 5447 miserebor
379 5381 531 5463 ipsorum,
560 5387 587 5446 ιι
608 5382 711 5448 redire
740 5382 827 5462 ipsos
852 5381 972 5463 faciam
999 5378 1076 5466 (vel,
1107 5402 1157 5447 re·
1211 5381 1302 5465 prius
1325 5381 1451 5446 alienae
1473 5382 1603 5447 fuerant
1624 5404 1644 5446 a
1662 5385 1767 5468 gratia
1783 5382 1861 5447 Dei:
1884 5383 1949 5448 ime
1967 5395 2183 5452 exercuerant

1926 5485 1976 5539 10*
