5134 6124
379 420 443 488 295
1189 412 1578 482 PRAELEO'HONES
2308 417 2364 484 296

377 619 412 675 et
433 607 625 674 existimant
646 628 681 674 ss
699 606 792 690 quasi
808 606 849 672 u'u
873 614 944 672 tuto
964 606 1088 673 looatos
1110 625 1196 670 esser
1219 603 1296 688 quia
1316 603 1352 668 in
1406 625 1481 670 mus
1513 602 1611 690 louge
1637 605 1713 688 plus
1746 625 1816 670 esse
1850 606 2017 687 potestatis
2050 605 2121 670 Deo
2154 605 2188 670 in
2221 604 2364 688 homines,

378 694 510 779 singula
530 703 694 760 momenta
714 693 805 759 Deus
826 701 932 775 potest
954 691 1092 758 deiioore
1115 711 1195 774 quos
1217 688 1353 755 extulit:
1406 710 1505 774 quam
1528 689 1572 756 sit
1593 690 1720 757 homini
1744 691 1874 758 mortali
1902 693 1935 757 iu
1958 691 2076 757 lutum.
2120 691 2258 776 Figulus
2286 695 2364 760 enim

379 779 498 847 deinde
529 780 626 845 etiam
656 777 811 844 extollere
841 779 876 843 in
910 778 1013 844 altum
1048 777 1104 861 qui
1136 779 1226 860 prius
1260 776 1354 842 humi
1407 777 1711 860 uteunqueartifex
1728 777 1771 842 sit
1790 798 1953 861 vasorum,
1976 787 2085 844 tamen
2104 799 2169 843 non
2187 788 2236 844 est
2252 791 2367 847 oreator

378 866 537 934 innabant.
580 864 654 932 Hoo
682 864 783 930 etiam
806 866 885 930 satis
908 863 1076 948 vulgatum
1106 873 1157 930 est
1185 864 1272 927 inter
1294 861 1352 926 ho·
1377 805 1382 916 Ι
1406 862 1476 927 luti.
1520 863 1611 947 Ergo
1633 863 1730 947 longe
1756 864 1863 930 mains
1891 875 1941 930 est
1963 864 2027 929 Dei
2055 865 2228 948 imperium
2255 864 2289 930 in
2314 865 2366 932 ho·

379 953 486 1019 mines
506 952 668 1034 profanos.
702 950 786 1016 Nam
810 949 963 1016 laudatur
980 949 1067 1033 apud
1087 969 1141 1014 eos
1163 948 1354 1025 moderatio,
1407 948 1523 1028 mines,
1554 969 1654 1031 quam
1677 951 1720 1015 sit
1740 951 1833 1034 figuli
1860 950 1896 1015 in
1924 949 2040 1016 lutum.
2085 949 2152 1016 Sed
2181 955 2367 1034 comparatio

380 1058 476 1122 quam
505 1039 551 1103 ita
578 1035 749 1116 definiunt,
782 1035 829 1103 Ut
861 1056 957 1102 nemo
986 1037 1084 1102 rebus
1113 1035 1276 1119 prosperis
1304 1035 1354 1098 in·
1407 1043 1466 1114 ost,
1489 1047 1527 1101 ut
1549 1034 1626 1115 dixi,
1650 1036 1782 1101 maioris
1804 1048 1839 1102 et
1860 1036 2011 1102 minoris:
2044 1037 2135 1119 quasi
2165 1037 2293 1116 dioeret,
2318 1037 2367 1102 Fi·

378 1125 491 1190 detur:
514 1143 609 1190 nemo
629 1123 726 1188 etiam
750 1123 941 1190 suooumbat
958 1121 1114 1188 adversis.
1156 1119 1222 1188 Sed
1245 1120 1355 1185 nullus
1407 1120 1504 1205 gulus
1533 1130 1641 1204 potest
1668 1121 1775 1186 lutum
1804 1124 1945 1189 formare
1979 1143 2038 1206 pro
2070 1144 2129 1190 suo
2158 1121 2300 1205 arbitrio,
2331 1144 2368 1189 en

379 1231 457 1278 vere
482 1210 629 1293 tangitur
651 1209 711 1274 hao
732 1209 936 1293 cogitatione,
957 1208 1019 1273 nisi
1043 1208 1099 1291 qui
1123 1207 1272 1291 agnoseit
1293 1227 1354 1271 nos
1407 1227 1468 1291 ego
1489 1227 1544 1273 ero
1566 1205 1723 1273 inferior?
1756 1208 1818 1288 vel,
1840 1229 1883 1274 an
1907 1214 2050 1292 potestas
2073 1224 2145 1274 mea
2167 1229 2234 1273 non
2261 1209 2367 1274 saltem

379 1296 450 1380 regi
474 1295 539 1362 Dei
561 1315 671 1361 manu.
716 1293 785 1375 Qui
808 1295 896 1360 enim
927 1295 1092 1361 somniant
1114 1293 1279 1358 fortunam
1302 1293 1355 1358 do·
1407 1313 1467 1376 par
1488 1294 1552 1358 erit
1573 1294 1698 1376 opifioie
1720 1295 1882 1376 potestati,
1905 1295 1962 1378 qui
1981 1303 2015 1360 et
2032 1294 2178 1361 mortalis
2200 1295 2294 1360 homo
2314 1305 2368 1376 est,

381 1384 502 1448 minari
526 1383 558 1446 in
588 1379 720 1458 mundo,
749 1389 922 1464 opponunt
949 1401 1042 1446 suam
1072 1379 1291 1463 prudentiam,
1322 1389 1355 1444 et
1407 1385 1441 1444 et
1473 1379 1573 1444 sortis
1606 1379 1774 1452 abieotae?
1817 1380 1937 1447 Postea
1970 1377 2076 1464 addit,
2116 1380 2292 1464 Vobiscum,
2323 1381 2369 1446 rel

380 1489 456 1534 sues
484 1487 571 1551 opes,
604 1475 637 1532 et
666 1466 837 1550 praesidia.
888 1466 978 1531 Fieri
1010 1465 1113 1550 igitur
1143 1487 1209 1532 non
1238 1474 1354 1547 potest,
1408 1465 1508 1542 vobis,
1531 1466 1641 1532 tiernus
1663 1464 1783 1532 lsrael:
1805 1467 1898 1549 quasi
1917 1466 2047 1546 dioeret,
2071 1465 2234 1533 Oonfidite
2252 1481 2369 1532 vestrae

381 1553 460 1638 quin
483 1574 611 1637 semper
632 1574 667 1618 se
690 1550 852 1635 desipiant
874 1573 960 1618 vana
989 1552 1097 1635 alique
1126 1573 1195 1636 spe.
1240 1550 1356 1617 Doneo
1408 1551 1628 1629 oxeellentiae,
1647 1561 1687 1617 ut
1701 1551 1850 1618 libuerit:
1873 1563 1983 1618 temen
1999 1573 2064 1618 nou
2080 1554 2160 1618 estis
2175 1552 2370 1635 praeterendi

380 1637 985 1809 {ttttlst‘lltttttlltltt
1005 1639 1355 1790 &iiiimxiiii
1407 1636 1907 1809 ltrttlztsstlttlltt
1922 1638 2200 1790 ttlldttztm
2219 1657 2371 1807 etit

380 1811 525 1895 ipsorum
548 1812 670 1877 mutari
697 1810 801 1895 possit
831 1831 888 1895 pro
916 1810 1051 1877 arbitrio
1079 1811 1160 1894 eius,
1189 1829 1355 1892 nunquam
1408 1819 1443 1876 et
1464 1809 1609 1888 tertium,
1641 1830 1758 1893 nempe
1788 1809 1874 1892 quod
1896 1810 1988 1878 Deus
2010 1819 2139 1876 vertere
2166 1830 2228 1875 nos
2256 1809 2318 1875 huo
2343 1819 2371 1873 et

380 1897 646 1964 humiliabuntur
668 1910 705 1962 ut
727 1905 862 1979 oportet.
907 1897 997 1981 Ergo
1018 1895 1099 1964 haee
1129 1896 1277 1962 dootrins
1299 1895 1355 1959 ob·
1408 1895 1487 1962 illuo
1508 1897 1609 1979 possit
1631 1917 1692 1981 pro
1713 1917 1772 1962 suo
1798 1895 1943 1963 arbitrio.
1988 1897 2078 1981 Ergo
2107 1895 2208 1962 stulte
2236 1895 2373 1960 homines

381 1990 513 2050 serrato
536 1983 636 2068 digus
664 1992 727 2049 est:
757 1983 949 2066 praesertim
972 1983 1000 2048 si
1022 1981 1237 2065 expendimus
1259 2002 1354 2065 quam
1409 1982 1575 2067 praesenti
1602 1982 1752 2048 fortunas
1779 1980 1958 2062 oonfidunt,
1987 1983 2064 2066 quia
2093 1981 2234 2066 siugulis
2262 1991 2324 2046 tem

380 2070 481 2136 stulte
515 2069 607 2135 ebusi
640 2070 763 2134 fuerint
794 2068 909 2135 ludaei
940 2071 1168 2153 praerogativa
1199 2067 1266 2147 ills,
1293 2089 1357 2151 qua
1409 2090 1483 2134 rum
1506 2068 1653 2135 articulis
1675 2076 1782 2151 potest
1809 2069 1930 2134 mutari
1958 2089 2070 2134 eorum
2094 2067 2249 2134 uenditio.
2292 2067 2330 2132 Ni
2354 2066 2373 2130 'l

382 2156 474 2222 Deus
498 2153 676 2236 Abraham,
710 2162 742 2220 et
770 2174 885 2220 omnes
918 2156 988 2220 eius
1022 2167 1169 2238 posteros
1203 2153 1356 2238 diguatus
1410 2155 1556 2221 enimin
1578 2163 1667 2220 terra
1689 2154 1814 2220 stabile.
1859 2153 1926 2220 Sed
1948 2155 2104 2220 memoria
2132 2153 2309 2220 tenendum
2329 2163 2374 2218 est

382 2243 502 2321 iuerat,
540 2241 684 2308 iudicare
716 2249 904 2324 promptum
938 2241 1003 2306 erit
1038 2261 1136 2324 quam
1174 2240 1358 2307 necessaria
1410 2239 1494 2325 quod
1518 2240 1597 2322 dixi,
1620 2241 1794 2305 refutatam
1813 2241 1914 2306 fuisse
1928 2239 2168 2320 ooufidentiam,
2190 2261 2257 2324 qna
2272 2237 2374 2304 Iudaei

382 2327 481 2394 fuerit
503 2327 583 2393 haee
605 2327 792 2393 admonitio.
827 2327 1013 2407 Caeterum,
1035 2328 1063 2392 si
1083 2327 1124 2392 ed
1143 2347 1204 2392 uos
1226 2326 1356 2392 desoen·
1410 2348 1445 2392 se
1468 2327 1633 2404 fallebant,
1657 2325 1744 2409 quod
1766 2335 1924 2411 putarent
1941 2327 2049 2392 Deum
2070 2325 2133 2393 sibi
2155 2346 2228 2391 esse
2249 2323 2373 2391 obstrie-

383 2414 499 2490 dimus,
532 2413 619 2478 idem
653 2431 782 2497 quoque
811 2413 1021 2495 reperiemus,
1039 2433 1169 2496 vnempe
1198 2413 1357 2478 violenter
1410 2425 1491 2490 tum,
1513 2421 1546 2477 et
1567 2413 1614 2478 ite
1634 2410 1874 2496 pollioebantur
1895 2411 1958 2480 sibi
1980 2421 2173 2498 perpetuum
2191 2419 2325 2479 statum:
2346 2417 2374 2474 et

383 2497 545 2649 sggndum
569 2519 650 2648 osef)
662 2497 841 2598 nobiseum,
865 2506 902 2564 ut
920 2498 1082 2649 displamgs
1102 2519 1160 2563 nos
1182 2498 1357 2564 humiliare
1410 2500 1505 2582 quasi
1528 2499 1931 2649 impunedoontemneresrt
1953 2510 2055 2564 totam
2077 2491 2194 2582 legem,
2220 2495 2375 2648 i⁸ffi⁸b⁸m

383 2594 603 2770 {inditi
627 2605 698 2736 pil.
713 2603 823 2756 'dil’
851 2584 1357 2754 tttttttttitttdtff
1410 2584 2376 2754 ttttlttlttltt.¹¹¹¹tlt⁰lttttt¹³ttttlt

382 2757 438 2824 ubi
460 2756 580 2823 dieitur
601 2768 733 2836 armen,
757 2769 807 2822 est
829 2777 947 2822 nomeu
970 2755 1076 2822 dualis
1099 2757 1238 2823 numeri.
1283 2755 1357 2821 Non
1411 2756 1665 2823 haereditarium
1689 2777 1760 2823 esse
1780 2756 1862 2823 illud
1885 2756 2007 2835 foedus,
2038 2765 2076 2820 ut
2106 2764 2217 2821 tamen
2247 2753 2376 2820 debeant

382 2843 515 2909 dubium
546 2842 647 2928 igitur
674 2850 725 2908 est
753 2843 834 2926 quin
872 2843 1034 2926 propheta
1054 2842 1247 2926 exprimere
1278 2842 1358 2907 velit
1409 2842 1491 2910 illud
1524 2851 1678 2925 reputare
1710 2841 1827 2908 Iudaei
1860 2844 1952 2925 quasi
1989 2841 2209 2908 adventitium
2251 2840 2375 2906 bouum:

382 2939 489 3014 typos,
511 2928 566 2995 des
587 2929 715 2994 moules.
757 2927 920 3012 Numqui
945 2935 1088 3007 vertunt,
1112 2927 1162 2994 Su
1187 2936 1356 3005 errotam,
1411 2929 1503 3013 quasi
1520 2927 1652 3006 dioeret,
1673 2926 1769 3009 Quod
1785 2926 1877 2995 Deus
1895 2928 1987 2996 robis
2004 2927 2102 3008 dedit,
2120 2928 2242 3011 poterit
2258 2923 2377 2992 auferre

381 3035 448 3081 non
471 3013 624 3080 videntur
653 3036 724 3080 rem
751 3015 855 3098 ipsam
885 3014 1057 3098 attingere.
1102 3012 1147 3081 Se
1199 3015 1358 3098 propheta
1410 3015 1549 3099 singulis
1579 3014 1678 3080 horis.
1723 3014 1816 3080 Nihil
1845 3035 1923 3101 ergo
1952 3015 2044 3082 robis
2073 3023 2123 3080 est
2155 3024 2294 3093 eertum,
2319 3007 2377 3076 nisi

382 3101 437 3165 vel
461 3099 605 3183 lapideos
628 3099 681 3165 rel
702 3101 828 3183 ligneos
850 3109 946 3184 typos
969 3101 1020 3166 rel
1048 3121 1089 3165 ex
1119 3101 1237 3184 argilla
1266 3102 1358 3166 fiotos
1410 3113 1571 3186 quatenus
1590 3099 1683 3167 Deus
1706 3100 1866 3185 propitius
1888 3099 1980 3167 vobis
2003 3101 2075 3166 erit.
2115 3099 2157 3164 ln
2180 3117 2309 3165 summa
2329 3095 2376 3162 ad·

383 3184 451 3251 desi
477 3193 540 3265 nat,
550 3195 583 3249 ot
594 3206 750 3250 numerus
762 3185 824 3252 hoe
833 3187 913 3251 satis
925 3184 1136 3252 demonstrat.
1152 3186 1246 3251 Vidit
1255 3186 1358 3272 igitur
1411 3197 1519 3254 mouet
1547 3195 1651 3251 totam
1679 3206 1793 3253 eorum
1822 3186 1958 3253 salutem
1993 3186 2136 3270 pendere
2165 3206 2209 3251 ex
2244 3182 2379 3269 gratuita

382 3207 521 3368 figulum
544 3290 618 3334 oum
641 3271 708 3336 suis
731 3271 829 3370 typis,
849 3289 922 3336 ιιιι
942 3289 991 3338 ses
1012 3271 1160 3371 metelos..
1182 3271 1236 3337 Ita
1257 3293 1359 3354 quum
1410 3274 1474 3339 Dei
1497 3272 1657 3338 bonitate:
1681 3273 1775 3356 quasi
1798 3271 1929 3353 diseret,
1950 3272 2044 3337 Nihil
2061 3270 2189 3338 habetis
2204 3269 2377 3355 proprium,

382 3357 534 3422 finxisset
556 3375 616 3420 vas
639 3375 741 3420 unum
764 3355 873 3434 fietile,
902 3367 1093 3438 eorruptum
1115 3355 1187 3434 furt,
1218 3357 1359 3442 sumpsit
1409 3358 1466 3425 sed
1497 3356 1583 3443 quod
1613 3357 1707 3425 Deus
1729 3359 1822 3425 robis
1853 3357 2002 3436 eontulit,
2036 3357 2069 3423 id
2103 3357 2288 3441 preoarium
2319 3362 2377 3420 est:

382 3441 470 3508 idem
493 3440 611 3518 lutum,
635 3439 724 3507 aliud
744 3461 800 3508 vas
823 3442 985 3519 formarit,
1009 3452 1043 3506 et
1065 3442 1194 3526 quidem
1217 3463 1277 3526 pro
1299 3463 1358 3508 sno
1410 3453 1517 3527 potest
1545 3443 1638 3510 robis
1666 3444 1794 3510 auferre
1823 3443 1921 3511 hodie
1949 3452 1983 3510 et
2012 3463 2085 3510 eras
2115 3443 2201 3526 quod
2232 3441 2304 3509 heri
2330 3440 2379 3505 de·

382 3526 527 3594 arbitrio.
573 3526 644 3592 Iam
669 3525 738 3591 dixi
760 3547 818 3594 our
845 3526 925 3592 utile
954 3526 1056 3593 fuerit
1084 3527 1277 3611 prophetam
1306 3527 1359 3594 de·
1411 3530 1512 3596 derat.
1551 3529 1716 3612 Quorsum
1732 3529 1835 3614 igitur
1849 3541 1974 3614 speetat
1990 3529 2073 3597 haee
2095 3528 2198 3596 stulta
2220 3526 2380 3600 iaetantia,

382 3613 537 3680 soendere
558 3613 591 3677 in
615 3611 750 3678 domum
772 3612 875 3697 figuli,
903 3633 1022 3697 nempe
1048 3621 1084 3678 ut
1114 3623 1226 3697 postea
1255 3614 1357 3680 addu·
1410 3637 1510 3699 quum
1534 3615 1640 3682 diuitis
1661 3638 1718 3682 ros
1736 3616 1838 3681 eximi
1855 3636 1876 3680 a
1893 3615 2059 3682 eommuni
2079 3614 2257 3680 hominum
2279 3610 2380 3680 sorte?

383 3708 471 3764 oeret
499 3698 639 3764 Iudaeos
673 3697 767 3782 quasi
795 3700 830 3763 in
859 3718 928 3764 rem
957 3708 1172 3782 praesentem.
1228 3698 1358 3768 Soimus
1410 3702 1569 3767 Poterant
1605 3700 1736 3784 quidem
1770 3702 1886 3766 merito
1919 3701 2035 3768 Iudaei
2075 3701 2245 3785 despicere
2277 3697 2380 3766 omnia

383 3785 471 3850 enim
495 3793 656 3868 quantum
683 3783 846 3850 esfioaoiee
873 3783 1015 3849 habeant
1046 3787 1275 3871 hypotyposes,
1300 3787 1357 3854 ubi
1409 3786 1524 3852 mundi
1547 3787 1700 3870 perieula,
1727 3788 1881 3871 quoniam
1903 3788 1995 3854 Dens
2016 3788 2105 3871 ipsos
2126 3785 2307 3886 eollegerat
2325 3783 2381 3851 sub

383 3869 508 3936 soilioet
540 3890 592 3936 res
625 3872 697 3954 ipsa
729 3869 899 3936 subiieitur
931 3871 1042 3938 oeulis.
1090 3871 1175 3936 Nam
1209 3871 1357 3940 doetrina
1409 3873 1507 3939 fidem
1524 3894 1633 3939 suam:
1653 3873 1865 3956 tuti-quidem
1880 3885 1975 3939 erant
1993 3873 2063 3939 eius
2080 3871 2257 3957 praesidio,
2271 3888 2381 3953 nempe

382 3961 509 4041 poterat
530 3975 601 4020 esse
623 3953 772 4039 frigidior
789 3953 877 4040 apud
898 3955 1019 4034 tardos,
1041 3957 1108 4022 imo
1126 3957 1275 4025 soeordes
1299 3958 1357 4024 ho·
1409 3959 1438 4024 si
1461 3959 1699 4043 praestitissent
1720 3971 1868 4024 mutuam
1890 3958 1999 4036 fidem,
2022 3967 2060 4024 ut
2081 3978 2161 4024 vere
2183 3968 2295 4024 assent
2315 3957 2380 4023 eius

382 4042 498 4109 mines.
533 4039 600 4107 Sed
620 4040 673 4106 ubi
692 4039 880 4126 adiungitur
898 4042 1088 4125 obsignatio,
1111 4044 1236 4110 aooedit
1253 4046 1356 4110 maior
1409 4044 1557 4128 populus,
1580 4046 1676 4112 siouti
1697 4045 1894 4129 promiserat
1922 4065 1958 4111 se
1987 4043 2054 4109 illis
2082 4043 2154 4110 fore
2186 4044 2223 4108 in
2259 4044 2378 4114 noun:

382 4127 600 4195 vehementia.
645 4125 737 4192 Haeo
759 4128 859 4224 igitur
881 4126 964 4192 ratio
987 4126 1058 4206 luit,
1086 4149 1144 4194 our
1166 4130 1259 4196 Dsus
1281 4152 1355 4214 pro·
1409 4131 1465 4197 sed
1489 4152 1589 4215 quum
1611 4153 1670 4217 pro
1693 4131 1799 4197 nihilo
1820 4130 1977 4197 duoerent
1998 4138 2102 4194 totam
2121 4129 2191 4195 eius
2213 4128 2331 4216 legem,
2352 4135 2382 4192 et

382 4215 516 4366 §hetam
539 4231 644 4311 suum·
661 4211 801 4310 voluerut
823 4225 971 4296 speotere
993 4212 1069 4295 quid
1092 4224 1203 4313 ageret
1225 4216 1354 4367 figulus,
1410 4216 1540 4282 irritum
1563 4218 1708 4315 saperent
1729 4216 1845 4283 foedus
1874 4216 1965 4297 illud,
1996 4213 2036 4281 de
2058 4233 2121 4299 quo
2143 4214 2244 4316 stulte
2267 4214 2381 4299 gloria·

382 4297 1228 4467 1:lettitttlttttti?zltltttltt
1257 4312 1356 4451 ,tlt
1410 4301 2129 4472 ltttttttJtttttltsttttlttt
2151 4301 2382 4468 “illidii

382 4473 417 4538 in
439 4466 577 4536 arbitrio
595 4467 660 4534 Dei
679 4476 758 4534 sunt
779 4467 938 4535 homines.
973 4470 1062 4553 Ergo
1081 4468 1173 4536 Deus
1191 4471 1357 4537 ooulertur
1410 4482 1516 4556 potest
1545 4473 1636 4539 utilis
1670 4473 1828 4554 doetrina,
1861 4494 1979 4557 nempe
2012 4481 2171 4556 quantum
2204 4474 2246 4538 ad
2283 4480 2382 4539 totum

381 4555 492 4642 figulo.
537 4553 612 4620 Non
635 4563 685 4620 est
707 4562 815 4620 autem
839 4555 1038 4637 eomparatio
1061 4555 1147 4620 inter
1170 4557 1277 4638 paria:
1300 4556 1356 4621 sed
1411 4557 1591 4624 humanum
1615 4580 1719 4643 genus
1741 4569 1876 4644 spectat,
1899 4559 1980 4625 nihil
2002 4578 2076 4625 esse
2097 4569 2225 4625 eertum
2245 4559 2301 4625 rel
2322 4565 2383 4624 sta-

382 4643 598 4711 rstioeinatur
632 4640 793 4725 propheta
822 4659 841 4704 a
874 4640 991 4704 minori
1024 4637 1065 4704 ad
1099 4641 1211 4706 maius.
1266 4642 1357 4708 Deus
1411 4643 1474 4709 bile
1496 4645 1531 4708 in
1554 4643 1615 4710 hae
1637 4645 1721 4710 rita:
1744 4646 1898 4729 quoniam
1920 4644 2013 4710 Deus
2034 4652 2143 4728 potest
2164 4643 2306 4710 subinde
2328 4663 2382 4707 nos

382 4750 461 4816 ergo
485 4736 632 4811 respectu
655 4725 823 4790 hominum
848 4723 967 4790 dieitur
988 4725 1121 4810 figulus,
1150 4726 1227 4809 quia
1248 4747 1356 4792 eorem
1410 4750 1550 4809 versare,
1574 4743 1611 4793 ut
1632 4730 1761 4797 dsiioiat
1783 4751 1801 4796 e
1822 4730 1955 4797 sublimi
1977 4739 2010 4797 ot
2032 4729 2161 4810 divites,
2191 4743 2226 4795 et
2249 4730 2383 4814 quisun-

381 4816 453 4900 ipso
490 4833 602 4881 sumus
638 4811 754 4876 lutum.
810 4809 880 4876 Iam
915 4811 1058 4876 notanda
1091 4819 1141 4878 est
1176 4811 1355 4878 formarum
1409 4835 1471 4898 que
1494 4813 1675 4879 expellunt:
1713 4824 1749 4880 ut
1772 4817 1874 4882 etiam
1904 4817 2010 4900 erigat
2038 4817 2093 4899 qui
2127 4826 2206 4882 sunt
2239 4815 2382 4883 omnium

382 4901 536 4970 varietas:
560 4896 645 4982 quod
667 4896 789 4964 roiliost
811 4905 851 4960 ex
867 4894 978 4962 eodem
994 4894 1063 4962 luto
1078 4918 1166 4963 nuno
1181 4919 1240 4964 vas
1255 4917 1356 4963 unum
1409 4899 1690 4982 oontemptieeimi,
1720 4902 1992 4983 quemadmodum
2023 4901 2058 4967 in
2087 4900 2221 4967 Psalmo
2243 4901 2331 4990 (113,
2353 4897 2382 4984 l)

382 4987 531 5070 fingitur,
555 5005 642 5052 nuno
661 4991 770 5049 eutem
787 4981 963 5063 diversum,
982 4989 1015 5046 et
1033 4980 1192 5050 dissimile
1210 5004 1228 5048 a
1246 4983 1355 5066 priori.
1409 4983 1539 5052 dieitur.
1583 4984 1699 5066 Neque
1725 4985 1787 5052 hoo
1817 4992 1945 5053 tantum
1973 5007 2089 5053 verum
2117 5006 2189 5054 esse
2216 4986 2383 5073 eognosoi·

382 5072 476 5139 Heeo
499 5071 561 5136 tria
587 5069 748 5135 antitheta
778 5065 919 5134 notanda
949 5064 1044 5132 nobis
1069 5077 1157 5134 suut.
1200 5067 1280 5134 Ideo
1308 5067 1356 5132 di·
1410 5089 1483 5136 mus
1505 5070 1541 5134 in
1569 5069 1718 5153 singulis,
1749 5071 1863 5139 sedin
1892 5071 2053 5158 gentibus,
2087 5071 2122 5137 in
2150 5075 2280 5157 regnis,
2325 5069 2383 5138 Ut·

384 5160 476 5238 nitur,
506 5156 561 5221 An
582 5158 663 5222 ιίαιι
681 5153 801 5239 figulus
828 5152 880 5218 bie
908 5171 970 5217 non
994 5156 1105 5232 potero
1130 5153 1234 5235 faeere
1262 5153 1356 5236 robis,
1409 5175 1538 5238 nunqua
1561 5155 1648 5221 enim
1671 5156 1767 5222 multi
1788 5178 1881 5241 reges
1898 5159 2046 5242 potentia
2068 5177 2128 5224 aua
2145 5179 2217 5226 sese
2235 5160 2383 5230 efferant.

383 5246 494 5311 umus
512 5241 643 5308 Israel?
669 5240 743 5306 Duo
762 5237 925 5304 antitheta
942 5237 996 5304 hio
1011 5235 1103 5303 Deus
1121 5238 1357 5321 eompleotitur.
1410 5241 1456 5304 ita
1479 5245 1516 5305 ut
1537 5241 1729 5308 existiment
1749 5262 1785 5308 se
1806 5264 1877 5310 esse
1900 5254 1995 5310 extra
2012 5264 2143 5311 omnem
2167 5244 2225 5310 teli
2246 5247 2381 5311 iustum:

383 5327 468 5398 Nam
491 5328 617 5394 ooulert
638 5348 672 5392 se
693 5325 806 5409 figulo,
833 5325 959 5391 ooulert
981 5322 1137 5408 populum
1162 5322 1239 5390 luto.
1286 5321 1356 5390 Soi-
1410 5324 1561 5392 videmus
1584 5338 1695 5393 tamen
1718 5333 1756 5392 ut
1777 5327 1865 5410 ipsos
1895 5331 1987 5413 quasi
2016 5332 2124 5397 subito
2152 5330 2287 5397 turbiue
2316 5348 2383 5413 pro
