5038 6118
150 470 193 535 69
879 461 928 528 ΙΝ
949 460 1198 528 autumnus.
1243 460 1342 530 OAP.
1365 461 1411 527 X.
2098 467 2141 534 70

151 655 303 742 Gregorii
326 653 367 721 ad
381 653 541 721 Serenum
560 653 745 736 episenpnm
761 648 1016 716 Massiliensem:
1039 669 1116 714 nam
1252 649 1283 716 9.
1306 651 1483 734 Arpeuem
1499 648 1772 802 patremmegvel
1793 649 1970 730 diduotum,
1995 651 2057 722 huo
2078 665 2140 736 est,

151 743 253 809 bonus
286 741 342 807 ille
374 741 427 806 vir
460 738 622 804 deieoerat
653 737 831 821 imagines,
872 755 953 818 quas
986 732 1117 800 videbat
1169 734 1285 800 malleo
1308 736 1354 802 sie
1375 747 1566 819 eoutusum,
1600 746 1637 801 ut
1665 759 1681 800 r
1723 744 1833 802 uotum
1861 737 1905 804 eit
1929 738 1965 804 iu
1988 737 2137 808 laminas.

150 840 298 912 prostare
319 826 359 892 ad
389 826 526 908 impium
555 823 698 903 nultum,
730 831 764 888 et
791 827 990 905 purgaverat
1017 821 1116 888 etiam
1168 821 1241 888 Hoe
1263 821 1350 887 enim
1374 823 1535 907 signifieat
1557 824 1694 890 verbum
1722 835 1786 912 ιρι
1809 832 1997 907 pereutere,
2028 833 2062 890 et
2092 826 2138 892 ita

149 915 261 980 omnia
282 911 448 979 Massiliae
470 908 592 992 templa
613 907 679 976 illis
698 907 968 990 inquinamentis:
992 905 1117 989 Gregu·
1168 906 1377 986 oontundere,
1400 915 1510 974 utres
1533 907 1715 986 diduoatur,
1741 907 2040 992 relprotruhatur.
2073 910 2138 978 Ar·

150 1001 220 1066 rius
241 999 390 1083 quamvis
412 1005 498 1063 esset
519 997 593 1079 pius
615 995 675 1070 vir,
698 991 807 1061 umen
830 992 997 1074 resuripsit
1019 992 1118 1057 nimis
1168 1004 1300 1076 gentum
1324 1013 1402 1078 ergo
1424 994 1628 1073 luminatum,
1658 1005 1695 1059 nt
1715 993 1763 1060 ita
1791 993 1915 1077 loquar,
1945 995 1997 1060 vel
2019 996 2138 1072 malleo

152 1085 267 1164 stulte,
300 1095 386 1150 reete
418 1082 533 1149 feoisas
566 1093 600 1146 et
632 1077 810 1163 prudenter
836 1077 998 1145 Serenum
1031 1075 1117 1161 quod
1168 1077 1351 1165 ooutusum)
1380 1079 1556 1147 eTlrurar'a
1584 1081 1729 1161 uffenur,
1759 1084 1786 1146 et
1814 1099 1930 1146 aarum
1957 1101 1996 1146 eu
2021 1081 2136 1166 Opiros,

152 1172 309 1238 vetuisset
329 1169 489 1254 imagines
511 1167 589 1234 ooli:
622 1163 680 1232 sed
707 1175 818 1232 umen
847 1164 909 1230 hoo
930 1163 1045 1230 lenisse
1066 1162 1116 1226 in·
1168 1184 1247 1246 opas
1276 1164 1421 1246 artificis,
1455 1169 1482 1230 et
1510 1185 1625 1232 manas
1651 1165 1842 1243 wullotoria:
1875 1165 2077 1250 byariutlrae,
2110 1171 2139 1236 et

151 1256 362 1335 bonsiderate,
385 1252 471 1337 quod
493 1251 616 1336 templa
637 1259 826 1318 vaouasset:
860 1270 938 1315 nam
959 1257 1047 1326 sunt,
1070 1248 1118 1312 in·
1162 1269 1323 1333 purpure,
1345 1253 1442 1316 varus
1462 1271 1585 1317 eurum:
1606 1271 1686 1332 opas
1705 1252 1881 1334 sapientiem
1902 1271 2013 1318 mnes.

152 1343 235 1426 quit,
265 1342 339 1407 libri
366 1339 557 1405 idiotarum:
591 1339 671 1404 baeu
699 1346 749 1402 est
776 1335 923 1403 elausula
951 1333 1118 1418 epistolae.

152 1429 196 1493 Et
218 1427 355 1511 papistis
383 1426 443 1492 boe
472 1444 600 1508 semper
630 1423 735 1490 estin
758 1443 829 1506 ore,
861 1421 1021 1504 imagines
1048 1439 1118 1486 esse
1254 1420 1420 1504 Propheta
1440 1442 1500 1505 per
1522 1422 1786 1503 antieipationem
1809 1421 1951 1488 ostendit
1980 1422 2137 1506 quidquid

151 1513 251 1580 libros
279 1512 465 1578 idiotarum.
508 1510 639 1576 Interea
667 1509 794 1574 utinam
823 1506 938 1572 saltem
968 1513 1119 1572 tenerent
1170 1515 1220 1573 est
1241 1506 1438 1589 splendoris,
1469 1517 1526 1573 aut
1548 1528 1684 1591 pompae
1706 1509 1738 1574 iu
1761 1506 1872 1585 idolis,
1906 1527 1978 1574 asse
1999 1516 2137 1592 nugato-

151 1597 232 1664 illud
255 1599 449 1684 prineipium
465 1596 628 1680 Gregorii,
650 1616 715 1661 uon
731 1614 801 1660 esee
819 1591 985 1659 uelandus:
1008 1591 1120 1658 uolunt
1169 1593 1265 1673 rium,
1287 1600 1321 1658 et
1341 1593 1416 1676 plue
1438 1613 1534 1677 qnam
1557 1593 1689 1677 puerile.
1733 1593 1819 1662 Nam
1842 1593 1929 1660 unde
1950 1595 1987 1659 fit
2009 1603 2046 1660 ut
2068 1593 2136 1662 ido·

152 1699 185 1750 et
206 1684 344 1750 adorant
366 1684 435 1749 loeo
454 1681 537 1764 Dei,
567 1693 605 1746 nt
625 1682 705 1747 satis
728 1689 841 1748 notum
863 1689 920 1748 est.
965 1676 1031 1745 Sed
1054 1678 1119 1742 iam
1170 1679 1210 1744 lis
1232 1687 1361 1744 tautum
1382 1677 1517 1748 honoris
1535 1679 1659 1750 delerat
1673 1680 1825 1758 muudus,
1848 1680 1911 1746 nisi
1927 1680 2004 1763 quia
2018 1699 2137 1764 pompa

152 1771 221 1836 dixi
253 1769 334 1835 illud
363 1788 553 1852 responsum
577 1767 731 1852 Gregorii
759 1788 830 1834 esse
858 1763 983 1852 puerile
1011 1773 1043 1831 et
1072 1763 1119 1828 la·
1170 1765 1363 1848 perstringit
1390 1783 1503 1836 eornm
1533 1767 1664 1836 oeulos?
1698 1777 1731 1834 et
1763 1764 1911 1836 diabolus
1943 1765 2040 1835 etiam
2074 1766 2136 1834 buo

151 1867 255 1923 tuum.
298 1856 383 1920 Nam
406 1854 558 1920 audimus
579 1855 655 1938 quid
679 1854 766 1921 dieat
793 1854 968 1936 propheta,
1003 1869 1120 1932 nempe
1171 1849 1307 1916 artifieio
1340 1873 1469 1938 semper
1507 1853 1627 1920 delusit
1665 1855 1863 1934 ineredulos,
1904 1873 2021 1938 nempe
2060 1853 2136 1938 quia

150 1945 187 2008 in
209 1943 297 2027 ligno
319 1955 351 2006 et
373 1940 497 2022 lapide,
529 1951 562 2006 et
584 1941 731 2006 inomni
754 1939 862 2024 effigie
890 1949 1028 2004 externa
1048 1956 1119 2003 esse
1171 1939 1348 2007 ostentavit
1368 1939 1404 2004 in
1426 1940 1522 2008 idolis
1545 1941 1652 2008 neseio
1673 1938 1751 2024 quid
1774 1941 1856 2024 quod
1888 1939 2048 2005 mentibus
2076 1938 2135 2005 bn·

152 2029 342 2095 uanitatem.
386 2025 670 2108 Quemadmodum
692 2026 790 2092 etiam
813 2025 974 2092 Habaeulr
996 2025 1026 2089 2
1049 2043 1118 2108 oap.
1170 2028 1296 2092 minum
1319 2028 1411 2109 quasi
1433 2027 1586 2094 tenebras
1606 2025 1797 2094 offunderet.
1841 2025 2007 2110 Propheta
2036 2024 2136 2110 igitur

150 2119 198 2199 (v.
222 2113 276 2200 18)
302 2113 358 2178 nbi
388 2113 531 2196 loquitur
557 2113 596 2178 de
625 2111 734 2194 idolis,
767 2122 861 2178 voest
892 2112 925 2176 in
960 2111 1120 2196 singulari
1170 2121 1306 2196 oeoupat
1328 2113 1387 2178 bas
1409 2113 1525 2178 stultas
1550 2114 1779 2197 eogitatioues:
1810 2117 1844 2175 et
1872 2132 1939 2193 per.
1956 2111 2137 2178 ooueesaio·

152 2220 289 2266 numero
310 2212 382 2290 Ἶρι]
399 2213 489 2278 nutu,
517 2209 567 2264 est
588 2199 699 2264 deuter
720 2199 892 2265 vanitatis:
925 2198 1032 2263 omnis
1053 2205 1119 2263 sta·
1172 2219 1246 2263 nem
1269 2219 1393 2278 aarum,
1415 2199 1530 2282 iuquit,
1558 2199 1726 2282 offertum
1750 2196 1891 2275 uterere,
1923 2196 1984 2264 hoe
2006 2207 2066 2276 est,
2094 2219 2136 2263 ex

154 2297 228 2366 tua,
260 2288 366 2351 omnis
388 2286 510 2368 image,
543 2284 660 2368 quibus
692 2293 809 2368 putant
841 2283 933 2350 stulti
967 2281 1120 2348 mortales
1171 2283 1296 2350 Oilieia.
1336 2284 1420 2349 Num
1444 2285 1504 2350 boo
1526 2286 1658 2350 nomine
1679 2283 1841 2366 seriptnra
1862 2281 2012 2368 designat
2034 2291 2136 2350 totam

153 2373 261 2437 Deum
294 2370 531 2454 repraesentari
560 2379 609 2436 est
638 2369 750 2436 deutur
779 2369 949 2435 mendaoii.
994 2368 1120 2433 lllodem
1171 2369 1261 2436 illam
1284 2371 1453 2456 regionem
1477 2371 1746 2444 transmarinam,
1779 2389 1862 2451 quae
1891 2369 2038 2451 opposita
2067 2379 2139 2434 erat

150 2478 249 2526 seusu
272 2456 350 2523 diait
371 2455 530 2539 propheta
552 2466 664 2520 noster
685 2477 756 2521 esse
778 2455 961 2522 doetriuam
991 2454 1119 2520 uanita-
1172 2456 1320 2525 Iudaeae.
1367 2455 1498 2523 Suimus
1529 2467 1639 2522 autam
1673 2453 1822 2522 Oilioiam
1856 2474 1926 2520 esse
1960 2453 2142 2537 oppositam

153 2559 220 2607 tem
252 2545 286 2608 in
321 2541 470 2608 omnibus
503 2544 638 2624 statuis,
673 2563 789 2625 nempe
822 2542 899 2625 quia
930 2540 992 2607 hoe
1025 2539 1120 2606 modo
1172 2540 1325 2608 Iudaeae:
1361 2561 1438 2607 nam
1469 2543 1547 2608 fiais
1577 2541 1677 2607 marie
1710 2540 1940 2607 mediterranei
1973 2549 2023 2605 est
2057 2540 2143 2608 iuter

152 2629 408 2712 transfiguratur
436 2628 536 2692 Deus.
587 2626 674 2709 Quid
705 2629 793 2692 enim
821 2627 926 2692 simile
954 2635 1003 2692 est
1030 2624 1121 2710 ligno
1172 2627 1314 2710 Syriam,
1338 2639 1371 2693 et
1392 2627 1550 2702 Oilioism.
1595 2627 1723 2692 Voeaut
1744 2646 1836 2692 mere
1858 2625 1995 2693 'Pharaia
2016 2635 2142 2709 partem

151 2725 211 2778 aut
232 2714 331 2796 lapidi
353 2735 426 2778 eum
449 2714 610 2778 immensa
629 2713 692 2778 Dei
714 2711 882 2796 potentia?
905 2732 979 2778 oum
995 2711 1120 2778 ineam·
1171 2713 1270 2792 illam,
1300 2734 1384 2798 quae
1406 2713 1561 2780 tendebat
1580 2733 1698 2778 versus
1718 2711 1845 2796 Cilioes,
1873 2721 1907 2777 et
1936 2719 2046 2796 postea
2068 2732 2141 2777 ver·

152 2798 364 2883 prehensibili
399 2799 539 2864 essentia
571 2808 605 2862 et
633 2798 826 2864 maiestate?
869 2798 1011 2864 Paoiunt
1041 2817 1120 2880 ergo
1173 2819 1229 2864 sus
1251 2798 1366 2865 Asiam
1388 2801 1560 2866 minorem.
1604 2798 1696 2866 Diuit
1718 2799 1819 2882 igitur
1848 2797 2009 2882 propbeta
2030 2797 2143 2864 afferri

154 2884 303 2950 homines
320 2903 450 2969 gravem
473 2884 545 2949 Deo
566 2885 736 2964 iniuriam,
764 2885 843 2950 dum
865 2885 912 2949 ita
934 2885 1041 2967 ipsum
1064 2883 1119 2946 de·
1172 2885 1390 2969 elonginqua
1413 2886 1560 2969 regione:
1594 2884 1686 2962 baua,
1717 2884 1832 2967 inquit.
1878 2884 1939 2949 liat
1961 2883 2142 2949 mnoeasio:

152 2971 310 3035 formant:
350 2969 621 3052 quemadmodum
655 2971 755 3035 etiam
786 2970 908 3036 Paulus
940 2971 1045 3053 primo
1079 2968 1119 3033 ad
1172 2970 1290 3035 deinde
1311 2991 1430 3036 aurum
1452 2971 1550 3036 etiam
1572 2969 1683 3036 afferri
1705 2989 1745 3034 ex
1769 2967 1894 3052 Ophas.
1930 2968 2056 3036 Nomen
2081 2969 2142 3036 hou

152 3055 247 3121 Rom.
270 3077 340 3138 aap.
361 3054 406 3141 (v.
429 3055 484 3142 25)
507 3053 583 3122 dioit
609 3057 657 3120 ita
686 3057 832 3122 eonverti
862 3055 1034 3121 veritatem
1056 3054 1120 3119 Dei
1172 3057 1258 3122 male
1280 3057 1412 3140 quidam
1433 3055 1639 3139 interpretati
1666 3063 1741 3121 aunt
1769 3075 1888 3120 surum
1917 3075 2053 3138 purum.
2087 3055 2143 3123 vel

152 3142 187 3205 in
211 3143 433 3225 mendatium,
467 3143 519 3207 ubi
543 3142 667 3208 seilioet
688 3143 896 3208 existimatur
917 3138 1038 3223 aliquid
1062 3139 1121 3204 ba·
1173 3142 1328 3208 ebrinum.
1363 3141 1446 3206 Nam
1470 3141 1512 3206 ex'
1535 3142 1596 3209 hoo
1618 3140 1696 3218 loeo,
1726 3151 1760 3207 et
1781 3139 1929 3223 pluribus
1952 3141 2024 3206 aliis
2050 3150 2142 3226 patet

152 3227 229 3294 bere
250 3227 357 3293 simile
374 3248 449 3294 eum
468 3229 614 3292 externis
631 3227 764 3310 figuris,
776 3234 810 3292 et
825 3226 955 3309 quidem
973 3226 1120 3304 mortuis,
1172 3249 1243 3294 esse
1265 3247 1384 3293 nomen
1405 3227 1558 3310 regionis,
1581 3246 1697 3309 nempe
1719 3225 1908 3293 Persidem:
1931 3229 2141 3310 nequeenim

152 3311 424 3394 quemadmodum
456 3312 543 3378 idem
572 3313 695 3378 Paulus
728 3313 942 3378 ratiooinatur
976 3311 1027 3376 17.
1050 3330 1119 3394 oap.
1172 3313 1284 3397 proeul
1310 3313 1373 3378 fuit
1402 3311 1598 3378 aPerside:
1632 3312 1749 3378 saltem
1783 3321 1833 3378 est
1862 3311 2031 3379 orientalis
2061 3314 2142 3380 haee

151 3401 227 3463 Aut.
249 3395 296 3483 (v.
319 3397 382 3484 29).
426 3400 480 3463 Au
503 3397 708 3476 existimatis,
730 3399 845 3480 inquit,
870 3396 968 3480 ligno,
1000 3396 1052 3461 vel
1075 3395 1120 3460 la·
1172 3399 1263 3483 regio
1293 3407 1442 3481 respeotu
1467 3397 1617 3464 Iudaeae.
1669 3397 1813 3476 Deinde,
1843 3399 1996 3480 Affertur,
2025 3399 2140 3482 inquit,

151 3484 230 3568 pidi,
254 3503 335 3549 auro
356 3493 390 3548 et
411 3493 545 3568 argento
567 3483 705 3548 similem
729 3503 799 3550 esse
816 3481 949 3548 Deum?
972 3491 1006 3548 et
1027 3490 1120 3547 natu·
1171 3505 1287 3549 numm
1300 3521 1304 3530 ·
1318 3504 1356 3549 eu
1391 3483 1513 3566 Opiros:
1550 3484 1631 3549 bene
1665 3482 1789 3550 aeoedit
1821 3484 1920 3548 etiam
1951 3484 2138 3550 artifioium:

153 3570 266 3636 raliter
291 3569 358 3634 illio
390 3568 550 3651 disputat:
584 3570 736 3652 quoniam
770 3571 935 3653 negotium
969 3568 1018 3633 illi
1050 3576 1120 3632 erat
1171 3589 1244 3635 uum
1265 3589 1343 3650 opus
1365 3569 1506 3651 aratris,
1537 3569 1650 3653 iuquit,
1681 3569 1742 3636 bne
1764 3579 1822 3651 est,
1850 3590 1912 3635 nnn
1939 3578 1990 3635 est
2012 3589 2139 3650 aurum,

151 3676 227 3720 eum
249 3653 395 3739 profanis
416 3657 576 3739 gentibus,
599 3676 666 3719 uon
690 3653 821 3719 addunit
842 3655 966 3738 legam:
992 3661 1121 3736 poterat
1172 3656 1223 3721 vel
1246 3661 1417 3739 argentum
1439 3654 1528 3734 rude,
1550 3654 1607 3722 sed
1628 3654 1827 3722 lineamenta
1848 3661 1925 3720 sunt
1946 3655 1993 3720 ita
2008 3655 2139 3738 elegan-

153 3740 813 3910 {timelllt'tt²tsstl.tlt‘·,itti
836 3739 897 3890 ⁵33
915 3739 1120 3890 lltdlt
1171 3738 1814 3911 tzrtlp‘tltabtlutltltt
1828 3739 1871 3890 ii
1894 3739 2139 3908 saltitat

154 3910 274 3976 viderit
295 3911 409 3976 faeiem
432 3911 591 3976 bominis:
624 3919 753 3993 peterat
774 3913 871 3976 otiam
898 3909 1056 3976 addneere
1078 3931 1118 3976 ex
1171 3910 1238 3998 tur)
1259 3912 1448 3992 madauris,
1480 3911 1541 3976 hoo
1571 3921 1637 3987 eat,
1667 3921 1838 3996 argentum
1861 3921 1895 3977 et
1916 3932 2032 3978 aurum
2056 3911 2138 3978 illud

153 3996 250 4074 Ieaie,
272 4003 306 4060 et
327 3997 475 4077 Ieremia,
498 4007 530 4062 et
552 3997 625 4062 aliia
642 3997 807 4079 prophetis
825 3997 1019 4062 testimonia.
1053 3995 1119 4062 Sed
1171 3997 1309 4064 eonflate
1330 4005 1416 4073 sunt,
1446 4005 1479 4062 et
1501 3999 1548 4062 ita
1568 4008 1744 4080 eoeperunt
1765 3997 1902 4062 sormam
1923 3997 2065 4080 aliquam
2087 3999 2138 4062 in·

152 4082 307 4167 quoniam
347 4084 431 4164 apud
476 4083 626 4165 profanos
671 4082 817 4147 homines
861 4081 1119 4164 ooneionabatur,
1171 4083 1282 4149 duere.
1327 4083 1473 4148 Aonessit
1495 4083 1612 4150 deinde
1636 4083 1829 4164 artifioinm,
1861 4081 1944 4164 qnod
1975 4086 2079 4168 magis
2100 4103 2137 4149 ae

153 4187 271 4250 nempe
293 4166 452 4251 Athenis,
479 4169 550 4233 ideo
573 4167 667 4250 dioit,
695 4167 790 4234 Unus
812 4189 852 4232 ex
876 4167 980 4251 poetis
1003 4169 1119 4232 vestris
1171 4170 1275 4251 magis
1297 4168 1456 4249 expoliret
1478 4170 1597 4234 formas
1618 4167 1706 4248 illae,
1739 4188 1822 4251 quae
1851 4169 2000 4234 exierant
2027 4189 2045 4233 e
2074 4169 2137 4236 for-

153 4254 239 4318 dixit
260 4274 319 4319 nos
341 4274 410 4318 esse
432 4274 536 4338 genus
551 4254 630 4319 Dei:
652 4254 680 4318 si
703 4273 780 4336 ergo
797 4273 911 4318 sumus
926 4273 1030 4335 genus
1046 4253 1119 4330 Dei,
1172 4274 1260 4319 naee.
1307 4253 1441 4333 Postea,
1474 4253 1671 4338 Hyacinthus
1703 4260 1731 4319 et
1756 4275 1906 4337 purpura
1938 4259 2011 4320 aaut
2039 4259 2137 4322 vesto

154 4340 276 4423 inquit,
303 4359 412 4403 nonne
435 4339 604 4404 detrahitis
628 4341 734 4404 Deum
756 4360 774 4403 e
796 4361 854 4404 suo
875 4337 1004 4403 eoelesti
1027 4337 1118 4416 solio,
1170 4359 1283 4418 mm,
1305 4337 1339 4402 id
1361 4348 1419 4416 est,
1443 4360 1506 4405 non
1529 4342 1649 4405 suffieit
1676 4341 1817 4422 pretiosa
1845 4341 1901 4405 illa
1928 4341 2074 4418 materia,
2106 4351 2139 4407 et

153 4444 254 4507 quum
277 4425 381 4488 vultis
401 4423 495 4488 illum
518 4424 665 4509 redigere
687 4423 727 4488 ad
750 4434 860 4490 vestra
881 4425 1052 4508 figmenta,
1084 4435 1120 4488 ut
1171 4427 1274 4490 forma
1295 4425 1394 4489 etiam
1414 4425 1572 4492 eouoinue
1595 4435 1628 4490 et
1649 4426 1772 4490 affabre
1793 4427 1983 4508 eomposia:
2007 4427 2064 4492 sed
2086 4427 2138 4491 in·

152 4511 254 4575 lateat
277 4512 337 4575 sub
359 4510 459 4594 ligno,
482 4509 543 4574 sub
566 4509 680 4592 lapide,
703 4510 763 4575 sub
786 4529 865 4575 nure
886 4509 940 4573 vel
959 4509 1117 4592 argento?
1172 4511 1317 4576 dnuntur
1350 4511 1448 4575 etiam
1483 4531 1628 4593 purpura
1656 4521 1689 4577 et
1722 4510 1910 4596 hyacintho.
1958 4511 2137 4595 Postremo,

154 4617 232 4660 uam
265 4595 380 4660 saltem
410 4595 504 4679 vigor
537 4594 653 4677 aliquis
685 4607 821 4680 apparet
852 4595 887 4658 iu
922 4594 1119 4674 hominibus,
1170 4617 1258 4678 opus,
1288 4597 1404 4680 inquit,
1433 4597 1619 4680 sapientum,
1644 4597 1706 4664 hoe
1734 4606 1793 4678 est,
1828 4597 1997 4680 eliguntur
2025 4599 2138 4663 eximii

156 4679 294 4762 praediti
322 4693 401 4746 sunt
429 4689 537 4746 mente
565 4689 598 4744 et
626 4680 860 4764 intelligentia:
893 4681 941 4745 ita
971 4679 1119 4745 referunt
1171 4683 1335 4763 homines,
1368 4692 1403 4746 et
1430 4682 1485 4764 qui
1512 4683 1767 4764 exquisitissime
1799 4684 1924 4765 possint
1954 4684 2137 4766 exprimere

154 4766 331 4849 imaginem
354 4766 428 4831 Dei.
473 4764 539 4832 Sed
569 4766 692 4849 lignum
723 4779 904 4844 mortuum,
933 4765 1031 4849 lapis,
1063 4767 1119 4848 qui
1171 4787 1284 4832 omnes
1317 4767 1419 4832 lineas
1452 4768 1486 4831 in
1519 4769 1708 4849 torporibus
1740 4769 1815 4833 illia.
1869 4767 2022 4851 Denique
2055 4768 2138 4834 nihil

154 4871 253 4917 sensu
275 4862 370 4932 earet,
393 4872 518 4930 eurum,
541 4862 575 4916 et
592 4860 772 4935 argentum,
795 4873 879 4934 quae
894 4859 973 4917 suut
987 4851 1120 4916 metella
1171 4863 1278 4936 potest
1305 4852 1491 4917 desiderari.
1537 4852 1603 4919 Sed
1633 4853 1791 4938 propheta
1820 4855 1970 4936 quamvis
1998 4855 2033 4918 iu
2063 4874 2137 4937 ape·

154 4937 277 5022 absque
299 4939 433 5016 ratione,
464 4937 580 5021 quibus
604 4937 692 5002 nulla
716 4938 782 5001 vita
803 4939 924 5015 subest,
955 4958 997 5001 au
1021 4937 1119 5001 habe·
1171 4939 1253 5003 eiem
1275 4936 1429 5003 eonoedat
1449 4938 1624 5004 incredulis
1655 4937 1811 5020 quidquid
1840 4948 1968 5021 poterat
1996 4940 2137 5022 gratiam
2275 4975 2276 4980 κ

154 5022 238 5086 bunt
258 5022 382 5104 aliquid
404 5023 503 5087 affine
525 5023 620 5088 Deo?
641 5023 760 5104 iuquit.
795 5023 867 5088 Heu
889 5032 998 5106 posset
1016 5022 1120 5087 multo
1154 5021 1338 5106 ‘acquirere
1361 5041 1473 5087 eorum
1495 5023 1608 5100 idolis,
1640 5033 1751 5090 tamen
1773 5024 1915 5089 ostendit
1936 5044 2007 5090 osse
2029 5045 2137 5092 meras

154 5107 315 5190 copiosius
338 5109 479 5186 traotari,
502 5108 558 5173 sed
582 5120 710 5174 tautum
732 5128 858 5189 expono
881 5119 1022 5173 mentem
1046 5129 1119 5191 pro-
1172 5127 1292 5192 nugae:
1324 5105 1419 5184 Sunt,
1442 5109 1558 5191 inquit,
1580 5129 1724 5192 puppae:
1758 5131 1834 5175 nam
1856 5109 1954 5174 bomo
1976 5109 2033 5191 qui
2054 5132 2138 5175 mor·

154 5194 286 5276 phetae,
320 5204 352 5258 et
379 5194 475 5259 simul
505 5196 603 5260 etiam
626 5193 759 5260 ostendo
781 5214 933 5276 quorsum
959 5194 1120 5277 pertineat
1172 5194 1327 5271 tulisset,
1350 5213 1415 5257 non
1438 5193 1849 5277 potestlabrioaredeum.
1890 5194 2030 5272 Deinde,
2061 5195 2137 5279 quid

155 5279 235 5346 baeu
258 5277 421 5363 doctriua,
456 5287 488 5345 et
510 5282 672 5363 quomodo
694 5282 796 5364 aptari
826 5279 941 5344 debeat
969 5280 1003 5344 in
1033 5299 1119 5344 eom·
1172 5302 1236 5360 ars,
1267 5288 1299 5344 et
1320 5279 1493 5355 industria,
1526 5291 1558 5344 et
1586 5279 1677 5346 labor
1705 5281 1847 5346 hominis
1877 5290 1984 5363 potest
2013 5282 2074 5347 hae
2102 5283 2138 5347 in

155 5386 287 5432 munem
311 5387 413 5430 usum.
457 5366 528 5430 Iam
551 5366 704 5448 sequitur,
1172 5366 1288 5449 parte?
1320 5385 1362 5430 au
1384 5366 1524 5432 mutabit
1551 5387 1660 5431 rerum
1691 5367 1866 5431 naturam?
1900 5387 1942 5432 an
1974 5369 2068 5436 laeiet
2095 5391 2138 5436 ex

1902 5470 1936 5526 5*
