5158 6124
363 467 428 532 463
1172 463 1559 532 PRAEnncclortus
2303 464 2369 528 464

364 657 469 738 pistae
491 656 619 738 fingunt
642 673 700 718 nos
723 674 793 719 essa
823 652 984 717 flexibiles
1013 651 1046 716 in
1070 661 1245 734 utramque
1268 672 1338 733 par·
1385 652 1510 736 pulum,
1532 659 1560 717 et
1580 674 1613 719 aa
1633 655 1773 720 chheim
1793 654 1861 736 sora
1882 653 1951 718 illia
1973 654 2007 718 iu
2031 653 2147 733 Deum,
2168 654 2245 734 gaio
2267 673 2369 717 recar-

364 757 441 820 tam,
463 750 531 805 tam
553 743 588 805 in
611 739 731 804 bouum
754 759 854 822 qnam
876 739 910 802 in
933 736 1072 802 malum:
1100 749 1133 800 et
1153 738 1200 800 ita
1222 748 1340 818 putant
1390 743 1493 802 taram
1513 740 1556 804 od
1577 741 1686 822 ipsam
1705 746 1764 806 toto
1785 739 1883 806 corda.
1929 738 1992 804 His
2021 740 2130 805 verbis
2158 740 2281 804 elarius
2311 737 2367 803 de-

364 847 424 892 nos
445 837 561 910 sponte
586 845 684 908 posse
713 823 858 890 converti
886 835 1057 906 postquam
1081 839 1100 887 a
1121 821 1194 886 Dec
1224 823 1341 888 deleci-
1390 836 1551 890 monstrat
1574 827 1732 908 propheta
1753 823 1840 909 quod
1863 844 1968 907 nuper
1989 825 2109 908 attigit¹
2140 845 2258 906 nempe
2287 833 2367 890 tunc

367 932 452 978 mus.
508 910 574 977 Sed
609 911 767 993 propheta
798 910 886 974 clare
915 909 1058 974 ostendit
1087 909 1147 973 hoc
1175 908 1339 992 peculiare
1390 908 1523 974 demum
1547 910 1724 977 salutarem
1748 932 1819 978 esee
1842 931 1938 977 usum
1963 909 2195 976 beneficiorum
2213 908 2287 987 Dei,
2310 909 2368 975 ubi

364 1017 435 1062 esea
455 997 520 1063 Dei
551 995 683 1062 donum.
728 995 824 1077 Quod
853 995 942 1060 anim
972 994 1033 1058 sihi
1063 994 1215 1060 vendicat
1238 995 1338 1074 Deus,
1391 1005 1480 1060 recta
1513 997 1552 1059 ad
1587 1000 1694 1078 ipsum
1728 1007 1875 1063 autorem
1906 1016 1964 1061 noe
1994 996 2150 1079 dirigunt.
2202 994 2368 1076 Quamdiu

364 1091 454 1148 certe
486 1103 553 1147 non
586 1083 693 1148 aufert
735 1080 938 1155 hominihus,
978 1081 1073 1162 quasi
1113 1081 1244 1162 privare
1286 1103 1340 1146 eoa
1391 1101 1470 1164 ergo
1495 1080 1703 1148 subsistimus
1730 1085 1765 1146 in
1788 1083 1852 1147 Dei
1878 1082 2050 1158 beneficiis.
2081 1094 2194 1164 torpor
2214 1081 2271 1145 ille
2290 1081 2369 1146 lauit

365 1168 447 1234 velit
464 1167 533 1232 ullo
552 1169 633 1245 iure,
656 1168 741 1250 quod
761 1166 802 1231 ad
821 1168 908 1250 ipsos
927 1167 1107 1250 pertineat:
1130 1165 1339 1248 quemadmo·
1383 1177 1429 1244 ,ιιι
1450 1186 1514 1249 quo
1536 1167 1702 1234 liberalior
1729 1181 1780 1234 est
1809 1187 1889 1252 erga
1912 1188 1971 1233 nos
1993 1189 2032 1232 eo
2054 1168 2164 1232 minus
2184 1167 2288 1233 simus
2310 1187 2367 1232 ex-

366 1253 444 1318 dum
468 1253 639 1338 Pelagiani
669 1254 869 1326 existimant,
897 1272 998 1335 prope
1020 1251 1129 1316 Deum
1155 1272 1228 1317 esse
1255 1252 1341 1316 invi·
1391 1251 1562 1318 curabiles.
1619 1252 1686 1319 Sed
1721 1256 1777 1319 ubi
1811 1262 1945 1337 gustum
1981 1254 2178 1337 percipimus
2210 1253 2369 1318 honitatis

366 1338 454 1410 dnm.
479 1339 534 1404 uhi
558 1340 744 1421 pronuntiat
768 1340 1012 1403 conversionem
1035 1336 1176 1402 hominis
1205 1356 1276 1402 asse
1304 1338 1339 1401 in
1393 1338 1465 1412 Dei,
1488 1351 1521 1402 et
1544 1348 1699 1422 paternae
1721 1361 1801 1425 arga
1823 1359 1884 1404 noa
1906 1339 2164 1416 benevolentiae,
2187 1350 2267 1403 tuno
2290 1357 2368 1402 vere

366 1445 470 1489 mauu
504 1445 573 1491 sua.
625 1423 690 1490 Sed
725 1424 901 1490 diabolicus
930 1434 981 1488 est
1013 1423 1069 1487 ille
1101 1423 1203 1488 furor.
1251 1421 1341 1489 Satis
1391 1423 1533 1489 fruimur
1565 1425 1635 1490 eina
1670 1426 1771 1491 bonis.
1827 1425 1900 1489 Hoc
1937 1427 1998 1491 sibi
2032 1424 2151 1489 volunt
2187 1423 2369 1506 prophetae

364 1511 467 1595 igitur
489 1509 583 1576 nobis
605 1510 658 1588 eit,
682 1511 768 1593 qnod
786 1510 876 1574 Dens
894 1510 957 1576 eibi
974 1508 1125 1574 vendicat
1146 1509 1179 1573 id
1203 1509 1342 1575 homini·
1392 1509 1500 1583 verba.
1522 1531 1621 1593 quum
1644 1510 1733 1590 dicit,
1763 1512 1832 1577 Ero
1854 1511 1922 1576 illia
1943 1512 1980 1575 ia
2001 1510 2116 1586 Deum,
2144 1513 2172 1574 at
2192 1510 2258 1591 ipsi
2278 1515 2370 1574 aaut

365 1596 425 1662 bns
458 1595 598 1670 auferri,
631 1597 710 1679 qnia
742 1617 806 1660 non
837 1607 888 1661 est
916 1595 1070 1677 ipsorum.
1121 1593 1233 1675 Quum
1263 1615 1341 1678 ergo
1391 1593 1471 1659 mitt
1493 1597 1529 1660 ia
1552 1597 1715 1678 poputum.
1761 1599 1832 1662 Iam
1862 1596 1940 1678 quid
1971 1595 2051 1662 haec
2081 1595 2228 1678 loquutio
2252 1596 2369 1674 valeat,

363 1681 509 1746 affirmat
541 1701 575 1748 aa
605 1683 756 1747 dolorm
789 1681 856 1748 iilis
886 1701 938 1747 cor
970 1686 1004 1746 at
1036 1680 1230 1764 magona,
1265 1681 1341 1746 hino
1393 1680 1469 1746 alibi
1500 1681 1621 1746 dictum
1653 1683 1724 1748 luit.
1770 1683 1914 1747 Tametsi
1942 1682 2030 1746 enim
2061 1682 2247 1746 dominatur
2278 1681 2370 1746 Dens

363 1767 558 1850 colligimus,
590 1768 739 1832 homines
762 1778 882 1832 natura
902 1787 1012 1833 caecos
1035 1787 1116 1845 esse,
1144 1765 1262 1832 deinde
1285 1767 1340 1831 ubi
1394 1767 1453 1831 toti
1476 1767 1609 1842 mundo,
1633 1769 1750 1833 asserit
1772 1783 1881 1832 amen
1905 1787 1940 1832 sa
1961 1766 2071 1832 Deum
2100 1788 2171 1832 esse
2196 1766 2370 1832 ecclesiae:

364 1854 529 1919 excaecati
552 1863 629 1918 sunt
651 1875 670 1919 a
692 1852 819 1918 diabolo
842 1873 906 1918 non
938 1873 1031 1936 possa
1054 1851 1160 1916 redire
1183 1853 1218 1916 in
1240 1853 1341 1932 viam,
1392 1864 1425 1916 et
1447 1853 1569 1928 fideles,
1593 1874 1673 1936 quoe
1695 1853 1871 1937 adoptavit,
1894 1853 2051 1935 dignatur
2073 1853 2136 1919 hcc
2155 1852 2260 1936 elogio
2282 1851 2370 1934 quod

363 1959 424 2004 nec
447 1938 543 2003 aliter
565 1939 647 2004 lucie
670 1957 907 2021 esse-capaces,
931 1938 993 2004 nisi
1012 1937 1089 2002 dum
1108 1945 1235 2003 mentes
1258 1939 1341 2020 ipso·
1392 1939 1460 2002 sint
1482 1938 1554 2005 aius
1577 1940 1724 2021 populus,
1751 1951 1789 2005 ut
1817 1944 1965 2004 statuant
1987 1941 2021 2002 in
2044 1958 2082 2003 eo
2109 1937 2171 2003 eibi
2194 1940 2369 2019 repositam

363 2044 436 2089 rum
466 2024 559 2089 Dens
588 2023 754 2089 illuminat
778 2024 898 2108 spiritu
927 2045 997 2090 sun.
1042 2021 1203 2088 Videmus
1233 2026 1340 2106 itaqua
1392 2044 1463 2089 esse
1484 2024 1634 2103 salutem,
1663 2025 1938 2107 quemadmodum
1969 2025 2087 2090 dicitur
2111 2025 2139 2088 l.
2163 2045 2232 2105 cap.
2255 2022 2370 2088 Haba-

363 2110 531 2174 hominsm
550 2130 593 2173 ex
611 2130 674 2192 quc
693 2110 819 2186 cecidit,
843 2131 908 2175 non
926 2130 1019 2195 posse
1034 2129 1214 2192 resurgere,
1239 2111 1341 2174 donec
1364 2148 1366 2207 p
1392 2109 1482 2175 lauch
1504 2107 1551 2194 (v.
1576 2110 1639 2196 12),
1660 2113 1712 2176 Τιι
1730 2110 1822 2176 Deus
1840 2120 1960 2188 noster,
1984 2130 2051 2176 non
2073 2111 2267 2176 moriemur:
2291 2129 2370 2173 nam

364 2214 499 2260 manum
524 2196 670 2278 porrigat
691 2194 739 2259 illi
763 2196 865 2276 Dens,
893 2216 960 2260 uon
990 2205 1117 2260 tantum
1148 2205 1185 2258 ut
1208 2196 1341 2260 adiuvet
1364 2212 1366 2281 ι
1392 2195 1548 2262 Christus
1580 2197 1722 2278 optimus
1755 2207 1804 2262 aet
1836 2197 1936 2261 etiam
1970 2196 2134 2279 interpres
2163 2194 2262 2260 huius
2294 2215 2372 2259 sen·

364 2278 656 2365 (quemadmodum
679 2283 835 2364 papistae‚
869 2283 1022 2365 quoniam
1045 2300 1112 2345 non
1134 2281 1257 2346 audant
1278 2281 1341 2346 sihi
1364 2290 1366 2305 '
1393 2283 1524 2354 tentiae,
1547 2302 1648 2363 quum
1671 2282 1751 2349 dicit
1768 2282 1876 2347 Deum
1897 2301 1962 2346 non
1980 2302 2052 2346 ease
2074 2285 2288 2360 mortuoram,
2311 2280 2370 2345 sad

362 2386 518 2450 arrogare
535 2386 651 2432 omnes
672 2367 895 2450 poenitentiae
917 2373 1036 2451 partes,
1060 2366 1232 2431 dimidiant
1254 2369 1341 2432 inter
1393 2370 1542 2431 vivorum
1567 2368 1663 2450 (Luc.
1686 2368 1737 2446 20,
1761 2367 1832 2454 38):
1856 2368 1971 2451 probat
1991 2388 2032 2432 ex
2051 2367 2240 2433 testimonio
2255 2367 2370 2445 Masis,

363 2471 398 2516 sa
427 2463 461 2516 et
491 2451 612 2537 Deum)
642 2452 699 2517 aed
730 2463 766 2516 nt
797 2473 816 2516 a
845 2453 1005 2536 principio
1035 2453 1074 2516 ad
1104 2452 1203 2517 finem
1238 2473 1341 2535 usque
1392 2452 1571 2534 Abraham,
1594 2453 1695 2534 isaac,
1719 2465 1752 2518 et
1774 2454 1871 2518 Iacob
1895 2465 1967 2534 poet
1985 2464 2123 2519 mortem
2139 2452 2240 2518 inisse
2257 2471 2371 2533 super·

363 2536 540 2620 compleat:
563 2537 824 2620 qnandoquidem
849 2537 942 2604 Deus
963 2539 1015 2604 hic
1038 2559 1104 2601 non
1127 2547 1263 2603 vocatur
1285 2538 1340 2604 ad·
1393 2539 1495 2603 stites.
1541 2538 1675 2620 Quare?
1705 2539 1768 2604 nisi
1798 2541 1884 2604 enim
1914 2539 1984 2605 Dec
2006 2539 2168 2618 viverent,
2199 2559 2265 2602 non
2296 2558 2371 2619 prc-

363 2622 452 2687 iutor
474 2624 692 2705 poenitentiae
715 2624 771 2688 aed
794 2634 899 2690 autor.
939 2624 1014 2689 Non
1037 2621 1115 2689 dicit
1137 2643 1215 2706 ergo
1237 2623 1340 2708 Deus,
1393 2623 1560 2688 nuntiaret
1582 2645 1617 2689 sa
1638 2646 1711 2690 esse
1740 2625 1870 2691 illorum
1894 2624 2014 2689 Deum.
2059 2623 2172 2704 Quum
2196 2645 2273 2688 varo
2294 2644 2372 2688 cen·

363 2705 471 2790 Opem
506 2708 625 2785 taram,
657 2719 692 2772 ut
719 2729 820 2792 quum
844 2708 884 2774 ad
914 2730 967 2773 me
996 2708 1190 2775 sustulerint
1218 2709 1340 2784 oculos,
1365 2703 1367 2821 l
1392 2719 1463 2774 seat
1484 2712 1573 2793 ipsos
1595 2731 1635 2774 ex
1659 2711 1778 2794 populo
1801 2731 1869 2788 sno,
1900 2710 1997 2775 simul
2021 2709 2165 2775 ostendit
2193 2709 2258 2773 iam
2288 2709 2372 2790 ipsis

282 2840 285 2846 ·
365 2792 508 2860 habeant
528 2813 582 2858 me
598 2795 710 2860 statim
725 2795 867 2860 obvium.
903 2795 976 2860 Hoc
992 2814 1056 2858 uon
1073 2793 1165 2859 dicit:
1188 2793 1244 2859 ead
1262 2795 1341 2860 dubo
1393 2798 1568 2878 repositam
1598 2795 1683 2876 apud
1718 2817 1753 2862 se
1784 2797 1895 2862 vitam.
1953 2795 2102 2878 Denique
2131 2796 2281 2859 videmus
2315 2795 2371 2858 hic

363 2879 432 2944 illis
453 2899 506 2946 cor
527 2881 571 2945 od
587 2880 829 2965 iatdiiyetdam.
864 2880 975 2962 Quum
993 2891 1102 2945 autem
1121 2879 1340 2963 intelligentia
1393 2881 1537 2962 promitti
1560 2900 1580 2944 a
1601 2880 1675 2947 Deo
1703 2903 1769 2948 non
1797 2880 2035 2946 restitutionem
2063 2880 2176 2964 exigui
2203 2881 2371 2962 temporie,

363 2965 558 3048 principium
581 2966 625 3030 sit
646 2967 896 3049 resipiscentiae,
919 2967 1066 3049 sequitur
1084 2965 1251 3030 hominem
1271 2987 1340 3030 ma·
1393 2965 1449 3030 sed
1472 2966 1572 3031 simul
1600 2966 1734 3052 adiungi
1764 2988 1854 3053 spem
1885 2977 2038 3033 aeternae
2060 2967 2149 3033 vitm
2171 2972 2206 3030 et
2234 2965 2371 3031 salutis:

364 3070 442 3114 nere
465 3050 593 3117 diabolo
615 3051 792 3130 addictam,
815 3063 849 3116 et
866 3054 959 3135 qnasi
981 3053 1214 3133 mancipatum,
1238 3051 1341 3117 donec
1392 3053 1470 3134 quia
1494 3051 1607 3117 ludaei
1627 3073 1691 3117 non
1716 3064 1843 3119 tantum
1862 3054 2016 3120 redibunt
2038 3053 2072 3116 in
2091 3051 2242 3134 patriam,
2265 3071 2371 3134 quum

366 3137 474 3217 ipsum
498 3136 589 3201 Deus
611 3157 629 3200 e
650 3139 772 3201 misera
801 3137 858 3201 illa
879 3138 1039 3203 servitute
1066 3137 1228 3202 extrahat.
1272 3136 1340 3203 De·
1393 3138 1501 3203 exitus
1530 3159 1549 3202 e
1576 3137 1742 3204 Chaldaea
1773 3139 1954 3221 promissus
1983 3137 2050 3202 illis
2078 3138 2194 3220 fuerit,
2232 3147 2265 3202 et
2293 3135 2372 3200 data

364 3219 463 3301 nique
486 3220 772 3296 statuendumest‚
794 3222 1012 3305 simulatque
1034 3221 1181 3288 diabolus
1203 3221 1340 3287 noeab·
1365 3217 1368 3298 Ι
1393 3222 1526 3289 libertas
1559 3223 1648 3288 urbis
1682 3224 1921 3308 aedificandae,
1953 3223 2010 3290 sed
2039 3221 2138 3289 simul
2167 3223 2269 3287 futuri
2302 3223 2371 3287 sint

366 3302 463 3368 duxit
484 3325 504 3368 a
525 3313 615 3370 recta
638 3307 691 3370 via
713 3306 838 3386 salutis,
861 3325 928 3371 non
943 3326 1037 3389 posse
1052 3306 1146 3373 nobis
1161 3308 1339 3390 quidquam
1364 3301 1368 3385 l
1393 3329 1475 3373 vera
1497 3309 1559 3374 Dei
1579 3310 1725 3375 ecclesia.
1771 3311 1914 3375 Additur
1942 3310 2040 3376 etiam
2064 3309 2156 3385 ratio,
2190 3309 2276 3390 Quia
2302 3329 2373 3374 cca·

366 3390 482 3455 venire
503 3390 539 3453 in
561 3397 705 3456 mentem
735 3389 820 3473 quod
848 3412 916 3457 non
945 3394 1050 3476 magis
1080 3411 1140 3457 nos
1169 3392 1341 3475 demergat
1393 3399 1558 3474 omento,
1587 3396 1703 3478 inquit,
1734 3396 1777 3462 ad
1805 3415 1853 3461 ure
1873 3397 1909 3461 iu
1930 3396 2106 3482 totocorde
2126 3414 2191 3460 atto.
2234 3394 2372 3476 Repetit

364 3474 401 3539 in
424 3475 573 3555 exitium,
597 3475 700 3541 donec
717 3477 805 3543 Deus
824 3487 1016 3554 antevertat,
1039 3488 1073 3543 et
1094 3478 1142 3542 ita
1163 3499 1223 3544 nos
1246 3479 1341 3542 redu·
1393 3479 1477 3563 quod
1501 3480 1566 3545 iam
1590 3480 1742 3561 vidimus,
1773 3501 1890 3564 nempe
1912 3482 1981 3546 iore
2012 3480 2161 3546 cordatos
2189 3489 2223 3543 et
2252 3479 2373 3544 intelli·

364 3569 419 3626 cat
440 3560 525 3626 nihil
548 3560 658 3626 minus
679 3562 870 3645 cogitantes.
903 3564 1014 3629 Locus
1035 3565 1134 3628 etiam
1158 3563 1211 3628 hic
1233 3575 1339 3630 osten·
1392 3576 1516 3649 gentes,
1540 3585 1641 3648 quam
1665 3567 1804 3633 fuissent
1827 3567 1882 3632 diu
1905 3567 2038 3651 stupidi,
2061 3578 2094 3630 et
2111 3585 2214 3648 qnnm
2237 3585 2293 3628 aas
2314 3586 2373 3629 ax-

365 3644 415 3710 dit
437 3666 501 3710 non
524 3645 620 3712 aliter
640 3666 735 3729 posse
757 3667 816 3713 nos
838 3649 878 3714 ad
905 3650 1011 3714 Deum
1035 3651 1161 3714 sincere
1182 3650 1340 3728 converti,
1392 3663 1555 3717 caecasset
1578 3650 1733 3727 diabolus.
1763 3653 1811 3717 ita
1835 3661 1873 3717 ιιι
1894 3673 1959 3718 ιιοιι
1980 3661 2089 3718 essent
2110 3671 2248 3734 capaces
2269 3671 2373 3716 sanae

365 3731 429 3794 nisi
463 3731 517 3795 ubi
557 3733 764 3815 agnoscimus
803 3735 911 3814 ipsum
945 3755 1017 3800 esse
1049 3735 1198 3800 indicem.
1254 3735 1340 3800 Nam
1392 3736 1568 3801 doctrinae.
1621 3736 1809 3815 (laetarum,
1840 3739 1988 3821 quamvis
2010 3737 2193 3802 necessario
2223 3755 2275 3801 ras
2305 3737 2374 3801 siut

366 3814 469 3880 donec
492 3827 641 3896 peccator
662 3838 698 3882 aa
719 3817 816 3883 eistat
837 3824 877 3883 ad
898 3820 1043 3886 tribunal
1066 3822 1138 3900 Dei,
1169 3841 1339 3902 nunquam
1391 3823 1594 3899 coniunctae,
1617 3822 1682 3886 Dei
1705 3834 1739 3888 et
1759 3822 1929 3888 hominum
1953 3823 2173 3888 reconciliatio
2194 3834 2229 3887 et
2259 3824 2373 3904 poeni·

365 3901 1037 4070 titilillttitttttoitltt
1058 3907 1341 4077 tittitittt
1392 3907 1506 4059 tlt·
1520 3916 1638 4059 titt
1663 3907 2373 4077 ”ttltolttttllt-iiitmtitttti

366 4091 428 4137 ncs
447 4071 488 4136 ad
507 4093 542 4136 sa
563 4074 731 4154 respicere.
766 4073 964 4157 Quanquam
984 4075 1044 4140 snb
1062 4080 1193 4142 nomine
1210 4077 1341 4144 Ieltcuce
1393 4079 1490 4144 multi
1507 4098 1662 4161 perversa
1676 4079 1910 4164 imaginantur,
1929 4081 2077 4145 homines
2092 4080 2212 4144 mereri
2229 4081 2373 4156 veniam,

366 4157 442 4240 plus
480 4157 769 4240 comprehenditur
805 4180 901 4242 qaam
936 4160 998 4224 Dei
1036 4161 1199 4229 maiestas.
1255 4164 1339 4229 Nam
1393 4167 1470 4248 quia
1492 4165 1699 4247 resipiscunt.
1746 4165 1871 4230 Varum
1900 4165 2033 4248 qnidam
2064 4175 2115 4232 eet
2144 4165 2251 4230 Deum
2286 4186 2372 4230 nun·

366 4243 469 4308 sumit
491 4243 688 4341 principium
719 4243 799 4309 illud
829 4245 913 4328 qnod
944 4244 1082 4310 debebat
1114 4249 1192 4314 eatis
1226 4259 1339 4314 notum
1393 4269 1491 4332 qnam
1514 4251 1609 4314 nohis
1631 4271 1702 4316 asse
1724 4251 1914 4333 propitium,
1938 4251 2001 4317 nisi
2021 4250 2077 4316 ubi
2100 4249 2142 4315 ad
2165 4251 2276 4331 ipsum
2299 4271 2374 4316 con-

367 4347 439 4394 asse
472 4337 533 4392 totr
594 4329 702 4410 opulo‚
735 4329 845 4394 Deum
880 4351 995 4396 verum
1028 4353 1109 4411 esee,
1141 4335 1196 4414 qui
1230 4355 1340 4400 semen
1395 4335 1572 4400 vertimur:
1602 4336 1659 4401 sed
1689 4337 1876 4402 coniunctio
1906 4357 1973 4402 non
2005 4337 2079 4402 facit
2108 4344 2145 4400 ut
2166 4337 2374 4418 poenitentia

366 4412 522 4479 Abrahae
543 4351 605 4478 sibi
632 4413 785 4497 elegerat,
814 4417 870 4514 qni
898 4415 1004 4514 legem
1032 4436 1125 4482 suam
1153 4420 1341 4503 promulga-
1394 4439 1491 4486 cauea
1519 4422 1563 4485 eit
1592 4422 1720 4500 veniae,
1755 4434 1792 4486 ιιι
1820 4422 1886 4486 iam
1915 4421 2037 4487 dictum
2065 4423 2145 4486 fuit:
2178 4421 2246 4485 imo
2279 4421 2374 4488 docet

368 4507 463 4564 verat
495 4518 555 4580 per
587 4519 722 4564 manum
755 4499 871 4574 hicne,
906 4521 961 4581 qur
994 4502 1106 4567 loedue
1138 4517 1341 4584 percusserat
1394 4506 1473 4570 eatis
1495 4517 1605 4588 aperte
1627 4507 1682 4573 hic
1700 4507 1798 4583 locus,
1823 4527 1865 4570 ex
1885 4508 1993 4591 gratia
2007 4507 2069 4573 Dei
2089 4521 2122 4571 et
2137 4527 2228 4572 mera
2244 4509 2373 4573 miseri·

366 4605 444 4651 cnm
481 4582 636 4649 Abrahae
672 4587 822 4666 posteris.
878 4585 952 4650 Non
986 4587 1119 4652 dubium
1158 4588 1260 4670 igitur
1292 4605 1342 4656 ost
1393 4591 1504 4657 cordia
1526 4591 1668 4673 pendere
1689 4594 1793 4675 ipsam
1817 4595 2060 4674 poenitentiam.
2093 4591 2191 4674 Quod
2209 4594 2373 4658 siveram

368 4672 454 4754 quin.
484 4669 646 4753 propheta
682 4670 846 4753 intelligat
883 4670 1035 4744 Iudaeos,
1075 4671 1130 4737 ubi
1166 4673 1341 4740 illuminati
1394 4686 1453 4756 est,
1474 4679 1621 4759 sequitur
1636 4698 1715 4762 ergo
1731 4678 1915 4760 praeveniri
1938 4678 2086 4744 hominos
2108 4680 2294 4762 agratnita
2310 4680 2373 4745 Dei

367 4757 501 4830 meunt,
534 4775 688 4820 sensuros
719 4757 804 4837 qnod
837 4756 903 4819 illis
932 4757 1100 4822 exciderat
1128 4779 1146 4822 e
1175 4761 1341 4837 memoria,
1394 4762 1617 4828 beneficentia.
1673 4762 1744 4828 lam
1778 4785 1893 4830 rursus
1934 4765 2010 4829 hinc
2042 4764 2228 4849 colligimus
2263 4765 2372 4830 Deum

368 4863 487 4926 nempe
509 4861 544 4908 se
566 4840 721 4906 defecisse
743 4861 763 4904 a
785 4861 863 4906 varo
885 4838 965 4905 Dec.
1010 4841 1218 4908 Tantundem
1242 4843 1344 4926 igitur
1395 4867 1465 4912 asse
1487 4847 1582 4912 nobis
1605 4847 1780 4929 propitium
1805 4870 1871 4914 non
1887 4849 1983 4914 aliter
1999 4870 2096 4932 quam
2115 4869 2176 4933 pro
2195 4870 2256 4916 suo
2280 4852 2374 4916 bena-

370 4928 458 4992 valet
491 4927 571 4992 haec
606 4926 761 5008 loquutic,
795 4947 832 4990 ac
865 4926 893 4990 si
926 4924 1057 5002 diceret,
1095 4929 1166 5009 Ego
1200 4930 1342 5010 aperiam
1395 4931 1515 5014 placito
1536 4946 1575 4996 ιιι
1596 4951 1615 4994 a
1637 4953 1672 4996 se
1694 4933 1764 5015 ipso
1788 4943 1917 4999 tantum
1948 4956 2079 5002 cansam
2109 4947 2229 5002 sumat.
2275 4937 2374 5002 Unde

368 5014 515 5097 ipsorum
548 5013 674 5091 oeulos,
714 5021 751 5075 nt
792 5010 923 5075 taudem
964 5023 1144 5093 agnoscant
1176 5033 1211 5078 sa
1244 5012 1343 5078 fnisse
1395 5019 1432 5080 lit
1454 5026 1491 5081 nt
1514 5022 1664 5098 peccator
1686 5018 1719 5083 in
1744 5020 1830 5083 viam
1854 5021 1976 5097 redeat,
1999 5040 2037 5086 ac
2059 5031 2198 5104 quaerat
2220 5021 2374 5088 Deuma

369 5109 545 5181 apostatae,
569 5104 603 5164 et
625 5099 671 5163 ita
693 5095 918 5173 humilientur,
942 5115 1043 5177 quum
1060 5099 1223 5162 senserint
1245 5117 1343 5178 quam
1396 5121 1459 5181 quo
1482 5100 1588 5166 iuerat
1611 5102 1795 5168 alienatus?
1827 5109 1967 5189 anquis
1990 5109 2120 5191 proprio
2143 5109 2374 5175 motuinoita·

366 5205 471 5267 grave
500 5185 624 5251 odmen
657 5185 701 5250 sit
734 5182 790 5247 illa
822 5181 983 5263 impietas,
1017 5180 1102 5262 qnod
1135 5182 1259 5248 scilicet
1292 5203 1344 5246 me
1396 5185 1472 5249 tur?
1501 5187 1567 5251 imo
1596 5190 1672 5268 quia
1693 5188 1785 5254 Daue
1814 5190 1980 5256 illuminat
2009 5193 2080 5258 siue
2110 5202 2267 5273 mentam,
2297 5195 2375 5278 qnia

335 5331 338 5338 ,
370 5269 616 5354 dereliquerunt
645 5272 768 5337 iontem
798 5267 1039 5349 aquaevivae,
1070 5266 1343 5347 quamadmodum
1395 5289 1451 5333 cor
1472 5271 1544 5336 eins
1566 5275 1685 5354 tangit,
1707 5274 1757 5337 vel
1775 5275 1883 5354 potine
1900 5289 2046 5343 renovat.
2082 5278 2148 5360 Qui
2171 5281 2211 5344 fit
2231 5292 2266 5346 ut
2283 5281 2375 5346 Dans

368 5356 461 5438 prius
482 5355 633 5422 vidimus.
679 5356 800 5420 Postea
821 5352 922 5435 addit,
950 5351 1021 5417 illoc
1046 5350 1117 5432 fora
1145 5351 1206 5416 sibi
1227 5353 1264 5416 iu
1285 5371 1344 5433 po·
1397 5354 1562 5420 illuminet
1594 5377 1669 5420 eum
1702 5359 1756 5438 qui
1789 5358 1895 5422 tuerat
1927 5365 2142 5430 excaecatus?
2183 5374 2275 5432 certe
2309 5385 2375 5431 non
