5134 6124
202 453 263 518 217
916 451 965 518 IN
989 451 1238 520 latratuum.
1284 453 1383 520 OAP.
1406 455 1483 521 XV.
2141 468 2204 534 218

202 642 377 710 mucce:
410 649 443 705 et
474 641 574 708 simul
607 639 779 707 denuntiat
811 661 846 705 sc
880 649 988 707 tamen
1024 641 1177 708 daturum
1231 641 1317 726 quod
1348 643 1377 708 si
1399 663 1543 708 essemus
1565 643 1677 727 quieti,
1710 646 1778 711 fore
1802 647 1919 713 lactem
1944 671 2055 734 pacem
2078 655 2111 720 in
2135 667 2203 724 toto

201 728 360 812 quidquid
389 727 556 793 residuum
585 738 636 792 est
657 726 765 810 gladio
787 745 896 792 ocrem
920 725 1066 793 hostibus
1092 727 1178 811 ipso·
1230 726 1371 806 mondo,
1403 738 1436 793 et
1462 728 1594 795 dissidia
1624 737 1722 814 etque
1749 735 1973 803 contentiones
2002 749 2132 806 tentum
2161 764 2204 808 ex

202 835 295 880 rum:
325 813 419 896 quasi
449 813 580 891 diceret,
611 811 763 878 Nondum
790 824 867 878 ιιιι
889 814 1053 896 perfuncti
1076 813 1178 878 omni·
1231 813 1323 878 nobis
1345 814 1432 892 oriri,
1455 835 1515 880 nos
1537 835 1608 882 esse
1628 816 1758 882 flabella
1776 820 1894 902 quibos
1913 823 2100 890 accenditur
2118 836 2204 894 totus

203 899 264 967 bus
287 899 410 987 poenis,
438 901 601 982 quianon
625 899 759 964 fuerunt
781 899 915 978 subacti,
945 918 1045 982 quum
1069 909 1179 962 temen
1230 899 1317 964 orbis
1345 898 1387 965 ad
1415 899 1537 965 multas
1558 901 1657 966 rixas.
1702 904 1791 987 Ergo
1814 905 1971 974 Ieremias
1992 913 2204 994 conqueritur

204 992 272 1051 tem
303 984 449 1070 graviter
478 985 565 1068 ipsos
587 984 834 1068 castigatorem,
865 993 897 1049 et
919 1004 1043 1050 severe.
1088 982 1178 1064 Quo·
1230 1004 1266 1048 se
1295 995 1409 1050 natum
1438 1006 1509 1052 esse
1539 986 1647 1051 virum
1677 987 1778 1068 rixae,
1808 1011 1873 1056 non
1902 991 1989 1074 quod
2018 1005 2105 1062 esset
2126 1019 2202 1064 oon·

203 1071 291 1138 aiem
331 1071 432 1155 igitur
472 1072 605 1137 fuerunt
643 1070 856 1149 insanabiles,
895 1070 981 1153 quod
1016 1067 1177 1152 reliquum
1230 1071 1400 1151 tentiosus,
1426 1092 1492 1136 non
1514 1070 1599 1153 quod
1623 1073 1714 1138 daret
1736 1074 1838 1140 ullam
1860 1080 2061 1145 occasionem
2084 1085 2203 1168 populo

202 1161 315 1224 menet
344 1155 485 1239 expellet
513 1155 657 1240 gladius:
692 1177 797 1238 neque
828 1155 916 1222 enim
946 1155 1094 1221 ιιιιιιιιι
1125 1175 1178 1219 eos
1230 1165 1296 1220 tem
1338 1155 1481 1242 maligno
1514 1156 1678 1239 loquendi.
1735 1157 1801 1227 Sed
1834 1162 1887 1228 hic
1920 1185 1985 1230 non
2019 1169 2130 1251 egitur
2162 1170 2202 1235 de

203 1243 351 1312 vindicte
373 1263 446 1308 ιιιι
466 1242 629 1325 persequi,
659 1241 762 1307 donec
784 1243 913 1324 penitus
935 1259 1177 1323 consumpsero.
1229 1241 1408 1324 prophetae
1437 1243 1643 1308 conscientie.
1689 1245 1820 1311 Sciebat
1849 1249 1937 1314 enim
1961 1271 2054 1317 eoem
2077 1256 2202 1321 animo·

1229 1327 1359 1392 sitatem
1382 1327 1512 1410 probari
1531 1328 1618 1394 Deo:
1642 1328 1869 1414 sedquoniam
1889 1336 2020 1401 videbat
2038 1357 2073 1404 se
2090 1342 2202 1424 urgeri

291 1414 342 1482 10.
370 1413 434 1480 Hei
465 1411 561 1496 mibi,
594 1417 693 1479 muter
722 1431 806 1494 mcc,
840 1413 920 1494 qaod
952 1412 1099 1495 peccoris
1132 1431 1179 1476 me
1230 1432 1267 1478 ac
1286 1413 1390 1495 premi
1412 1415 1574 1495 perversis
1597 1414 1661 1480 illie
1683 1416 1819 1494 iudiciis,
1842 1419 1915 1486 ideo
1938 1430 2033 1488 vocet
2049 1445 2085 1490 se
2099 1427 2203 1492 ciram

202 1501 307 1566 airam
335 1500 436 1583 ricae,
468 1504 496 1564 et
523 1501 628 1564 ιινιιι
657 1497 724 1564 litae
752 1500 807 1564 toti
828 1504 937 1564 terroe
984 1497 1056 1564 Noa
1075 1498 1178 1579 sceae-
1229 1499 1321 1563 ricae
1343 1504 1371 1562 ct
1392 1500 1496 1564 mrum
1526 1499 1593 1565 titis
1615 1521 1634 1564 a
1656 1515 1708 1600 pt,
1738 1505 1823 1585 quod
1850 1517 1899 1570 est
1921 1506 2062 1592 litigare.
2106 1510 2202 1592 Quod

204 1590 296 1650 ratae
327 1605 415 1665 aum,
448 1589 476 1650 ct
508 1605 569 1650 aaa
600 1583 755 1666 foenerati
783 1589 858 1650 suat
885 1603 1017 1651 mcum:
1048 1585 1178 1666 quiaque
1230 1593 1339 1649 autem
1362 1589 1493 1650 matrem
1513 1605 1606 1650 suom
1623 1586 1788 1669 inclamet,
1810 1589 1875 1655 iam
1896 1591 2051 1659 admonui
2068 1596 2201 1681 signnm

202 1671 358 1738 maledicit
378 1667 467 1736 mibi.
1230 1690 1300 1735 ιιιι
1315 1671 1563 1754 intemperantis
1581 1672 1731 1738 effectos:
1756 1693 1831 1739 nam
1850 1676 1878 1740 si
1898 1681 2076 1761 composito
2092 1683 2201 1749 animo

1229 1753 1386 1837 loquutus
1410 1763 1504 1837 esset,
1527 1755 1604 1840 quid
1626 1757 1675 1823 illi
1698 1760 1819 1843 negotii
1840 1771 1909 1825 erat
1930 1784 2006 1830 cum
2027 1775 2142 1846 matre,
2165 1777 2202 1834 ut

289 1842 363 1907 Non
394 1840 530 1906 dubium
556 1849 606 1905 est
635 1841 714 1923 quin
743 1837 904 1924 prophete
930 1860 1029 1924 quum
1053 1838 1178 1904 videret
1230 1849 1361 1906 vocaret
1400 1842 1504 1923 ipsam
1544 1843 1576 1906 in
1614 1845 1801 1910 sociotatem
1835 1847 2004 1915 criminis?
2060 1851 2201 1919 Videtur

203 1927 348 1994 laborem
371 1946 467 1993 sunm
490 1945 556 1991 non
579 1926 626 1990 ita
647 1923 810 2010 prodesse,
833 1926 885 1992 vel
907 1928 956 1992 ite
977 1946 1050 1992 ιιιι
1067 1925 1179 1990 fructi·
1230 1927 1318 1990 enim
1348 1927 1496 1993 conferre
1524 1935 1652 2010 partem
1675 1929 1789 2013 culpae
1811 1932 1844 1996 in
1867 1943 2016 2015 matrem,
2046 1941 2202 2019 quoniam

201 2015 319 2092 ferum,
341 2021 380 2078 ut
401 2021 556 2096 optasset,
582 2010 705 2094 aliquid
728 2012 910 2078 humanum
931 2031 1047 2095 passos
1069 2011 1176 2075 fuerit.
1229 2011 1336 2094 ipsum
1368 2021 1537 2097 genuerat.
1582 2013 1654 2082 Hoc
1687 2025 1796 2081 autem
1828 2017 2008 2084 absurdum
2030 2033 2089 2087 est
2136 2023 2201 2090 Sed

203 2099 310 2167 Simul
343 2106 453 2163 ιιιιιι
487 2097 668 2165 comodum
700 2107 765 2181 est,
799 2098 847 2164 sic
880 2106 1044 2164 retentum
1078 2095 1177 2161 foisse
1228 2098 1352 2162 interea
1379 2098 1473 2165 facile
1501 2099 1681 2184 colligitur,
1714 2101 1908 2185 prophetam
1937 2126 2002 2170 non
2032 2106 2202 2191 abreptum

202 2205 320 2252 eroeno
342 2185 477 2267 spiritus
501 2184 603 2249 sancti
626 2183 748 2260 fraeno,
771 2187 810 2248 ιι
831 2201 896 2250 ιιι
918 2185 1177 2265 intemperanter
1228 2183 1329 2248 fuisse
1358 2191 1451 2249 tanta
1479 2185 1698 2265 vehementia,
1732 2189 1810 2269 quin
1841 2191 2026 2256 consuleret
2055 2194 2202 2276 publicae

202 2281 320 2348 rueret,
340 2268 614 2352 quemadmodum
633 2267 746 2333 multis
762 2269 938 2352 contingit:
957 2269 1013 2334 sed
1030 2268 1177 2333 intentus
1229 2266 1342 2348 saluti,
1372 2281 1468 2352 atque
1498 2271 1598 2336 ctiam
1630 2271 1713 2336 benc
1743 2274 1979 2354 querimoniam
2003 2277 2141 2344 referret
2161 2281 2203 2346 ed

201 2367 287 2422 esset
316 2355 349 2420 in
381 2364 505 2421 rectum
535 2355 644 2432 linem,
675 2355 722 2418 ite
748 2363 786 2419 ut
808 2354 877 2420 ιιιι
900 2353 1028 2420 dolores
1050 2372 1178 2435 semper
1229 2354 1369 2420 eundem
1391 2357 1502 2421 finem.
1545 2356 1659 2439 Neque
1682 2358 1775 2436 enim,
1803 2361 1930 2425 etiamsi
1955 2363 2058 2445 primo
2080 2365 2202 2431 intuitu

202 2461 336 2525 scopum
370 2439 464 2506 illum
498 2441 736 2523 spectaverint:
770 2461 887 2522 nempe
920 2448 959 2505 ut
989 2439 1081 2506 leber
1108 2439 1177 2502 eius
1229 2440 1274 2503 ite
1307 2451 1458 2522 apparet,
1500 2441 1604 2506 voluit
1635 2452 1773 2508 matrem
1805 2465 1898 2511 soem
1932 2447 2105 2514 damnare:
2145 2451 2201 2516 sed

202 2527 293 2594 utilis
324 2535 409 2592 esset
439 2525 566 2609 populo.
618 2525 729 2590 Huius
758 2525 807 2590 rei
835 2525 959 2591 clarum
990 2523 1176 2606 exemplum
1230 2545 1330 2607 quum
1359 2524 1417 2589 illa
1444 2535 1529 2591 esset
1556 2529 1700 2612 innoxia,
1732 2530 1874 2595 ostendit
1900 2533 1999 2597 etiam
2022 2555 2058 2599 ιι
2081 2536 2202 2602 ιιιιιιι

202 2613 397 2698 perspicitur
425 2613 462 2676 ιι
493 2611 546 2676 ιιι
568 2611 687 2678 verbis.
732 2611 818 2676 Nam
841 2622 979 2677 matrem
1002 2629 1095 2677 suam
1117 2609 1177 2672 im·
1230 2611 1360 2694 gravari
1380 2610 1498 2676 talibus
1513 2613 1693 2691 calumniis,
1717 2615 1800 2697 quod
1819 2625 1903 2682 esset
1919 2617 1970 2682 vir
1985 2622 2203 2688 contentionis

202 2698 318 2783 plorat,
341 2699 434 2782 qoasi
457 2695 667 2763 malediceret
688 2715 768 2762 suae
789 2697 892 2762 vitae:
921 2696 1008 2778 Quid
1033 2696 1093 2762 hoc
1115 2693 1176 2760 sibi
1230 2707 1264 2760 et
1296 2697 1403 2760 rixae:
1444 2698 1534 2779 quasi
1570 2697 1706 2777 diceret,
1747 2703 1845 2784 Agite
1877 2721 1951 2769 cam
1984 2717 2089 2771 matre
2121 2727 2202 2788 mea,

203 2785 298 2851 volt?
343 2783 414 2849 Gur
442 2802 496 2847 me
527 2782 679 2867 genuisti,
709 2789 815 2848 mater
844 2781 938 2847 mee?
981 2781 1055 2847 Vae
1085 2779 1176 2856 mihi,
1229 2781 1357 2865 peperit
1380 2800 1448 2847 me:
1470 2803 1513 2847 ιι
1532 2781 1573 2847 ab
1592 2792 1684 2849 utero
1701 2785 1747 2850 fui
1766 2789 2013 2854 contentiosus?
2036 2811 2078 2854 en
2097 2801 2203 2857 meter

202 2870 287 2954 quod
322 2876 420 2934 natus
442 2869 505 2934 sim
529 2869 580 2933 vir
601 2869 693 2933 rixae
715 2875 749 2932 et
770 2867 997 2934 contentionis.
1043 2865 1177 2948 Oolligi·
1230 2887 1303 2932 mee
1325 2867 1423 2933 etiam
1446 2868 1480 2932 in
1503 2877 1682 2946 causaest,
1712 2891 1770 2935 cur
1792 2891 1844 2935 me
1868 2871 1982 2939 dicetis
2004 2895 2076 2941 esse
2098 2877 2202 2942 homi·

203 2975 276 3021 mus
305 2975 384 3038 ergo
413 2976 455 3019 ex
483 2952 533 3018 his
557 2954 675 3028 verbis,
704 2951 897 3037 prophetam
921 2972 987 3018 non
1009 2954 1055 3018 ite
1076 2950 1177 3016 fuisse
1229 2971 1306 3017 nem
1334 2951 1568 3030 turbulentum,
1598 2963 1631 3018 et
1653 2963 1799 3020 autorem
1823 2956 1994 3022 rixarum?
2024 2968 2113 3026 certe
2135 2981 2202 3026 non

203 3041 372 3124 compositi
406 3050 439 3105 et
468 3038 626 3105 moderati
656 3039 775 3119 animi,
810 3041 888 3122 quin
916 3038 1177 3117 excandesceret,
1229 3042 1340 3120 potest
1368 3037 1544 3121 quidquem
1575 3038 1669 3104 metri
1698 3059 1787 3105 meae
1815 3041 1988 3125 imputari:
2018 3065 2079 3130 ego
2100 3047 2203 3131 igitur

202 3146 302 3209 quum
340 3126 468 3192 videret
504 3145 539 3190 ιι
576 3125 684 3189 minos
721 3125 896 3208 proficere,
933 3144 1031 3206 quem
1066 3121 1176 3188 vellet.
1230 3125 1385 3188 innoxius
1406 3142 1490 3201 som,
1515 3137 1553 3190 ut
1572 3123 1639 3190 ille.
1684 3125 1781 3192 Nunc
1799 3147 1878 3211 crgo
1901 3128 2048 3196 videmus
2071 3139 2111 3196 ιι
2131 3151 2203 3216 pro-
2292 3169 2294 3173 ·

202 3212 340 3276 Interim
378 3219 487 3276 tamen
524 3210 649 3294 patebit
685 3229 727 3274 ex
763 3219 936 3288 contexto,
974 3208 1036 3276 hoc
1072 3216 1177 3272 totum
1230 3209 1332 3292 pheta
1363 3207 1493 3292 oblique
1525 3210 1726 3296 perstringet
1757 3212 1869 3296 populi
1902 3214 2077 3293 malitiam,
2117 3218 2203 3302 quod

204 3296 303 3362 fuisse
326 3298 449 3363 laetum
472 3297 505 3361 in
527 3294 690 3377 publicam
714 3295 898 3373 utilitatem,
929 3314 1046 3378 nempe
1069 3300 1105 3359 ιι
1126 3293 1176 3358 in·
1230 3295 1322 3360 illum
1356 3293 1649 3374 oelumniabentur,
1681 3316 1719 3363 ae
1748 3299 1774 3363 si
1804 3307 1952 3364 moveret
1980 3302 2142 3370 tumultus
2170 3311 2204 3370 et

203 3381 391 3465 telligerent
427 3381 557 3458 Iudaei,
597 3381 659 3446 sibi
694 3380 869 3446 infeliciter
904 3400 1068 3447 cessuram
1106 3397 1178 3444 esse
1230 3379 1319 3447 rixas
1336 3382 1370 3446 in
1392 3386 1462 3446 tota
1483 3390 1582 3447 terra.
1618 3382 1665 3448 ut
1687 3381 1747 3447 hoe
1768 3383 1877 3466 ipsum
1896 3385 2013 3451 melius
2030 3389 2204 3455 confirmat

203 3467 355 3532 duritiem
377 3466 493 3545 cerdis,
517 3485 617 3549 quum
640 3474 834 3549 spernerent
856 3476 1003 3532 sanctem
1026 3465 1089 3530 Dei
1110 3484 1176 3530 ser·
1229 3465 1440 3552 sequentibus
1462 3466 1588 3531 verbis:
1612 3467 1689 3552 Ego,
1708 3469 1823 3551 inquit,
1846 3489 1909 3534 aaa
1929 3470 2105 3551 formatae
2121 3495 2202 3554 eum,

203 3573 295 3618 vum:
315 3555 378 3618 imo
393 3554 491 3618 etiam
509 3550 675 3616 hostiliter
688 3552 797 3636 ipsum
813 3561 1054 3636 oppugnarent.
1084 3549 1177 3616 Haec
1228 3556 1256 3616 ct
1276 3551 1327 3616 itti
1347 3571 1410 3616 aaa
1429 3552 1583 3633 summati
1603 3558 1678 3618 atat
1699 3571 1834 3619 meeum:
1861 3559 1964 3620 ιιιιιι
1985 3576 2089 3623 omncs
2109 3559 2203 3624 molc-

201 3657 331 3704 summe
360 3647 418 3703 est.
465 3636 507 3703 Se
534 3638 638 3702 ιινιιι
666 3637 759 3703 mace
782 3642 809 3704 et
831 3637 898 3703 litia
920 3637 1077 3716 nominat,
1110 3657 1176 3700 non
1227 3638 1336 3704 iacnt
1356 3636 1443 3703 mibi.
1484 3637 1549 3703 Hic
1573 3638 1715 3704 ostendit
1736 3659 1804 3704 non
1826 3640 1957 3722 privata
1978 3661 2077 3707 causa
2099 3665 2133 3708 se
2154 3644 2203 3710 ita

202 3730 333 3788 tantum
371 3725 447 3806 quia
479 3723 579 3788 fuerit
612 3730 743 3788 coaetus
777 3722 904 3807 litigare
937 3740 1011 3787 eum
1046 3721 1175 3806 populo.
1228 3741 1364 3787 exosum
1399 3722 1500 3788 fuisse
1533 3724 1594 3786 toti
1627 3722 1767 3808 populo,
1809 3735 1842 3789 et
1874 3727 2004 3792 onerari
2041 3729 2203 3810 perversis

202 3809 287 3874 Nam
322 3810 383 3874 hoe
412 3807 562 3876 omuibus
591 3806 758 3892 prophetis
786 3827 958 3874 commune
987 3815 1052 3872 eet:
1087 3807 1177 3874 Deus
1229 3806 1367 3874 iudiciis.
1399 3807 1496 3874 Unde
1518 3809 1606 3873 enim
1628 3810 1716 3875 inter
1733 3809 1882 3874 homines
1899 3819 1933 3875 et
1947 3811 2030 3889 odia,
2053 3821 2087 3877 et
2101 3815 2203 3896 rixae,

203 3895 288 3960 enim
319 3895 392 3960 illos
418 3916 484 3961 non
506 3894 635 3972 excitet,
664 3904 702 3957 ut
723 3892 906 3971 adulentur,
937 3891 989 3958 vel
1012 3891 1177 3958 blanditiis
1229 3902 1261 3956 et
1290 3893 1522 3975 querimoniae,
1553 3902 1586 3958 et
1615 3893 1700 3976 lites,
1729 3905 1763 3960 et
1785 3895 1902 3978 iurgia,
1934 3896 1998 3963 nisi
2019 3897 2096 3980 quia
2117 3899 2203 3965 mele

203 3979 409 4046 demulceant
431 3979 599 4046 mundum.
643 3977 784 4044 Necesse
806 3987 856 4044 est
877 3977 979 4063 igitur
998 3978 1178 4061 prophetas
1229 3977 1316 4043 inter
1342 3979 1430 4062 ipsos
1460 3980 1626 4059 convenit,
1654 3980 1732 4046 dum
1763 3980 1851 4045 ultro
1874 3989 1908 4045 ιι
1929 3982 2011 4047 citro
2033 3984 2202 4068 negotien-

203 4064 333 4150 litigare
354 4086 430 4131 eum
451 4065 587 4131 mundo:
610 4064 688 4147 quie
706 4083 802 4130 nemo
821 4065 855 4129 in
874 4063 1020 4130 ordinem
1041 4065 1177 4148 cogitur,
1230 4063 1306 4128 tur?
1340 4065 1430 4129 Dum
1453 4063 1556 4146 igitur
1573 4066 1713 4148 quisque
1728 4066 1856 4150 privato
1871 4067 2042 4132 commodo
2056 4069 2202 4135 intentus

202 4161 240 4216 ut
261 4152 377 4236 iugum
398 4149 461 4215 Dei
483 4151 623 4216 libenter
644 4155 678 4216 et
700 4149 827 4233 placido
848 4148 1010 4226 admittet,
1034 4149 1097 4214 nisi
1121 4151 1176 4231 qui
1229 4157 1296 4232 est,
1338 4149 1384 4213 ite
1424 4147 1560 4234 indigne
1595 4153 1721 4233 petitur
1754 4151 1932 4235 quidquam
1970 4152 2032 4218 sibi
2065 4152 2201 4222 detrahi.

203 4238 370 4304 convictus
402 4246 459 4301 est.
511 4236 601 4320 Ergo
625 4254 792 4319 nunquam
821 4236 971 4300 homines
1000 4234 1177 4301 concedent
1229 4234 1359 4299 Interea
1393 4254 1503 4300 rarum
1537 4245 1587 4301 est
1620 4237 1807 4320 exemplum
1841 4239 1875 4301 in
1906 4237 2043 4317 mundo,
2077 4247 2113 4303 ut
2146 4239 2203 4322 qui

202 4323 236 4386 in
268 4323 460 4404 obsequium
489 4319 569 4399 Dei,
604 4341 772 4405 nunquam
806 4322 905 4387 etiam
938 4319 1111 4387 subiicieut
1142 4339 1177 4386 ιι
1227 4320 1359 4404 negotia
1379 4320 1466 4385 inter
1488 4340 1522 4386 ιι
1545 4331 1688 4387 ιιιιιιιι
1706 4323 1774 4388 ιιιι
1791 4343 1868 4390 aere
1887 4322 1992 4400 amici,
2016 4332 2051 4386 et
2065 4324 2203 4408 quisque

204 4408 275 4474 eius
304 4409 418 4491 verbo,
452 4407 554 4472 donec
583 4407 727 4472 sentiant
756 4427 791 4472 ee
820 4405 1057 4490 quodammodo
1085 4406 1175 4471 dam·
1227 4405 1368 4471 alterum
1396 4405 1510 4489 probet
1531 4407 1601 4472 sine
1623 4408 1829 4490 exceptione:
1860 4424 1948 4486 nam,
1976 4415 2012 4472 ut
2035 4409 2101 4473 iem
2123 4410 2201 4491 dixi,

114 4525 117 4530 ·
202 4500 306 4560 natos.
360 4492 440 4559 Ideo
473 4491 555 4569 dixi,
589 4493 758 4577 prophetis
788 4491 939 4559 omnibus
971 4511 1175 4558 communem
1228 4490 1389 4575 cupiditas
1420 4491 1468 4556 ita
1504 4492 1688 4575 praevalet,
1729 4501 1766 4558 ot
1798 4493 1955 4558 iudicium
1989 4503 2023 4559 et
2055 4498 2201 4578 aequites

202 4577 305 4643 fuisse
336 4578 421 4646 hanc
453 4577 619 4657 militiam,
661 4588 698 4643 ιι
735 4578 902 4664 litigarent
934 4598 1007 4644 oum
1042 4576 1174 4642 mundo.
1228 4587 1424 4643 evanescant
1445 4577 1479 4641 iu
1502 4578 1647 4642 maxima
1667 4579 1840 4644 hominum
1863 4589 1965 4662 parte.
2010 4579 2099 4664 Ergo
2123 4580 2201 4648 dicit

205 4661 271 4728 Sed
291 4665 395 4730 ubam
415 4663 507 4730 ricae
528 4668 557 4728 et
575 4663 643 4728 titia
663 4663 820 4730 Ieremias
842 4685 877 4730 se
895 4672 1000 4740 vocat,
1023 4663 1175 4746 qooniem
1227 4663 1388 4746 propheta
1407 4681 1441 4728 ee
1461 4681 1523 4728 aaa
1541 4664 1645 4745 faiam
1663 4664 1866 4747 foeneratum.
1912 4662 1981 4731 Sub
2003 4685 2069 4730 ιιι
2094 4667 2200 4747 specie

202 4749 345 4834 pessime
367 4749 496 4816 audiret
512 4749 547 4814 in
565 4756 632 4814 tota
650 4746 783 4830 Iudaea,
806 4768 844 4815 eo
861 4750 890 4814 si
908 4769 968 4814 sua
986 4749 1176 4814 morositate
1227 4747 1474 4831 comprehendit
1503 4769 1543 4813 ne
1566 4749 1643 4826 otia,
1674 4769 1756 4833 quae
1779 4750 1866 4814 inter
1887 4769 1921 4815 se
1944 4751 2070 4834 agitare
2092 4750 2200 4816 solent

202 4834 385 4918 impelleret
407 4842 513 4902 totum
578 4834 694 4917 pulum
717 4835 758 4899 ad
780 4836 1008 4901 contentiones
1027 4843 1059 4900 et
1078 4833 1175 4899 rixas.
1227 4833 1390 4899 homines:
1420 4834 1510 4915 quasi
1535 4769 1666 4914 dcent,
1696 4837 1733 4900 Ic
1753 4837 1827 4919 a’oy
1843 4835 1934 4918 point
1954 4835 2108 4918 troffqut,
2133 4857 2198 4901 non

203 4919 361 4985 Refertur
399 4919 502 5004 igitur
564 4939 602 4986 oc
636 4920 676 4984 ed
713 4939 868 5002 perverse
899 4918 1017 4986 iudicia
1048 4919 1175 5004 populi:
1226 4920 1288 4984 fuit
1314 4918 1406 4996 mihi,
1435 4919 1554 5004 inquit,
1583 4919 1623 4985 dc
1645 4941 1681 4985 re
1703 4923 1891 5004 pecuniaria
1912 4923 2092 4986 contentio:
2121 4923 2199 5004 quia

204 5006 358 5088 quoniam
381 5025 475 5071 nemo
497 5013 577 5085 erat,
604 5005 661 5089 qui
683 5025 749 5069 non
772 5003 894 5070 diceret
917 5023 987 5071 ease
1009 5005 1176 5071 homiuem
1227 5025 1287 5070 ιιι
1315 5001 1389 5069 dedi
1418 5014 1531 5069 mutuo
1558 5007 1747 5092 pecuniam,
1780 5026 1885 5089 neque
1914 5005 2013 5070 etiam
2042 5005 2098 5070 elii
2120 5007 2198 5072 mihi

204 5091 437 5172 turbulentum,
462 5096 496 5156 et
518 5111 582 5174 qoo
604 5089 731 5156 sublato
753 5099 863 5173 posset
885 5090 1082 5174 tranquillos
1105 5111 1176 5156 esec
1227 5089 1398 5156 dederunt.
1453 5088 1566 5170 Quare
1598 5092 1639 5157 ob
1672 5093 1837 5176 privatum
1870 5090 2076 5157 commodum
2107 5093 2199 5160 uella

204 5179 309 5243 status
331 5176 420 5244 urbis
443 5185 475 5242 ιι
497 5177 598 5242 totius
618 5183 734 5242 terrae.
772 5174 1058 5256 Quemadmodum
1080 5175 1176 5241 hodie
1228 5175 1268 5241 lis
1302 5185 1352 5239 est
1384 5195 1457 5240 com
1497 5176 1630 5260 populo,
1671 5197 1779 5260 neque
1811 5177 1908 5241 etiem
1942 5175 1991 5240 illi
2025 5177 2199 5261 iurgantur

204 5262 299 5328 nobis
327 5263 412 5328 idem
443 5260 594 5327 obiicitur
615 5263 656 5328 ab
678 5259 828 5327 hostibus
856 5261 987 5346 pietatis
1016 5271 1049 5327 et
1078 5279 1176 5328 sanes
1227 5280 1364 5338 meeum,
1395 5261 1488 5344 quasi
1517 5261 1687 5327 intulerim
1710 5263 1852 5345 aliquam
1873 5261 2037 5344 iniuriam,
2069 5263 2122 5329 vel
2143 5285 2199 5330 eos

204 5346 385 5416 doctrinae:
415 5347 528 5414 dicunt
554 5347 641 5414 enim
664 5369 725 5414 nos
747 5347 862 5415 turbas
883 5347 1007 5412 frustra
1028 5365 1176 5412 moveret
1227 5345 1458 5425 fraudaverim,
1485 5347 1577 5429 quasi
1601 5347 1754 5413 damnum
1777 5347 1907 5430 aliquod
1929 5348 2017 5432 passi
2039 5349 2106 5415 sint
2128 5369 2199 5415 mea
