5134 6124
357 371 420 438 ms
1166 333 1552 436 raauuuaamuus
1821 463 1826 476 ¹
2298 366 2360 432 aa

351 563 445 642 pente
466 559 631 626 tramitem
651 563 678 624 et
699 561 831 624 terrores
852 556 1051 642 (quanquam
1070 555 1109 624 de
1130 547 1183 623 his
1202 557 1334 624 voeibus
1386 558 1420 622 in
1451 556 1548 622 rebus
1579 555 1731 640 gerendis
1762 557 1903 640 viguerit
1933 553 1984 620 vel
2008 553 2177 634 industrie,
2208 554 2262 618 vel
2284 571 2358 619 oon·

358 657 471 728 000100
493 646 555 711 erit
577 642 701 728 aliquid
724 641 919 722 dioendum).
1386 642 1495 708 silium
1530 640 1716 721 hominum,
1755 642 1814 708 sed
1847 642 1938 708 Deus
1977 660 2110 706 manum
2145 659 2237 704 suem
2269 641 2360 722 quasi

1386 736 1499 811 aperto
1533 725 1626 792 modo
1649 737 1683 792 et
1706 728 1824 794 visibili
1848 748 1865 792 e
1887 726 1986 793 eoelis
2009 727 2199 792 exseruerit.
2244 724 2361 790 Postea

445 815 558 882 Primo
599 814 678 881 dioit
701 813 940 896 'multiplicatas
977 814 1080 896 faisse
1109 814 1177 879 sias
1209 813 1334 892 viduas,
1387 813 1544 897 adiungit,
1576 811 1620 876 Et
1643 814 1764 894 proieci
1791 834 1885 896 saper
1911 832 1971 895 ees,
2000 811 2127 876 Cadere
2150 811 2210 878 feei
2232 815 2359 892 repente.

360 903 516 986 quoniam
550 900 613 965 viri
643 900 713 965 fere
741 919 855 964 omnes
885 899 1069 964 aesiderant
1100 899 1135 963 in
1165 900 1243 984 0010.
1297 896 1334 964 st
1386 897 1652 978 Vortuntmulti,
1675 896 1807 964 urbem:
1831 899 1896 978 alii,
1915 898 2057 963 hostem:
2081 905 2114 962 et
2130 911 2182 972 1111
2199 897 2360 981 signifieat

358 983 1251 1072 10001100000011010,000000000000110001100101).
1297 983 1335 1050 si
1387 985 1517 1066 urbem,
1546 985 1630 1051 siout
1659 984 1818 1067 aeeipitur
1849 982 2023 1066 aliquando
2052 1004 2110 1066 pro
2139 981 2242 1048 hoste.
2294 979 2360 1046 Sed

360 1083 470 1139 autem
492 1071 633 1137 refertur
656 1070 696 1136 ad
720 1070 827 1135 Deum
851 1068 932 1135 haee
954 1070 1115 1152 loquutio:
1144 1071 1266 1136 seimus
1288 1071 1334 1134 sie
1387 1079 1494 1152 potest
1524 1069 1588 1134 alia
1614 1090 1685 1136 esse
1715 1068 1888 1152 probabilis
1920 1068 2092 1151 expositio:
2123 1069 2210 1151 quod
2240 1067 2362 1134 soilieet

359 1158 517 1242 populum
546 1157 640 1222 illam
663 1156 762 1221 fuisse
784 1155 845 1221 sub
867 1156 1003 1239 imperio
1026 1155 1100 1232 Dei,
1131 1167 1168 1220 01
1191 1175 1253 1220 000
1277 1156 1335 1220 010
1388 1157 1479 1222 Deus
1512 1155 1683 1221 immiserit
1711 1155 1776 1222 illis
1808 1155 1988 1220 tumultum
2017 1165 2049 1218 et
2081 1164 2230 1220 terrores.
2276 1152 2362 1218 Nem

360 1266 396 1311 re
419 1242 561 1328 appellet
583 1242 699 1307 viduas
721 1261 807 1318 suas,
831 1240 1106 1323 quemadmodum
1125 1251 1159 1307 01
1177 1241 1261 1306 lilios
1279 1241 1335 1323 qui
1388 1242 1449 1308 hoo
1482 1261 1602 1306 nornen
1629 1254 1682 1317 101
1713 1240 1876 1308 deseendit
1911 1261 1931 1305 0
1960 1237 2067 1306 radiee
2095 1251 2159 1322 1111,
2191 1238 2278 1321 quod
2311 1249 2363 1304 est

361 1330 465 1414 geniti
495 1340 588 1394 erant
616 1326 777 1392 Israelitis
808 1334 903 1392 voeat
935 1347 1020 1392 suos.
1073 1327 1140 1394 Sed
1169 1326 1203 1391 in
1233 1348 1272 1392 ea
1300 1347 1335 1390 re
1389 1328 1549 1394 exaitare:
1583 1326 1656 1392 ideo
1686 1347 1744 1409 pro
1774 1325 1919 1392 tumultu
1949 1334 2055 1408 potest
2081 1325 2184 1390 sumi:
2218 1337 2252 1390 01
2281 1323 2362 1389 mihi

360 1435 477 1498 perum
507 1422 557 1480 001
579 1413 744 1490 momenti,
775 1412 838 1478 nisi
861 1411 946 1494 quod
969 1413 995 1478 si
1018 1412 1195 1496 aoeipimus
1216 1415 1249 1476 in
1272 1411 1336 1476 Dei
1388 1413 1495 1498 magis
1526 1412 1648 1478 arridet
1672 1411 1725 1478 hie
1748 1433 1872 1490 sensus,
1903 1413 1979 1495 qaia
2001 1411 2057 1494 qui
2080 1411 2194 1476 urbem
2217 1417 2362 1488 vertunt,

361 1520 515 1585 persona,
544 1519 659 1566 sensus
690 1497 767 1575 erit,
798 1497 882 1562 [loeo
912 1519 963 1563 me
992 1505 1080 1564 eerte
1110 1518 1174 1563 non
1201 1497 1280 1562 latet
1302 1498 1334 1560 in
1388 1508 1551 1583 eoguntur
1584 1498 1703 1563 afferre
1744 1497 1980 1580 expositionem
2023 1507 2168 1562 ooeotem
2202 1507 2235 1562 et
2268 1496 2364 1578 longe

362 1606 459 1670 quam
491 1605 609 1668 magna
640 1583 732 1666 00010
754 1583 821 1648 0101
843 1584 914 1648 0100
937 1582 1071 1650 viduae:
1100 1584 1211 1666 itaque
1234 1603 1335 1666 quum
1389 1584 1569 1650 detortam:
1592 1582 1716 1650 Cedere
1740 1583 1800 1649 feei
1823 1591 1958 1667 repente
1983 1582 2105 1665 urbem,
2128 1581 2162 1646 id
2185 1586 2244 1661 est,
2267 1580 2363 1646 urbes

361 1670 546 1738 miserieors
575 1671 647 1746 sim,
679 1689 743 1734 nou
773 1679 905 1748 temere,
935 1689 995 1734 nee
1018 1671 1199 1752 promisoue
1221 1689 1336 1753 pessus
1389 1691 1487 1753 super
1518 1689 1582 1735 eos.
1628 1668 1775 1734 Primum
1808 1669 1870 1732 erit
1899 1669 2036 1732 mutatio
2062 1668 2207 1732 numeri:
2238 1666 2363 1742 deinde,

361 1778 435 1825 sum
465 1764 574 1822 tantas
604 1766 732 1839 strages
761 1754 813 1820 edi
843 1754 879 1818 in
900 1754 1019 1838 000010
1041 1757 1112 1820 isto.
1156 1754 1241 1821 Vult
1261 1775 1336 1837 pro·
1390 1757 1505 1822 eadere
1527 1755 1588 1820 feei
1610 1755 1719 1832 urbes,
1748 1754 1782 1819 id
1805 1761 1865 1836 est,
1888 1755 2001 1818 ruinas
2023 1752 2154 1818 urbium
2178 1773 2277 1837 super
2298 1773 2362 1827 eos,

360 1843 460 1928 pheta
493 1840 684 1922 osterhlere,
726 1839 827 1905 fuisse
862 1849 985 1905 tentam
1019 1841 1269 1907 obstinationem
1302 1841 1336 1905 in
1389 1840 1537 1907 videmus
1570 1853 1658 1906 oerte
1690 1840 1752 1907 hoo
1784 1839 1944 1908 violenter
1977 1838 2050 1904 diei.
2105 1839 2207 1922 Atqui
2242 1838 2364 1921 optime

361 1927 504 2005 Iudaeis,
530 1936 568 1991 ut
590 1925 744 1992 obluotati
768 1926 891 1990 fuerint
912 1923 1062 1991 omnibus
1085 1925 1149 1990 Dei
1172 1926 1337 1991 vindietis.
1389 1927 1561 1993 eonveniet
1598 1946 1729 2007 sensus,
1769 1925 1797 1991 si
1830 1937 1999 1990 vertamus
2035 1924 2224 1989 tumultum.
2279 1922 2364 1989 Nam

360 2014 424 2080 Est
447 2022 557 2078 autem
578 2011 640 2077 hoo
662 2013 794 2096 signnm
818 2010 1000 2077 horrendae
1022 2012 1209 2095 impietatis,
1237 2033 1336 2095 quum
1390 2023 1501 2096 postea
1532 2012 1631 2078 etiam
1664 2012 1827 2094 sequitur,
1869 2009 1914 2075 Et
1953 2014 2094 2075 terrores.
2151 2009 2219 2074 Alii
2253 2016 2363 2074 tamen

361 2101 408 2165 ita
443 2096 624 2182 desperetis
655 2098 773 2162 animis
812 2105 914 2162 ruunt
947 2097 1112 2174 homines,
1148 2106 1180 2162 01
1213 2096 1337 2179 stupidi
1390 2083 1489 2166 alba:
1507 2098 1671 2180 eooipiant
1692 2096 1931 2173 adverbialiter,
1954 2115 2013 2177 pro
2031 2105 2176 2178 repente,
2199 2103 2233 2159 01
2248 2094 2366 2160 volunt

362 2190 441 2250 sunt
468 2183 509 2248 ad
538 2202 650 2249 omnes
682 2202 813 2264 poenas.
859 2181 932 2248 Hoe
954 2192 1064 2248 autem
1088 2183 1241 2268 intelligit
1264 2203 1337 2264 pro·
1390 2184 1476 2248 idom
1508 2184 1556 2249 bis
1584 2182 1656 2249 diei.
1708 2182 1849 2248 Dixerat
1878 2183 1967 2246 enim
1999 2181 2094 2262 paulo
2124 2189 2216 2257 ante,
2246 2179 2367 2260 proieci

383 2268 462 2334 heta
494 2288 592 2352 quum
624 2267 703 2334 dieit
730 2268 956 2349 multiplicatas
984 2289 1049 2335 esse
1077 2269 1192 2335 viduas
1214 2269 1337 2350 papali.
1390 2289 1486 2351 saper
1511 2271 1615 2349 ipsam
1644 2274 1776 2350 repente,
1808 2288 1897 2334 nune
1925 2267 2169 2333 festinationes:
2201 2266 2247 2332 sio
2278 2266 2365 2330 enim

360 2291 463 2434 hius,
486 2374 569 2435 prae
595 2372 692 2419 arma
718 2354 828 2419 maris.
873 2353 946 2418 Hoo
968 2360 1056 2419 oerte
1079 2355 1139 2419 fuit
1161 2354 1260 2418 etiam
1283 2374 1336 2418 eu·
1391 2355 1437 2418 illi
1462 2365 1613 2420 vertunt:
1641 2354 1698 2418 sed
1722 2373 1788 2418 non
1811 2352 1996 2436 quadraret,
2020 2353 2172 2434 quoniam
2195 2349 2366 2434 coniungit

362 2440 433 2506 dite
452 2437 672 2504 formidabile:
696 2438 752 2503 sed
769 2459 868 2521 quum
886 2447 993 2503 tantas
1009 2438 1117 2504 elades
1133 2438 1338 2521 adspioerent
1390 2454 1443 2515 ’101
1462 2460 1535 2505 oum
1565 2424 1675 2520 alban,
1706 2439 1766 2505 hoo
1788 2450 1847 2516 001,
1879 2436 2058 2503 tumultum
2080 2458 2152 2504 enm
2175 2437 2363 2502 terroribus.

362 2526 431 2606 0010
462 2523 575 2605 oeulis,
605 2542 669 2604 quo
699 2522 809 2605 pelam
839 2523 898 2588 fiat
920 2524 1049 2605 perdita
1070 2523 1202 2589 illorum
1225 2532 1336 2590 oontu·
1390 2526 1462 2607 Ego
1485 2526 1586 2609 igitur
1608 2525 1797 2607 simplieiter
1819 2525 2026 2606 interpretor,
2049 2530 2183 2606 repente
2199 2522 2365 2606 peroulsos

362 2609 484 2686 menia,
519 2608 598 2672 dioit
630 2627 696 2672 non
727 2607 828 2672 fuisse
861 2618 1045 2674 eommotos.
1102 2607 1197 2688 Quod
1228 2615 1337 2674 autern
1390 2609 1492 2676 fnisse
1514 2608 1653 2675 Iudaeos
1680 2620 1772 2675 motu
1794 2611 1929 2674 minime
1951 2617 2098 2692 sperato:
2129 2609 2283 2690 quoniam
2305 2627 2366 2688 pu·

363 2693 522 2777 sequitur,
553 2712 619 2757 non
648 2698 754 2774 potest
778 2691 842 2758 nisi
864 2692 905 2756 ad
928 2693 1033 2758 Deum
1056 2695 1188 2758 referri:
1227 2694 1339 2760 Venire
1391 2696 1506 2761 tabant
1528 2695 1638 2760 hostes
1660 2695 1771 2777 prooul
1791 2693 1920 2772 distare,
1946 2713 2004 2760 nee
2024 2694 2199 2777 quidquam
2219 2693 2282 2758 sibi
2296 2712 2367 2758 esse

361 2779 517 2862 familiis
544 2797 638 2860 saper
667 2782 804 2842 turmam
832 2777 978 2844 iaemam
999 2783 1194 2862 vastatorem,
1222 2780 1338 2862 inquit.
1390 2779 1537 2863 perieuli.
1584 2779 1719 2860 Repente
1748 2800 1824 2863 ergo
1854 2781 1975 2845 immisi
2004 2799 2098 2861 asper
2130 2799 2179 2846 eos
2200 2778 2367 2844 tamaltam

363 2866 425 2931 Est
458 2862 634 2945 explieatio
666 2861 810 2928 eiusdem
844 2866 1044 2930 sententiae:
1082 2865 1174 2948 quasi
1209 2864 1339 2941 diaeret,
1391 2887 1427 2932 00
1449 2870 1592 2931 terrores.
1637 2865 1755 2932 Postea
1778 2865 1878 2944 addit,

363 2950 442 3016 inde
482 2969 554 3014 esse
595 2957 642 3012 tot
676 2947 808 3026 viduas,
850 2950 1003 3031 quoniam
1038 2950 1128 3016 Deus
1161 2949 1339 3034 perdiderit

365 3054 479 3100 omnes
512 3034 608 3100 viros.
659 3030 726 3098 Sed
760 3035 835 3116 quie
868 3041 1017 3116 poterant
1046 3035 1158 3102 Iudaei
1192 3035 1253 3102 hoe
1282 3037 1338 3100 ad·
1477 3035 1506 3101 9.
1524 3034 1698 3102 Debilitata
1715 3041 1758 3102 est
1772 3056 1852 3118 qaae
1863 3035 1986 3118 peperit
2003 3039 2134 3117 septem:
2152 3041 2181 3100 et
2195 3034 2369 3115 0000100011

366 3120 507 3186 seribere
530 3117 692 3186 hostibus:
715 3117 787 3182 ideo
810 3117 902 3185 Deus
924 3121 1116 3202 pronuntiet
1135 3142 1171 3188 se
1193 3133 1339 3187 autorem
1391 3122 1499 3188 anima
1521 3122 1589 3186 eius
1611 3120 1678 3207 (alii
1702 3131 1843 3197 vertunt,
1866 3121 1988 3187 afflieta
2010 3121 2085 3184 fnit:
2110 3119 2368 3203 0010010001-

366 3225 438 3271 esse
459 3204 605 3269 omnium
627 3203 769 3269 alodium
791 3224 872 3286 quas
887 3207 1031 3287 perpessi
1047 3205 1184 3272 fuerant.
1219 3205 1346 3273 Osten-
1392 3209 1468 3274 lieet
1494 3207 1641 3272 sufflare:
1673 3206 1805 3274 videtur
1834 3215 1944 3272 autem
1973 3205 2026 3272 hie
2048 3205 2269 3288 metaphoriee
2292 3205 2369 3288 0001

367 3289 416 3355 (111
438 3289 538 3373 igitar
561 3309 625 3354 non
649 3287 747 3352 luisse
771 3288 919 3356 fortuitas
942 3290 1014 3354 illes
1036 3291 1154 3375 elades,
1186 3291 1338 3374 quemad·
1392 3313 1450 3375 pro
1468 3293 1650 3376 exspirare:
1673 3293 1857 3376 exspiravit
1874 3312 1952 3375 ergo
1967 3293 2078 3356 anima
2093 3291 2189 3442 eim
2205 3291 2370 3374 impressas

367 3373 502 3440 modum
531 3375 753 3457 imaginantur
783 3373 931 3441 homines
965 3375 1130 3442 fortunam
1165 3377 1340 3458 plurimam
1392 3383 1437 3444 est
1466 3377 1513 3444 soi
1541 3378 1609 3444 eiras
1638 3377 1713 3460 (hoo
1740 3387 1802 3457 est,
1831 3376 1948 3444 ooeidit
1978 3375 2040 3461 sol)
2068 3376 2103 3440 ia
2190 3397 2229 3442 ae
2249 3376 2302 3442 die
2321 3375 2369 3460 (id

367 3462 402 3527 in
437 3460 520 3526 bello
551 3459 677 3525 valere:
712 3468 745 3524 et
773 3460 847 3524 ideo
876 3481 943 3526 nou
974 3469 1102 3527 tantum
1132 3465 1279 3526 tribuunt
1308 3470 1342 3528 ot
1392 3475 1451 3540 est,
1474 3483 1575 3545 quum
1598 3463 1705 3530 adhue
1727 3474 1813 3528 esset
1834 3461 1926 3548 dios),
1949 3461 2080 3543 confusa
2102 3467 2156 3542 est,
2179 3466 2206 3526 et
2229 3461 2371 3528 emeat.-

367 3546 563 3631 prudentiae
593 3557 625 3610 et
653 3545 771 3610 virtuti
798 3544 969 3612 hominum
991 3558 1149 3628 qnantum
1173 3549 1342 3613 fortunae:
1393 3554 1420 3614 et
1452 3548 1604 3630 reliquias
1636 3550 1776 3630 ipsoram
1804 3548 1910 3632 plodio
1942 3546 2021 3614 dabo
2056 3547 2110 3632 (ed
2163 3545 2287 3612 ledium
2314 3568 2371 3611 ex·

369 3631 446 3714 quia
476 3630 601 3698 soilioet
621 3630 775 3713 ignorant
798 3629 861 3695 Dei
885 3633 1134 3715 providentiam.
1178 3633 1243 3699 Hie
1265 3653 1343 3717 ergo
1393 3631 1525 3718 ponem)
1548 3653 1652 3700 aeram
1672 3634 1813 3700 iaimiois
1833 3635 1986 3716 ipsoram,
2008 3631 2132 3698 dieitI
2166 3631 2254 3698 ovat.

368 3715 461 3781 Deus
489 3714 632 3781 ostendit
661 3714 760 3781 fuisse
790 3716 919 3798 quidem
951 3725 1055 3784 totum
1085 3719 1197 3785 florem
1232 3720 1343 3802 populi

370 3801 518 3868 exeisem
547 3799 720 3868 hostilibus
743 3800 877 3884 gladiis:
908 3803 965 3868 sed
987 3825 1052 3870 non
1076 3805 1207 3870 venisse
1228 3814 1343 3888 sponte
1479 3805 1596 3889 Pergit
1624 3806 1658 3870 in
1688 3804 1801 3871 eedem
1831 3806 2026 3870 narratione.
2078 3801 2174 3869 Dioit
2200 3801 2371 3884 formandas

370 3885 567 3962 Chaldaeos,
600 3885 653 3953 vel
685 3886 816 3970 proprio
849 3893 956 3970 motu,
992 3901 1048 3953 ent
1081 3889 1253 3974 Assyrios:
1287 3890 1343 3955 sed
1394 3890 1544 3958 mulieres
1569 3891 1672 3973 faisse
1693 3891 1878 3964 debilitatos,
1914 3909 1977 3954 uon
2000 3887 2274 3970 quemadmodum
2296 3887 2371 3953 lieri

369 3970 515 4054 impulsu
549 3991 684 4036 arnano:
716 3971 870 4053 quoniam
900 3972 1022 4038 seilieet
1054 3975 1191 4040 voluerit
1225 3995 1343 4058 poenes
1396 3975 1554 4042 videmus.
1598 3975 1684 4042 Nam
1714 3975 1939 4058 frequentibus
1961 3975 2144 4056 puerperiis
2165 3975 2286 4040 seimus
2308 3974 2371 4037 im-

317 4073 320 4082 *
371 4058 410 4122 de
432 4057 553 4142 000010
574 4055 630 4121 1110
653 4055 825 4140 desperato
847 4076 987 4122 sumere.
1021 4058 1112 4124 Haeo
1131 4061 1231 4143 igitar
1246 4081 1345 4127 eausa
1395 4062 1501 4126 minui
1525 4063 1608 4127 vires
1631 4061 1816 4127 mulierem.
1850 4059 1917 4126 Sed
1940 4061 1994 4124 hio
2016 4058 2057 4124 de
2078 4058 2194 4124 robore
2214 4058 2373 4142 loquitur,

371 4151 429 4220 est,
451 4141 617 4208 ourDeus
640 4162 704 4206 non
725 4151 853 4208 tantum
874 4141 929 4206 hio
951 4142 1102 4225 loquatur
1118 4144 1156 4210 de
1172 4153 1345 4225 vastatore,
1396 4145 1480 4227 quod
1504 4157 1625 4212 matres
1652 4154 1787 4212 sumunt
1809 4168 1828 4212 a
1851 4145 1936 4211 filiis.
1981 4144 2064 4211 Nam
2087 4143 2299 4228 polyteahnie
2320 4157 2375 4209 est

371 4227 428 4293 sed
462 4227 549 4293 dieat
581 4224 738 4309 impulsos
771 4227 872 4292 fuisse
904 4226 1014 4293 hostes
1043 4249 1101 4294 sno
1128 4231 1278 4310 oonsilio,
1312 4241 1345 4294 et
1396 4231 1518 4295 fultura
1538 4241 1692 4296 matrum.
1737 4231 1830 4313 Ques
1852 4230 1953 4315 igitur
1975 4230 2097 4296 multos
2118 4229 2219 4296 habet
2240 4230 2372 4306 liberos,

372 4313 465 4394 quasi
494 4311 651 4378 militasse
682 4311 742 4376 sub
771 4311 892 4376 vexillo
920 4332 995 4390 000,
1030 4322 1062 4379 01
1091 4317 1258 4398 euspioiis,
1291 4314 1345 4379 vol
1397 4315 1512 4378 fortior
1539 4315 1687 4382 videtur:
1720 4319 1798 4400 quia
1830 4316 1966 4381 totidem
1998 4317 2125 4382 munita
2153 4324 2204 4382 est
2234 4315 2372 4400 elypeis.

372 4397 482 4463 dueta.
515 4395 615 4479 Dioit,
639 4395 681 4461 Ia
703 4397 850 4462 meridie:
872 4417 972 4479 quum
995 4397 1117 4465 soilieet
1132 4409 1212 4466 tuna
1227 4399 1345 4465 melias
1398 4398 1561 4479 Quoniam
1590 4421 1668 4485 ergo
1696 4403 1803 4468 leoere
1832 4401 1937 4467 solent
1966 4410 2086 4466 metros
2116 4401 2151 4465 in
2179 4420 2240 4466 sue
2262 4400 2373 4466 sobole

372 4501 489 4550 nevere
519 4480 579 4546 sibi
613 4497 746 4564 possent
773 4479 896 4546 Iudaei.
951 4481 1015 4548 Sed
1047 4483 1188 4549 ostendit
1217 4507 1251 4551 se
1279 4484 1345 4549 illis
1396 4483 1537 4550 multum
1565 4486 1724 4570 praesidii,
1755 4487 1832 4554 dioit
1860 4486 2036 4553 debilitatae
2058 4506 2122 4552 esse
2143 4487 2211 4552 suis
2234 4487 2372 4565 viribus,

372 4570 472 4635 fuisse
501 4566 684 4645 adversum,
715 4565 801 4648 quod
832 4586 896 4631 uon
924 4567 1048 4633 fuerint
1070 4568 1264 4651 deprehensi
1288 4569 1345 4632 ho·
1397 4590 1512 4653 nempe
1545 4573 1620 4653 qaia
1653 4571 1785 4638 orbatae
1819 4581 1896 4637 sunt
1928 4570 2077 4638 omnibus
2109 4571 2232 4650 liberis,
2275 4590 2312 4636 eo
2342 4573 2372 4636 si

373 4655 475 4720 stiam
503 4659 591 4729 esta,
624 4650 900 4734 quemadmodum
930 4672 1027 4736 saepo
1053 4654 1123 4718 fieri
1153 4653 1250 4718 solet:
1286 4674 1346 4720 nee
1397 4675 1527 4738 semper
1560 4656 1684 4722 fuerint
1715 4657 1852 4723 steriles.
1904 4658 2023 4723 Postea
2055 4656 2160 4734 addit,
2194 4658 2289 4738 quasi
2321 4677 2371 4721 ea·

373 4739 494 4806 fuerint
527 4737 673 4819 oppressi
707 4734 918 4801 elandestinis
951 4737 1108 4816 eonsiliis,
1146 4737 1203 4804 sed
1236 4739 1346 4805 hostes
1396 4741 1537 4822 spirasse
1558 4742 1698 4806 animam
1721 4743 1874 4825 00001000
1896 4743 2010 4824 msam.
2055 4741 2140 4807 Nam
2165 4740 2219 4807 hio
2242 4762 2307 4807 uon
2329 4741 2373 4807 ds

372 4826 482 4910 palam
506 4832 538 4889 01
560 4823 660 4888 libere
681 4821 877 4904 irruperint:
908 4841 1007 4904 quum
1037 4833 1145 4888 tamen
1168 4833 1201 4887 et
1223 4823 1346 4888 multae
1397 4824 1589 4891 mulieribus
1618 4825 1772 4908 loquitur,
1801 4828 1858 4893 sed
1887 4827 1926 4893 de
1948 4835 2017 4892 toto
2038 4826 2166 4911 000010.
2213 4825 2373 4910 Sequitur

374 4910 472 4976 urbos
500 4915 607 4974 essent
629 4906 785 4986 munitae,
814 4916 847 4971 et
873 4905 1010 4988 populus
1033 4907 1210 4974 oonflderet
1231 4929 1266 4974 se
1288 4908 1345 4973 he·
1398 4909 1486 4974 enim
1508 4918 1628 4992 000100,
1654 4910 1771 4978 Occidit
1792 4913 1840 4978 sel
1861 4913 1929 4978 eius
1953 4933 2049 4994 qaam
2070 4912 2172 4979 adhue
2192 4913 2371 4995 meridies,

373 4995 450 5061 bere
479 4995 558 5061 satis
587 4994 693 5058 melta
722 4990 890 5075 praesidia.
936 4990 1032 5071 Quod
1065 5014 1142 5076 ergo
1174 4993 1284 5060 hostes
1313 4993 1345 5057 in
1398 4993 1459 5060 hoo
1488 5004 1546 5076 001,
1574 5015 1673 5077 qnam
1703 4999 1900 5080 prosperitas
1930 4997 1998 5063 illis.
2020 5010 2110 5064 oorta
2137 5002 2233 5077 esset,
2263 4997 2372 5064 subito

373 5080 454 5164 ipsis
482 5078 677 5146 meridiebus
707 5076 753 5162 (id
781 5077 867 5142 enim
890 5075 980 5142 valet
1002 5076 1189 5144 hebraioum
1214 5077 1347 5164 nemen)
1398 5079 1489 5144 Deus
1511 5080 1650 5146 involvit
1670 5103 1724 5147 eos
1747 5083 1831 5148 tristi
1853 5082 2049 5162 aelamitate,
2071 5092 2106 5150 et
2123 5085 2216 5167 quasi
2231 5084 2372 5150 oireum·

374 5173 408 5231 et
428 5165 465 5231 in
487 5165 575 5231 alara
597 5166 668 5230 leae
690 5165 736 5229 110
759 5161 831 5228 0001
849 5162 970 5227 fuerint
985 5162 1144 5244 grassari:
1167 5163 1245 5230 iude
1260 5172 1347 5229 oerte
1399 5163 1488 5228 dedit
1510 5165 1574 5231 illis
1597 5166 1756 5246 tenebras,
1783 5188 1882 5251 qaum
1905 5178 2059 5251 putarent
2079 5167 2142 5234 sibi
2164 5168 2275 5235 lueere
2297 5187 2372 5252 pro-

374 5252 496 5318 elarius
525 5252 686 5335 patefacta
715 5258 764 5316 est
787 5247 851 5314 Dei
882 5245 1036 5324 vindiote,
1067 5246 1152 5329 quod
1183 5268 1249 5314 non
1279 5257 1347 5313 tam
1399 5269 1527 5330 sperem
1559 5251 1732 5318 fortunam.
1778 5251 1924 5318 mandem
1955 5254 2033 5319 dieit
2059 5255 2203 5337 censatos
2222 5253 2324 5336 faisse
2344 5258 2373 5318 et
