<?xml version="1.0" encoding="UTF-8"?>
<!DOCTYPE html PUBLIC "-//W3C//DTD XHTML 1.0 Transitional//EN"
    "http://www.w3.org/TR/xhtml1/DTD/xhtml1-transitional.dtd">
<html xmlns="http://www.w3.org/1999/xhtml" xml:lang="en" lang="en">
 <head>
  <title>
</title>
<meta http-equiv="Content-Type" content="text/html;charset=utf-8" />
  <meta name='ocr-system' content='tesseract 3.04.00' />
  <meta name='ocr-capabilities' content='ocr_page ocr_carea ocr_par ocr_line ocrx_word'/>
</head>
<body>
  <div class='ocr_page' id='page_1' title='image "./corpusreformato14melagoog_0328.png"; bbox 0 0 5118 6136; ppageno 0'>
   <div class='ocr_carea' id='block_1_1' title="bbox 198 461 2204 542">
    <p class='ocr_par' dir='ltr' id='par_1_1' title="bbox 198 461 2204 542">
     <span class='ocr_line' id='line_1_1' title="bbox 198 461 2204 542; baseline 0.008 -15"><span class='ocrx_word' id='word_1_1' title='bbox 198 463 262 530; x_wconf 84' lang='grc'><strong>625</strong></span> <span class='ocrx_word' id='word_1_2' title='bbox 899 463 948 528; x_wconf 90' lang='grc' dir='ltr'><strong>ΙΝ</strong></span> <span class='ocrx_word' id='word_1_3' title='bbox 970 463 1220 530; x_wconf 78' lang='lat' dir='ltr'><strong>IERIIMIAM.</strong></span> <span class='ocrx_word' id='word_1_4' title='bbox 1264 463 1363 530; x_wconf 84' lang='lat' dir='ltr'><strong>CAP.</strong></span> <span class='ocrx_word' id='word_1_5' title='bbox 1386 461 1502 530; x_wconf 86' lang='lat' dir='ltr'><strong>XXX.</strong></span> <span class='ocrx_word' id='word_1_6' title='bbox 2139 477 2204 542; x_wconf 82' lang='grc'><strong>626</strong></span> 
     </span>
    </p>
   </div>
   <div class='ocr_carea' id='block_1_2' title="bbox 190 650 2281 5445">
    <p class='ocr_par' dir='ltr' id='par_1_2' title="bbox 196 650 2281 3393">
     <span class='ocr_line' id='line_1_2' title="bbox 283 650 2203 743; baseline 0.006 -26"><span class='ocrx_word' id='word_1_7' title='bbox 283 652 396 719; x_wconf 86' lang='grc' dir='ltr'><strong>Ρ6166</strong></span> <span class='ocrx_word' id='word_1_8' title='bbox 441 650 623 717; x_wconf 87' lang='grc'><strong>66666666</strong></span> <span class='ocrx_word' id='word_1_9' title='bbox 667 661 717 717; x_wconf 86' lang='grc'><strong>666</strong></span> <span class='ocrx_word' id='word_1_10' title='bbox 762 654 941 736; x_wconf 88' lang='lat' dir='ltr'><strong>prophetae</strong></span> <span class='ocrx_word' id='word_1_11' title='bbox 989 651 1173 717; x_wconf 88' lang='lat' dir='ltr'><strong>consilium.</strong></span> <span class='ocrx_word' id='word_1_12' title='bbox 1226 651 1410 734; x_wconf 78' lang='lat' dir='ltr'><strong>oblipondas</strong></span> <span class='ocrx_word' id='word_1_13' title='bbox 1431 653 1568 720; x_wconf 80' lang='lat' dir='ltr'><strong>medelas</strong></span> <span class='ocrx_word' id='word_1_14' title='bbox 1587 654 1755 720; x_wconf 80' lang='grc'><strong>66666661.</strong></span> <span class='ocrx_word' id='word_1_15' title='bbox 1799 655 1870 723; x_wconf 95' lang='grc'><strong>866</strong></span> <span class='ocrx_word' id='word_1_16' title='bbox 1893 679 1959 723; x_wconf 87' lang='grc'><strong>666</strong></span> <span class='ocrx_word' id='word_1_17' title='bbox 1983 663 2091 743; x_wconf 88' lang='grc'><strong>666616</strong></span> <span class='ocrx_word' id='word_1_18' title='bbox 2113 683 2203 729; x_wconf 91' lang='lat' dir='ltr'><strong>com·</strong></span> 
     </span>
     <span class='ocr_line' id='line_1_3' title="bbox 199 735 2201 828; baseline 0.006 -25"><span class='ocrx_word' id='word_1_19' title='bbox 199 738 333 823; x_wconf 85' lang='lat' dir='ltr'><strong>Pugnat</strong></span> <span class='ocrx_word' id='word_1_20' title='bbox 361 737 546 804; x_wconf 86' lang='lat' dir='ltr'><strong>enimcum</strong></span> <span class='ocrx_word' id='word_1_21' title='bbox 569 737 636 802; x_wconf 93' lang='lat' dir='ltr'><strong>illis</strong></span> <span class='ocrx_word' id='word_1_22' title='bbox 658 739 900 820; x_wconf 89' lang='lat' dir='ltr'><strong>impostoribus,</strong></span> <span class='ocrx_word' id='word_1_23' title='bbox 924 738 980 820; x_wconf 93' lang='lat' dir='ltr'><strong>qui</strong></span> <span class='ocrx_word' id='word_1_24' title='bbox 1003 758 1095 820; x_wconf 89' lang='lat' dir='ltr'><strong>spem</strong></span> <span class='ocrx_word' id='word_1_25' title='bbox 1118 736 1174 801; x_wconf 90' lang='lat' dir='ltr'><strong>da·</strong></span> <span class='ocrx_word' id='word_1_26' title='bbox 1226 735 1400 820; x_wconf 78' lang='lat' dir='ltr'><strong>prehendit</strong></span> <span class='ocrx_word' id='word_1_27' title='bbox 1430 748 1549 802; x_wconf 87' lang='lat' dir='ltr'><strong>totum:</strong></span> <span class='ocrx_word' id='word_1_28' title='bbox 1579 740 1683 816; x_wconf 88' lang='lat' dir='ltr'><strong>Isaiae</strong></span> <span class='ocrx_word' id='word_1_29' title='bbox 1707 742 1735 806; x_wconf 91' lang='lat'><strong>1.</strong></span> <span class='ocrx_word' id='word_1_30' title='bbox 1759 761 1828 825; x_wconf 88' lang='grc'><strong>666.</strong></span> <span class='ocrx_word' id='word_1_31' title='bbox 1852 743 1929 808; x_wconf 87' lang='grc'><strong>666</strong></span> <span class='ocrx_word' id='word_1_32' title='bbox 1956 744 2042 810; x_wconf 90' lang='grc'><strong>1666</strong></span> <span class='ocrx_word' id='word_1_33' title='bbox 2073 758 2201 828; x_wconf 88' lang='lat' dir='ltr'><strong>tractat,</strong></span> 
     </span>
     <span class='ocr_line' id='line_1_4' title="bbox 200 821 2202 907; baseline 0.006 -17"><span class='ocrx_word' id='word_1_34' title='bbox 200 825 280 890; x_wconf 91' lang='lat' dir='ltr'><strong>bant</strong></span> <span class='ocrx_word' id='word_1_35' title='bbox 315 824 438 907; x_wconf 89' lang='lat' dir='ltr'><strong>populo</strong></span> <span class='ocrx_word' id='word_1_36' title='bbox 476 824 583 888; x_wconf 87' lang='lat' dir='ltr'><strong>brevis</strong></span> <span class='ocrx_word' id='word_1_37' title='bbox 617 823 760 888; x_wconf 84' lang='lat' dir='ltr'><strong>reditus:</strong></span> <span class='ocrx_word' id='word_1_38' title='bbox 797 825 927 906; x_wconf 88' lang='lat' dir='ltr'><strong>qnando</strong></span> <span class='ocrx_word' id='word_1_39' title='bbox 964 821 1175 905; x_wconf 86' lang='lat' dir='ltr'><strong>exspectandi</strong></span> <span class='ocrx_word' id='word_1_40' title='bbox 1227 821 1353 905; x_wconf 90' lang='lat' dir='ltr'><strong>plenius</strong></span> <span class='ocrx_word' id='word_1_41' title='bbox 1376 823 1519 906; x_wconf 85' lang='lat' dir='ltr'><strong>explicat</strong></span> <span class='ocrx_word' id='word_1_42' title='bbox 1541 845 1631 890; x_wconf 87' lang='lat' dir='ltr'><strong>suam</strong></span> <span class='ocrx_word' id='word_1_43' title='bbox 1654 829 1862 892; x_wconf 90' lang='lat' dir='ltr'><strong>senteutiam.</strong></span> <span class='ocrx_word' id='word_1_44' title='bbox 1902 829 1995 896; x_wconf 89' lang='lat' dir='ltr'><strong>Nihil</strong></span> <span class='ocrx_word' id='word_1_45' title='bbox 2018 841 2128 899; x_wconf 90' lang='lat' dir='ltr'><strong>tamen</strong></span> <span class='ocrx_word' id='word_1_46' title='bbox 2152 845 2202 902; x_wconf 90' lang='lat' dir='ltr'><strong>est</strong></span> 
     </span>
     <span class='ocr_line' id='line_1_5' title="bbox 201 907 2202 1002; baseline 0.005 -27"><span class='ocrx_word' id='word_1_47' title='bbox 201 919 295 976; x_wconf 89' lang='lat' dir='ltr'><strong>erant</strong></span> <span class='ocrx_word' id='word_1_48' title='bbox 323 911 531 996; x_wconf 74' lang='lat' dir='ltr'><strong>septuaginta</strong></span> <span class='ocrx_word' id='word_1_49' title='bbox 560 910 648 986; x_wconf 90' lang='lat' dir='ltr'><strong>anni,</strong></span> <span class='ocrx_word' id='word_1_50' title='bbox 682 921 720 972; x_wconf 93' lang='lat' dir='ltr'><strong>ut</strong></span> <span class='ocrx_word' id='word_1_51' title='bbox 748 907 872 974; x_wconf 90' lang='lat' dir='ltr'><strong>dietum</strong></span> <span class='ocrx_word' id='word_1_52' title='bbox 903 910 979 986; x_wconf 88' lang='grc'><strong>1616,</strong></span> <span class='ocrx_word' id='word_1_53' title='bbox 1014 909 1175 992; x_wconf 87' lang='grc'><strong>66666666</strong></span> <span class='ocrx_word' id='word_1_54' title='bbox 1226 907 1431 974; x_wconf 70' lang='lat' dir='ltr'><strong>obscuritatis</strong></span> <span class='ocrx_word' id='word_1_55' title='bbox 1453 929 1553 990; x_wconf 91' lang='lat' dir='ltr'><strong>quum</strong></span> <span class='ocrx_word' id='word_1_56' title='bbox 1576 910 1655 977; x_wconf 89' lang='lat' dir='ltr'><strong>dicit</strong></span> <span class='ocrx_word' id='word_1_57' title='bbox 1677 912 1837 995; x_wconf 85' lang='lat' dir='ltr'><strong>propheta</strong></span> <span class='ocrx_word' id='word_1_58' title='bbox 1862 916 2027 981; x_wconf 91' lang='lat' dir='ltr'><strong>neminem</strong></span> <span class='ocrx_word' id='word_1_59' title='bbox 2052 939 2123 984; x_wconf 89' lang='lat' dir='ltr'><strong>esse</strong></span> <span class='ocrx_word' id='word_1_60' title='bbox 2144 922 2202 1002; x_wconf 93' lang='lat' dir='ltr'><strong>qui</strong></span> 
     </span>
     <span class='ocr_line' id='line_1_6' title="bbox 198 993 2202 1084; baseline 0.005 -24"><span class='ocrx_word' id='word_1_61' title='bbox 198 997 302 1082; x_wconf 80' lang='lat' dir='ltr'><strong>igitur</strong></span> <span class='ocrx_word' id='word_1_62' title='bbox 325 997 427 1060; x_wconf 87' lang='lat' dir='ltr'><strong>voluit</strong></span> <span class='ocrx_word' id='word_1_63' title='bbox 448 994 621 1060; x_wconf 89' lang='lat' dir='ltr'><strong>ostendere</strong></span> <span class='ocrx_word' id='word_1_64' title='bbox 642 994 762 1077; x_wconf 90' lang='lat' dir='ltr'><strong>populo</strong></span> <span class='ocrx_word' id='word_1_65' title='bbox 788 1015 886 1077; x_wconf 90' lang='lat' dir='ltr'><strong>quam</strong></span> <span class='ocrx_word' id='word_1_66' title='bbox 908 996 1007 1060; x_wconf 89' lang='lat' dir='ltr'><strong>stulte</strong></span> <span class='ocrx_word' id='word_1_67' title='bbox 1029 1001 1176 1076; x_wconf 73' lang='lat' dir='ltr'><strong>speraret</strong></span> <span class='ocrx_word' id='word_1_68' title='bbox 1227 993 1395 1059; x_wconf 89' lang='lat' dir='ltr'><strong>medeatur</strong></span> <span class='ocrx_word' id='word_1_69' title='bbox 1416 994 1511 1060; x_wconf 91' lang='lat' dir='ltr'><strong>malis</strong></span> <span class='ocrx_word' id='word_1_70' title='bbox 1534 996 1656 1079; x_wconf 92' lang='lat' dir='ltr'><strong>populi.</strong></span> <span class='ocrx_word' id='word_1_71' title='bbox 1690 997 1884 1064; x_wconf 77' lang='lat' dir='ltr'><strong>uouendum</strong></span> <span class='ocrx_word' id='word_1_72' title='bbox 1906 1021 2037 1084; x_wconf 88' lang='lat' dir='ltr'><strong>semper</strong></span> <span class='ocrx_word' id='word_1_73' title='bbox 2059 1014 2109 1069; x_wconf 90' lang='lat' dir='ltr'><strong>est</strong></span> <span class='ocrx_word' id='word_1_74' title='bbox 2130 1008 2202 1072; x_wconf 92' lang='lat' dir='ltr'><strong>eius</strong></span> 
     </span>
     <span class='ocr_line' id='line_1_7' title="bbox 200 1078 2200 1175; baseline 0.004 -28"><span class='ocrx_word' id='word_1_75' title='bbox 200 1084 325 1148; x_wconf 84' lang='lat' dir='ltr'><strong>exitum</strong></span> <span class='ocrx_word' id='word_1_76' title='bbox 359 1081 454 1147; x_wconf 85' lang='lat' dir='ltr'><strong>malie</strong></span> <span class='ocrx_word' id='word_1_77' title='bbox 486 1081 554 1146; x_wconf 88' lang='lat' dir='ltr'><strong>suis</strong></span> <span class='ocrx_word' id='word_1_78' title='bbox 589 1089 655 1144; x_wconf 88' lang='lat' dir='ltr'><strong>tam</strong></span> <span class='ocrx_word' id='word_1_79' title='bbox 685 1081 803 1164; x_wconf 79' lang='lat' dir='ltr'><strong>exiguo</strong></span> <span class='ocrx_word' id='word_1_80' title='bbox 834 1095 989 1164; x_wconf 90' lang='lat' dir='ltr'><strong>tempore.</strong></span> <span class='ocrx_word' id='word_1_81' title='bbox 1042 1080 1086 1145; x_wconf 85' lang='lat' dir='ltr'><strong>Et</strong></span> <span class='ocrx_word' id='word_1_82' title='bbox 1115 1078 1176 1144; x_wconf 92' lang='lat' dir='ltr'><strong>hoe</strong></span> <span class='ocrx_word' id='word_1_83' title='bbox 1226 1079 1412 1158; x_wconf 88' lang='lat' dir='ltr'><strong>consilium,</strong></span> <span class='ocrx_word' id='word_1_84' title='bbox 1442 1100 1559 1162; x_wconf 88' lang='lat' dir='ltr'><strong>nempe</strong></span> <span class='ocrx_word' id='word_1_85' title='bbox 1590 1082 1745 1165; x_wconf 91' lang='lat' dir='ltr'><strong>populum</strong></span> <span class='ocrx_word' id='word_1_86' title='bbox 1777 1085 1877 1150; x_wconf 90' lang='lat' dir='ltr'><strong>nimia</strong></span> <span class='ocrx_word' id='word_1_87' title='bbox 1906 1087 2063 1153; x_wconf 85' lang='lat' dir='ltr'><strong>facilitate</strong></span> <span class='ocrx_word' id='word_1_88' title='bbox 2086 1088 2200 1175; x_wconf 92' lang='lat' dir='ltr'><strong>decipi,</strong></span> 
     </span>
     <span class='ocr_line' id='line_1_8' title="bbox 200 1163 2201 1255; baseline 0.004 -22"><span class='ocrx_word' id='word_1_89' title='bbox 200 1167 375 1252; x_wconf 82' lang='lat' dir='ltr'><strong>diligenter</strong></span> <span class='ocrx_word' id='word_1_90' title='bbox 397 1166 575 1233; x_wconf 89' lang='lat' dir='ltr'><strong>notandum</strong></span> <span class='ocrx_word' id='word_1_91' title='bbox 599 1177 657 1242; x_wconf 90' lang='lat' dir='ltr'><strong>est,</strong></span> <span class='ocrx_word' id='word_1_92' title='bbox 680 1167 755 1248; x_wconf 90' lang='lat' dir='ltr'><strong>quia</strong></span> <span class='ocrx_word' id='word_1_93' title='bbox 778 1186 843 1231; x_wconf 88' lang='lat' dir='ltr'><strong>non</strong></span> <span class='ocrx_word' id='word_1_94' title='bbox 866 1167 924 1232; x_wconf 86' lang='lat' dir='ltr'><strong>ebe</strong></span> <span class='ocrx_word' id='word_1_95' title='bbox 944 1187 980 1230; x_wconf 89' lang='lat' dir='ltr'><strong>re</strong></span> <span class='ocrx_word' id='word_1_96' title='bbox 998 1166 1122 1230; x_wconf 78' lang='lat' dir='ltr'><strong>insistit</strong></span> <span class='ocrx_word' id='word_1_97' title='bbox 1139 1165 1175 1228; x_wconf 94' lang='lat' dir='ltr'><strong>in</strong></span> <span class='ocrx_word' id='word_1_98' title='bbox 1227 1163 1305 1228; x_wconf 90' lang='lat' dir='ltr'><strong>dum</strong></span> <span class='ocrx_word' id='word_1_99' title='bbox 1335 1175 1446 1246; x_wconf 87' lang='lat' dir='ltr'><strong>sperat</strong></span> <span class='ocrx_word' id='word_1_100' title='bbox 1474 1186 1511 1230; x_wconf 89' lang='lat' dir='ltr'><strong>se</strong></span> <span class='ocrx_word' id='word_1_101' title='bbox 1541 1167 1633 1231; x_wconf 87' lang='lat' dir='ltr'><strong>brevi</strong></span> <span class='ocrx_word' id='word_1_102' title='bbox 1662 1169 1845 1234; x_wconf 90' lang='lat' dir='ltr'><strong>rediturum</strong></span> <span class='ocrx_word' id='word_1_103' title='bbox 1873 1171 1906 1236; x_wconf 94' lang='lat' dir='ltr'><strong>in</strong></span> <span class='ocrx_word' id='word_1_104' title='bbox 1936 1173 2087 1255; x_wconf 88' lang='lat' dir='ltr'><strong>patriam.</strong></span> <span class='ocrx_word' id='word_1_105' title='bbox 2134 1174 2201 1242; x_wconf 88' lang='lat' dir='ltr'><strong>Sed</strong></span> 
     </span>
     <span class='ocr_line' id='line_1_9' title="bbox 200 1249 2203 1340; baseline 0.005 -22"><span class='ocrx_word' id='word_1_106' title='bbox 200 1253 261 1320; x_wconf 91' lang='lat' dir='ltr'><strong>hao</strong></span> <span class='ocrx_word' id='word_1_107' title='bbox 284 1261 376 1336; x_wconf 90' lang='lat' dir='ltr'><strong>parte</strong></span> <span class='ocrx_word' id='word_1_108' title='bbox 399 1252 567 1334; x_wconf 88' lang='lat' dir='ltr'><strong>prophete.</strong></span> <span class='ocrx_word' id='word_1_109' title='bbox 598 1249 1174 1332; x_wconf 81' lang='grc'><strong>111611661661166111666666666</strong></span> <span class='ocrx_word' id='word_1_110' title='bbox 1226 1250 1409 1332; x_wconf 79' lang='lat' dir='ltr'><strong>colligenda</strong></span> <span class='ocrx_word' id='word_1_111' title='bbox 1432 1260 1483 1314; x_wconf 90' lang='lat' dir='ltr'><strong>est</strong></span> <span class='ocrx_word' id='word_1_112' title='bbox 1505 1253 1668 1335; x_wconf 83' lang='lat' dir='ltr'><strong>generalis</strong></span> <span class='ocrx_word' id='word_1_113' title='bbox 1691 1252 1847 1332; x_wconf 87' lang='lat' dir='ltr'><strong>doctrina,</strong></span> <span class='ocrx_word' id='word_1_114' title='bbox 1878 1277 2047 1340; x_wconf 89' lang='lat' dir='ltr'><strong>nunquam</strong></span> <span class='ocrx_word' id='word_1_115' title='bbox 2077 1260 2203 1328; x_wconf 88' lang='lat' dir='ltr'><strong>scilieet</strong></span> 
     </span>
     <span class='ocr_line' id='line_1_10' title="bbox 200 1336 2202 1424; baseline 0.004 -21"><span class='ocrx_word' id='word_1_116' title='bbox 200 1339 350 1404; x_wconf 91' lang='lat' dir='ltr'><strong>homines</strong></span> <span class='ocrx_word' id='word_1_117' title='bbox 384 1336 544 1404; x_wconf 90' lang='lat' dir='ltr'><strong>adducere</strong></span> <span class='ocrx_word' id='word_1_118' title='bbox 576 1336 618 1401; x_wconf 90' lang='lat' dir='ltr'><strong>ad</strong></span> <span class='ocrx_word' id='word_1_119' title='bbox 651 1337 768 1404; x_wconf 87' lang='lat' dir='ltr'><strong>seriam</strong></span> <span class='ocrx_word' id='word_1_120' title='bbox 805 1339 1023 1421; x_wconf 76' lang='lat' dir='ltr'><strong>cognitionem</strong></span> <span class='ocrx_word' id='word_1_121' title='bbox 1062 1336 1174 1400; x_wconf 89' lang='lat' dir='ltr'><strong>iudicii</strong></span> <span class='ocrx_word' id='word_1_122' title='bbox 1227 1336 1376 1401; x_wconf 88' lang='lat' dir='ltr'><strong>homines</strong></span> <span class='ocrx_word' id='word_1_123' title='bbox 1399 1355 1492 1420; x_wconf 86' lang='lat' dir='ltr'><strong>posse</strong></span> <span class='ocrx_word' id='word_1_124' title='bbox 1515 1338 1655 1421; x_wconf 81' lang='lat' dir='ltr'><strong>gretiam</strong></span> <span class='ocrx_word' id='word_1_125' title='bbox 1671 1338 1734 1404; x_wconf 91' lang='lat' dir='ltr'><strong>Dei</strong></span> <span class='ocrx_word' id='word_1_126' title='bbox 1757 1343 1932 1424; x_wconf 90' lang='lat' dir='ltr'><strong>percipere,</strong></span> <span class='ocrx_word' id='word_1_127' title='bbox 1957 1343 2058 1409; x_wconf 89' lang='lat' dir='ltr'><strong>donec</strong></span> <span class='ocrx_word' id='word_1_128' title='bbox 2080 1347 2202 1412; x_wconf 90' lang='grc'><strong>1666166</strong></span> 
     </span>
     <span class='ocr_line' id='line_1_11' title="bbox 199 1421 2202 1516; baseline 0.004 -27"><span class='ocrx_word' id='word_1_129' title='bbox 199 1425 273 1489; x_wconf 90' lang='lat' dir='ltr'><strong>Dei.</strong></span> <span class='ocrx_word' id='word_1_130' title='bbox 319 1422 457 1507; x_wconf 89' lang='lat' dir='ltr'><strong>Siquid</strong></span> <span class='ocrx_word' id='word_1_131' title='bbox 483 1421 613 1489; x_wconf 87' lang='lat' dir='ltr'><strong>adversi</strong></span> <span class='ocrx_word' id='word_1_132' title='bbox 642 1423 821 1506; x_wconf 78' lang='lat' dir='ltr'><strong>contingat,</strong></span> <span class='ocrx_word' id='word_1_133' title='bbox 852 1431 930 1488; x_wconf 91' lang='lat' dir='ltr'><strong>sunt</strong></span> <span class='ocrx_word' id='word_1_134' title='bbox 960 1421 1092 1504; x_wconf 89' lang='lat' dir='ltr'><strong>quidem</strong></span> <span class='ocrx_word' id='word_1_135' title='bbox 1123 1422 1174 1486; x_wconf 91' lang='lat' dir='ltr'><strong>ni·</strong></span> <span class='ocrx_word' id='word_1_136' title='bbox 1227 1421 1352 1488; x_wconf 88' lang='lat' dir='ltr'><strong>subacti</strong></span> <span class='ocrx_word' id='word_1_137' title='bbox 1381 1422 1494 1488; x_wconf 87' lang='grc'><strong>661616</strong></span> <span class='ocrx_word' id='word_1_138' title='bbox 1524 1432 1557 1487; x_wconf 90' lang='grc'><strong>66</strong></span> <span class='ocrx_word' id='word_1_139' title='bbox 1585 1423 1676 1490; x_wconf 84' lang='grc'><strong>66616</strong></span> <span class='ocrx_word' id='word_1_140' title='bbox 1706 1426 1996 1510; x_wconf 85' lang='lat' dir='ltr'><strong>obiurgationibns.</strong></span> <span class='ocrx_word' id='word_1_141' title='bbox 2050 1429 2202 1516; x_wconf 78' lang='lat' dir='ltr'><strong>Fugiunt</strong></span> 
     </span>
     <span class='ocr_line' id='line_1_12' title="bbox 199 1507 2200 1590; baseline 0.004 -16"><span class='ocrx_word' id='word_1_142' title='bbox 199 1511 302 1575; x_wconf 92' lang='lat' dir='ltr'><strong>mium</strong></span> <span class='ocrx_word' id='word_1_143' title='bbox 333 1510 435 1574; x_wconf 89' lang='lat' dir='ltr'><strong>teneri</strong></span> <span class='ocrx_word' id='word_1_144' title='bbox 459 1519 492 1573; x_wconf 93' lang='lat' dir='ltr'><strong>et</strong></span> <span class='ocrx_word' id='word_1_145' title='bbox 514 1508 628 1573; x_wconf 87' lang='lat' dir='ltr'><strong>molles</strong></span> <span class='ocrx_word' id='word_1_146' title='bbox 649 1510 683 1572; x_wconf 93' lang='lat' dir='ltr'><strong>in</strong></span> <span class='ocrx_word' id='word_1_147' title='bbox 706 1508 914 1589; x_wconf 87' lang='lat' dir='ltr'><strong>percipiendo</strong></span> <span class='ocrx_word' id='word_1_148' title='bbox 944 1528 1042 1573; x_wconf 90' lang='lat' dir='ltr'><strong>sensu</strong></span> <span class='ocrx_word' id='word_1_149' title='bbox 1072 1507 1173 1570; x_wconf 87' lang='lat' dir='ltr'><strong>malo·</strong></span> <span class='ocrx_word' id='word_1_150' title='bbox 1226 1507 1313 1571; x_wconf 88' lang='lat' dir='ltr'><strong>enim</strong></span> <span class='ocrx_word' id='word_1_151' title='bbox 1343 1527 1472 1590; x_wconf 85' lang='lat' dir='ltr'><strong>semper</strong></span> <span class='ocrx_word' id='word_1_152' title='bbox 1500 1507 1564 1573; x_wconf 89' lang='lat' dir='ltr'><strong>Dei</strong></span> <span class='ocrx_word' id='word_1_153' title='bbox 1594 1511 1764 1589; x_wconf 89' lang='lat' dir='ltr'><strong>iudicium,</strong></span> <span class='ocrx_word' id='word_1_154' title='bbox 1798 1513 1914 1579; x_wconf 91' lang='lat' dir='ltr'><strong>deinde</strong></span> <span class='ocrx_word' id='word_1_155' title='bbox 1944 1517 2130 1582; x_wconf 89' lang='lat' dir='ltr'><strong>caecutiunt</strong></span> <span class='ocrx_word' id='word_1_156' title='bbox 2158 1518 2200 1583; x_wconf 96' lang='grc'><strong>66</strong></span> 
     </span>
     <span class='ocr_line' id='line_1_13' title="bbox 200 1592 2200 1679; baseline 0.005 -20"><span class='ocrx_word' id='word_1_157' title='bbox 200 1616 288 1660; x_wconf 87' lang='lat' dir='ltr'><strong>rum:</strong></span> <span class='ocrx_word' id='word_1_158' title='bbox 318 1594 375 1658; x_wconf 91' lang='lat' dir='ltr'><strong>sed</strong></span> <span class='ocrx_word' id='word_1_159' title='bbox 395 1595 522 1658; x_wconf 90' lang='lat' dir='ltr'><strong>interea</strong></span> <span class='ocrx_word' id='word_1_160' title='bbox 551 1614 616 1657; x_wconf 91' lang='lat' dir='ltr'><strong>non</strong></span> <span class='ocrx_word' id='word_1_161' title='bbox 647 1593 826 1676; x_wconf 87' lang='lat' dir='ltr'><strong>respiciunt</strong></span> <span class='ocrx_word' id='word_1_162' title='bbox 856 1592 897 1658; x_wconf 90' lang='lat' dir='ltr'><strong>ad</strong></span> <span class='ocrx_word' id='word_1_163' title='bbox 923 1594 1038 1670; x_wconf 89' lang='lat' dir='ltr'><strong>Deum,</strong></span> <span class='ocrx_word' id='word_1_164' title='bbox 1069 1605 1102 1656; x_wconf 90' lang='lat' dir='ltr'><strong>et</strong></span> <span class='ocrx_word' id='word_1_165' title='bbox 1123 1613 1174 1657; x_wconf 90' lang='lat' dir='ltr'><strong>so·</strong></span> <span class='ocrx_word' id='word_1_166' title='bbox 1226 1613 1285 1658; x_wconf 91' lang='lat' dir='ltr'><strong>sua</strong></span> <span class='ocrx_word' id='word_1_167' title='bbox 1315 1603 1459 1674; x_wconf 88' lang='lat' dir='ltr'><strong>peecata,</strong></span> <span class='ocrx_word' id='word_1_168' title='bbox 1486 1603 1520 1658; x_wconf 92' lang='lat' dir='ltr'><strong>et</strong></span> <span class='ocrx_word' id='word_1_169' title='bbox 1542 1595 1604 1661; x_wconf 91' lang='lat' dir='ltr'><strong>sibi</strong></span> <span class='ocrx_word' id='word_1_170' title='bbox 1634 1616 1805 1679; x_wconf 82' lang='lat' dir='ltr'><strong>perperam</strong></span> <span class='ocrx_word' id='word_1_171' title='bbox 1838 1597 2060 1665; x_wconf 90' lang='lat' dir='ltr'><strong>blandiuntur.</strong></span> <span class='ocrx_word' id='word_1_172' title='bbox 2104 1603 2200 1670; x_wconf 89' lang='lat' dir='ltr'><strong>Post·</strong></span> 
     </span>
     <span class='ocr_line' id='line_1_14' title="bbox 198 1679 2201 1772; baseline 0.005 -27"><span class='ocrx_word' id='word_1_173' title='bbox 198 1681 310 1746; x_wconf 84' lang='lat' dir='ltr'><strong>lentur</strong></span> <span class='ocrx_word' id='word_1_174' title='bbox 344 1699 381 1746; x_wconf 92' lang='lat' dir='ltr'><strong>ee</strong></span> <span class='ocrx_word' id='word_1_175' title='bbox 419 1681 511 1745; x_wconf 85' lang='lat' dir='ltr'><strong>vanis</strong></span> <span class='ocrx_word' id='word_1_176' title='bbox 551 1679 849 1760; x_wconf 74' lang='lat' dir='ltr'><strong>imaginationibus.</strong></span> <span class='ocrx_word' id='word_1_177' title='bbox 912 1679 1001 1760; x_wconf 78' lang='lat' dir='ltr'><strong>Ergo</strong></span> <span class='ocrx_word' id='word_1_178' title='bbox 1041 1697 1174 1744; x_wconf 90' lang='lat' dir='ltr'><strong>necesse</strong></span> <span class='ocrx_word' id='word_1_179' title='bbox 1226 1699 1325 1756; x_wconf 91' lang='lat' dir='ltr'><strong>remo,</strong></span> <span class='ocrx_word' id='word_1_180' title='bbox 1348 1679 1374 1743; x_wconf 91' lang='lat' dir='ltr'><strong>si</strong></span> <span class='ocrx_word' id='word_1_181' title='bbox 1398 1686 1526 1742; x_wconf 90' lang='lat' dir='ltr'><strong>tentum</strong></span> <span class='ocrx_word' id='word_1_182' title='bbox 1550 1700 1617 1744; x_wconf 92' lang='lat' dir='ltr'><strong>uno</strong></span> <span class='ocrx_word' id='word_1_183' title='bbox 1640 1683 1739 1748; x_wconf 89' lang='grc'><strong>66666</strong></span> <span class='ocrx_word' id='word_1_184' title='bbox 1762 1685 1900 1750; x_wconf 88' lang='grc'><strong>66616661</strong></span> <span class='ocrx_word' id='word_1_185' title='bbox 1923 1687 2201 1772; x_wconf 82' lang='lat' dir='ltr'><strong>fuerinteepeo·</strong></span> 
     </span>
     <span class='ocr_line' id='line_1_15' title="bbox 198 1763 2199 1854; baseline 0.004 -23"><span class='ocrx_word' id='word_1_186' title='bbox 198 1766 315 1831; x_wconf 88' lang='grc'><strong>666616</strong></span> <span class='ocrx_word' id='word_1_187' title='bbox 349 1765 510 1849; x_wconf 90' lang='lat' dir='ltr'><strong>propheta</strong></span> <span class='ocrx_word' id='word_1_188' title='bbox 551 1764 699 1846; x_wconf 91' lang='lat' dir='ltr'><strong>pluribus</strong></span> <span class='ocrx_word' id='word_1_189' title='bbox 736 1763 844 1830; x_wconf 84' lang='lat' dir='ltr'><strong>verbis</strong></span> <span class='ocrx_word' id='word_1_190' title='bbox 882 1765 1048 1830; x_wconf 88' lang='lat' dir='ltr'><strong>inculcare</strong></span> <span class='ocrx_word' id='word_1_191' title='bbox 1087 1763 1173 1831; x_wconf 88' lang='lat' dir='ltr'><strong>hano</strong></span> <span class='ocrx_word' id='word_1_192' title='bbox 1226 1784 1325 1840; x_wconf 87' lang='grc'><strong>66666,</strong></span> <span class='ocrx_word' id='word_1_193' title='bbox 1356 1765 1548 1829; x_wconf 85' lang='lat' dir='ltr'><strong>existimant</strong></span> <span class='ocrx_word' id='word_1_194' title='bbox 1577 1770 1806 1834; x_wconf 87' lang='grc'><strong>66666666616</strong></span> <span class='ocrx_word' id='word_1_195' title='bbox 1830 1790 1992 1854; x_wconf 85' lang='lat' dir='ltr'><strong>superque</strong></span> <span class='ocrx_word' id='word_1_196' title='bbox 2019 1771 2199 1841; x_wconf 83' lang='lat' dir='ltr'><strong>defunctos.</strong></span> 
     </span>
     <span class='ocr_line' id='line_1_16' title="bbox 198 1848 2199 1933; baseline 0.004 -17"><span class='ocrx_word' id='word_1_197' title='bbox 198 1851 390 1930; x_wconf 89' lang='lat' dir='ltr'><strong>doctrinam,</strong></span> <span class='ocrx_word' id='word_1_198' title='bbox 423 1851 500 1932; x_wconf 88' lang='lat' dir='ltr'><strong>quia</strong></span> <span class='ocrx_word' id='word_1_199' title='bbox 529 1849 662 1914; x_wconf 79' lang='lat' dir='ltr'><strong>videbat</strong></span> <span class='ocrx_word' id='word_1_200' title='bbox 690 1849 858 1916; x_wconf 89' lang='lat' dir='ltr'><strong>Israelitas</strong></span> <span class='ocrx_word' id='word_1_201' title='bbox 891 1849 953 1914; x_wconf 85' lang='lat' dir='ltr'><strong>sibi</strong></span> <span class='ocrx_word' id='word_1_202' title='bbox 982 1849 1174 1932; x_wconf 80' lang='lat' dir='ltr'><strong>promittere</strong></span> <span class='ocrx_word' id='word_1_203' title='bbox 1225 1849 1317 1933; x_wconf 81' lang='lat' dir='ltr'><strong>Ergo</strong></span> <span class='ocrx_word' id='word_1_204' title='bbox 1350 1848 1489 1933; x_wconf 83' lang='lat' dir='ltr'><strong>urgendi</strong></span> <span class='ocrx_word' id='word_1_205' title='bbox 1526 1859 1606 1916; x_wconf 92' lang='lat' dir='ltr'><strong>sunt</strong></span> <span class='ocrx_word' id='word_1_206' title='bbox 1638 1853 1678 1916; x_wconf 91' lang='grc'><strong>66</strong></span> <span class='ocrx_word' id='word_1_207' title='bbox 1714 1855 1955 1921; x_wconf 81' lang='lat' dir='ltr'><strong>meditationem</strong></span> <span class='ocrx_word' id='word_1_208' title='bbox 1989 1868 2022 1922; x_wconf 91' lang='lat' dir='ltr'><strong>et</strong></span> <span class='ocrx_word' id='word_1_209' title='bbox 2055 1859 2199 1925; x_wconf 88' lang='lat' dir='ltr'><strong>studium</strong></span> 
     </span>
     <span class='ocr_line' id='line_1_17' title="bbox 197 1934 1798 2020; baseline 0.001 -18"><span class='ocrx_word' id='word_1_210' title='bbox 197 1937 339 2002; x_wconf 89' lang='lat' dir='ltr'><strong>reditum</strong></span> <span class='ocrx_word' id='word_1_211' title='bbox 362 1945 476 2002; x_wconf 86' lang='lat' dir='ltr'><strong>exacto</strong></span> <span class='ocrx_word' id='word_1_212' title='bbox 497 1935 638 2012; x_wconf 90' lang='lat' dir='ltr'><strong>hiennio,</strong></span> <span class='ocrx_word' id='word_1_213' title='bbox 660 1955 761 2018; x_wconf 89' lang='lat' dir='ltr'><strong>quum</strong></span> <span class='ocrx_word' id='word_1_214' title='bbox 780 1945 889 2000; x_wconf 90' lang='lat' dir='ltr'><strong>tamen</strong></span> <span class='ocrx_word' id='word_1_215' title='bbox 912 1934 1072 2000; x_wconf 84' lang='lat' dir='ltr'><strong>admoniti</strong></span> <span class='ocrx_word' id='word_1_216' title='bbox 1095 1935 1175 2002; x_wconf 82' lang='lat' dir='ltr'><strong>iuis·</strong></span> <span class='ocrx_word' id='word_1_217' title='bbox 1226 1936 1454 2017; x_wconf 89' lang='lat' dir='ltr'><strong>poenitentiae.</strong></span> <span class='ocrx_word' id='word_1_218' title='bbox 1500 1936 1619 2001; x_wconf 85' lang='lat' dir='ltr'><strong>Postea</strong></span> <span class='ocrx_word' id='word_1_219' title='bbox 1640 1941 1798 2020; x_wconf 81' lang='grc'><strong>66661666,</strong></span> 
     </span>
     <span class='ocr_line' id='line_1_18' title="bbox 197 2019 1174 2105; baseline -0.002 -17"><span class='ocrx_word' id='word_1_220' title='bbox 197 2033 272 2088; x_wconf 89' lang='lat' dir='ltr'><strong>sent</strong></span> <span class='ocrx_word' id='word_1_221' title='bbox 290 2044 309 2088; x_wconf 88' lang='lat' dir='ltr'><strong>a</strong></span> <span class='ocrx_word' id='word_1_222' title='bbox 328 2022 503 2105; x_wconf 89' lang='lat' dir='ltr'><strong>prophetis,</strong></span> <span class='ocrx_word' id='word_1_223' title='bbox 528 2020 697 2086; x_wconf 79' lang='lat' dir='ltr'><strong>ferendum</strong></span> <span class='ocrx_word' id='word_1_224' title='bbox 721 2041 792 2086; x_wconf 92' lang='lat' dir='ltr'><strong>esee</strong></span> <span class='ocrx_word' id='word_1_225' title='bbox 809 2020 976 2105; x_wconf 79' lang='lat' dir='ltr'><strong>flagellum</strong></span> <span class='ocrx_word' id='word_1_226' title='bbox 990 2019 1054 2086; x_wconf 94' lang='lat' dir='ltr'><strong>Dei</strong></span> <span class='ocrx_word' id='word_1_227' title='bbox 1072 2041 1174 2102; x_wconf 91' lang='lat' dir='ltr'><strong>usque</strong></span> 
     </span>
     <span class='ocr_line' id='line_1_19' title="bbox 198 2104 2201 2191; baseline 0.004 -17"><span class='ocrx_word' id='word_1_228' title='bbox 198 2109 239 2174; x_wconf 90' lang='grc'><strong>66</strong></span> <span class='ocrx_word' id='word_1_229' title='bbox 262 2110 304 2174; x_wconf 82' lang='grc'><strong>10</strong></span> <span class='ocrx_word' id='word_1_230' title='bbox 326 2128 438 2172; x_wconf 88' lang='grc'><strong>66666.</strong></span> <span class='ocrx_word' id='word_1_231' title='bbox 482 2106 574 2172; x_wconf 87' lang='lat' dir='ltr'><strong>Haeo</strong></span> <span class='ocrx_word' id='word_1_232' title='bbox 604 2107 706 2189; x_wconf 78' lang='lat' dir='ltr'><strong>igitur</strong></span> <span class='ocrx_word' id='word_1_233' title='bbox 735 2106 818 2171; x_wconf 88' lang='lat' dir='ltr'><strong>ratio</strong></span> <span class='ocrx_word' id='word_1_234' title='bbox 847 2117 897 2172; x_wconf 90' lang='lat' dir='ltr'><strong>eet</strong></span> <span class='ocrx_word' id='word_1_235' title='bbox 925 2127 986 2172; x_wconf 90' lang='lat' dir='ltr'><strong>our</strong></span> <span class='ocrx_word' id='word_1_236' title='bbox 1014 2107 1174 2189; x_wconf 79' lang='lat' dir='ltr'><strong>prophete</strong></span> <span class='ocrx_word' id='word_1_237' title='bbox 1314 2105 1362 2169; x_wconf 88' lang='grc'><strong>14.</strong></span> <span class='ocrx_word' id='word_1_238' title='bbox 1396 2104 1510 2171; x_wconf 77' lang='grc'><strong>066666</strong></span> <span class='ocrx_word' id='word_1_239' title='bbox 1531 2107 1626 2172; x_wconf 80' lang='lat' dir='ltr'><strong>amici</strong></span> <span class='ocrx_word' id='word_1_240' title='bbox 1647 2108 1695 2173; x_wconf 82' lang='grc'><strong>661</strong></span> <span class='ocrx_word' id='word_1_241' title='bbox 1722 2108 1809 2174; x_wconf 80' lang='lat' dir='ltr'><strong>obliti</strong></span> <span class='ocrx_word' id='word_1_242' title='bbox 1836 2115 1909 2176; x_wconf 83' lang='grc'><strong>6666</strong></span> <span class='ocrx_word' id='word_1_243' title='bbox 1937 2113 1993 2191; x_wconf 82' lang='lat' dir='ltr'><strong>tui,</strong></span> <span class='ocrx_word' id='word_1_244' title='bbox 2023 2118 2133 2180; x_wconf 83' lang='grc'><strong>61666</strong></span> <span class='ocrx_word' id='word_1_245' title='bbox 2154 2137 2201 2182; x_wconf 67' lang='lat' dir='ltr'><strong>rc»</strong></span> 
     </span>
     <span class='ocr_line' id='line_1_20' title="bbox 197 2190 2281 2284; baseline -0.001 -24"><span class='ocrx_word' id='word_1_246' title='bbox 197 2196 252 2260; x_wconf 89' lang='lat' dir='ltr'><strong>hio</strong></span> <span class='ocrx_word' id='word_1_247' title='bbox 282 2193 511 2260; x_wconf 88' lang='grc'><strong>666616666</strong></span> <span class='ocrx_word' id='word_1_248' title='bbox 544 2194 704 2275; x_wconf 82' lang='lat' dir='ltr'><strong>gravitate</strong></span> <span class='ocrx_word' id='word_1_249' title='bbox 733 2192 957 2273; x_wconf 88' lang='lat' dir='ltr'><strong>concionetur,</strong></span> <span class='ocrx_word' id='word_1_250' title='bbox 990 2213 1057 2257; x_wconf 93' lang='lat' dir='ltr'><strong>non</strong></span> <span class='ocrx_word' id='word_1_251' title='bbox 1087 2191 1173 2274; x_wconf 90' lang='lat' dir='ltr'><strong>qood</strong></span> <span class='ocrx_word' id='word_1_252' title='bbox 1225 2192 1369 2274; x_wconf 78' lang='lat' dir='ltr'><strong>quirunt:</strong></span> <span class='ocrx_word' id='word_1_253' title='bbox 1390 2191 1467 2271; x_wconf 75' lang='lat' dir='ltr'><strong>quio</strong></span> <span class='ocrx_word' id='word_1_254' title='bbox 1482 2190 1584 2275; x_wconf 77' lang='grc'><strong>61666</strong></span> <span class='ocrx_word' id='word_1_255' title='bbox 1601 2193 1667 2276; x_wconf 84' lang='grc'><strong>6161,</strong></span> <span class='ocrx_word' id='word_1_256' title='bbox 1690 2191 1766 2278; x_wconf 89' lang='lat' dir='ltr'><strong>(hoo</strong></span> <span class='ocrx_word' id='word_1_257' title='bbox 1785 2204 1843 2272; x_wconf 90' lang='lat' dir='ltr'><strong>est,</strong></span> <span class='ocrx_word' id='word_1_258' title='bbox 1866 2198 2013 2278; x_wconf 75' lang='lat' dir='ltr'><strong>percussi</strong></span> <span class='ocrx_word' id='word_1_259' title='bbox 2031 2199 2086 2284; x_wconf 86' lang='lat' dir='ltr'><strong>te),</strong></span> <span class='ocrx_word' id='word_1_260' title='bbox 2109 2202 2200 2267; x_wconf 82' lang='grc'><strong>66661·</strong></span> <span class='ocrx_word' id='word_1_261' title='bbox 2262 2227 2281 2258; x_wconf 68' lang='grc' dir='ltr'>ι</span> 
     </span>
     <span class='ocr_line' id='line_1_21' title="bbox 197 2275 2199 2365; baseline 0.002 -18"><span class='ocrx_word' id='word_1_262' title='bbox 197 2281 368 2347; x_wconf 87' lang='grc'><strong>1666611666</strong></span> <span class='ocrx_word' id='word_1_263' title='bbox 397 2277 519 2360; x_wconf 87' lang='lat' dir='ltr'><strong>stupidi</strong></span> <span class='ocrx_word' id='word_1_264' title='bbox 542 2289 660 2356; x_wconf 88' lang='lat' dir='ltr'><strong>essent,</strong></span> <span class='ocrx_word' id='word_1_265' title='bbox 690 2279 746 2344; x_wconf 89' lang='lat' dir='ltr'><strong>sed</strong></span> <span class='ocrx_word' id='word_1_266' title='bbox 770 2279 847 2360; x_wconf 90' lang='lat' dir='ltr'><strong>quia</strong></span> <span class='ocrx_word' id='word_1_267' title='bbox 876 2279 1015 2344; x_wconf 90' lang='lat' dir='ltr'><strong>nimium</strong></span> <span class='ocrx_word' id='word_1_268' title='bbox 1043 2279 1174 2342; x_wconf 85' lang='lat' dir='ltr'><strong>fuerant</strong></span> <span class='ocrx_word' id='word_1_269' title='bbox 1222 2278 1345 2360; x_wconf 77' lang='lat' dir='ltr'><strong>potione</strong></span> <span class='ocrx_word' id='word_1_270' title='bbox 1366 2276 1502 2341; x_wconf 77' lang='grc'><strong>66666116</strong></span> <span class='ocrx_word' id='word_1_271' title='bbox 1531 2275 1696 2361; x_wconf 87' lang='grc'><strong>(6661616,</strong></span> <span class='ocrx_word' id='word_1_272' title='bbox 1720 2289 1778 2344; x_wconf 91' lang='grc'><strong>666</strong></span> <span class='ocrx_word' id='word_1_273' title='bbox 1799 2280 1920 2365; x_wconf 75' lang='lat' dir='ltr'><strong>saevil:</strong></span> <span class='ocrx_word' id='word_1_274' title='bbox 1945 2289 2075 2364; x_wconf 79' lang='lat' dir='ltr'><strong>propter</strong></span> <span class='ocrx_word' id='word_1_275' title='bbox 2095 2286 2199 2351; x_wconf 81' lang='lat' dir='ltr'><strong>malti·</strong></span> 
     </span>
     <span class='ocr_line' id='line_1_22' title="bbox 197 2362 2196 2448; baseline 0.002 -15"><span class='ocrx_word' id='word_1_276' title='bbox 197 2367 331 2442; x_wconf 86' lang='lat' dir='ltr'><strong>creduli,</strong></span> <span class='ocrx_word' id='word_1_277' title='bbox 362 2374 396 2429; x_wconf 91' lang='lat' dir='ltr'><strong>et</strong></span> <span class='ocrx_word' id='word_1_278' title='bbox 418 2363 526 2429; x_wconf 86' lang='lat' dir='ltr'><strong>adhuc</strong></span> <span class='ocrx_word' id='word_1_279' title='bbox 554 2379 649 2428; x_wconf 86' lang='lat' dir='ltr'><strong>erant</strong></span> <span class='ocrx_word' id='word_1_280' title='bbox 669 2363 703 2428; x_wconf 91' lang='lat' dir='ltr'><strong>in</strong></span> <span class='ocrx_word' id='word_1_281' title='bbox 727 2364 890 2445; x_wconf 87' lang='lat' dir='ltr'><strong>sperando</strong></span> <span class='ocrx_word' id='word_1_282' title='bbox 920 2362 1037 2441; x_wconf 92' lang='lat' dir='ltr'><strong>reditu,</strong></span> <span class='ocrx_word' id='word_1_283' title='bbox 1066 2363 1115 2428; x_wconf 92' lang='lat' dir='ltr'><strong>ita</strong></span> <span class='ocrx_word' id='word_1_284' title='bbox 1137 2374 1173 2428; x_wconf 91' lang='lat' dir='ltr'><strong>ut</strong></span> <span class='ocrx_word' id='word_1_285' title='bbox 1224 2363 1361 2427; x_wconf 79' lang='lat' dir='ltr'><strong>tudinem</strong></span> <span class='ocrx_word' id='word_1_286' title='bbox 1382 2362 1589 2444; x_wconf 75' lang='lat' dir='ltr'><strong>iniquitatum</strong></span> <span class='ocrx_word' id='word_1_287' title='bbox 1608 2368 1746 2448; x_wconf 79' lang='lat' dir='ltr'><strong>tuorum,</strong></span> <span class='ocrx_word' id='word_1_288' title='bbox 1773 2366 1974 2432; x_wconf 79' lang='lat' dir='ltr'><strong>invaluerunt</strong></span> <span class='ocrx_word' id='word_1_289' title='bbox 1994 2369 2110 2436; x_wconf 81' lang='lat' dir='ltr'><strong>scelera</strong></span> <span class='ocrx_word' id='word_1_290' title='bbox 2131 2377 2196 2438; x_wconf 85' lang='grc'><strong>166.</strong></span> 
     </span>
     <span class='ocr_line' id='line_1_23' title="bbox 198 2448 1174 2534; baseline -0.005 -15"><span class='ocrx_word' id='word_1_291' title='bbox 198 2475 233 2520; x_wconf 90' lang='grc'><strong>66</strong></span> <span class='ocrx_word' id='word_1_292' title='bbox 256 2449 571 2534; x_wconf 89' lang='grc'><strong>6661666666·1611661</strong></span> <span class='ocrx_word' id='word_1_293' title='bbox 592 2449 649 2512; x_wconf 92' lang='grc'><strong>1116</strong></span> <span class='ocrx_word' id='word_1_294' title='bbox 672 2449 797 2514; x_wconf 88' lang='grc'><strong>6616616.</strong></span> <span class='ocrx_word' id='word_1_295' title='bbox 842 2448 932 2516; x_wconf 91' lang='lat' dir='ltr'><strong>Dicit</strong></span> <span class='ocrx_word' id='word_1_296' title='bbox 961 2449 1063 2531; x_wconf 84' lang='lat' dir='ltr'><strong>igitur</strong></span> <span class='ocrx_word' id='word_1_297' title='bbox 1088 2449 1174 2531; x_wconf 77' lang='lat' dir='ltr'><strong>frec-</strong></span> 
     </span>
     <span class='ocr_line' id='line_1_24' title="bbox 197 2533 2198 2619; baseline 0.003 -18"><span class='ocrx_word' id='word_1_298' title='bbox 197 2543 301 2604; x_wconf 78' lang='lat' dir='ltr'><strong>tarom</strong></span> <span class='ocrx_word' id='word_1_299' title='bbox 333 2555 398 2602; x_wconf 81' lang='grc'><strong>6666</strong></span> <span class='ocrx_word' id='word_1_300' title='bbox 423 2555 560 2619; x_wconf 77' lang='lat' dir='ltr'><strong>prooem.</strong></span> <span class='ocrx_word' id='word_1_301' title='bbox 612 2533 679 2598; x_wconf 92' lang='lat' dir='ltr'><strong>Alii</strong></span> <span class='ocrx_word' id='word_1_302' title='bbox 710 2545 860 2610; x_wconf 82' lang='lat' dir='ltr'><strong>vertunt,</strong></span> <span class='ocrx_word' id='word_1_303' title='bbox 894 2534 1091 2600; x_wconf 88' lang='lat' dir='ltr'><strong>insanabilis</strong></span> <span class='ocrx_word' id='word_1_304' title='bbox 1120 2534 1173 2600; x_wconf 90' lang='grc'><strong>661</strong></span> <span class='ocrx_word' id='word_1_305' title='bbox 1310 2533 1436 2599; x_wconf 91' lang='lat' dir='ltr'><strong>Iterum</strong></span> <span class='ocrx_word' id='word_1_306' title='bbox 1466 2535 1584 2618; x_wconf 90' lang='lat' dir='ltr'><strong>repetit</strong></span> <span class='ocrx_word' id='word_1_307' title='bbox 1612 2533 1782 2618; x_wconf 87' lang='lat' dir='ltr'><strong>propheto,</strong></span> <span class='ocrx_word' id='word_1_308' title='bbox 1814 2535 1975 2603; x_wconf 86' lang='lat' dir='ltr'><strong>Israelitis</strong></span> <span class='ocrx_word' id='word_1_309' title='bbox 2004 2540 2087 2606; x_wconf 90' lang='lat' dir='ltr'><strong>nihil</strong></span> <span class='ocrx_word' id='word_1_310' title='bbox 2116 2541 2198 2607; x_wconf 88' lang='lat' dir='ltr'><strong>reei-</strong></span> 
     </span>
     <span class='ocr_line' id='line_1_25' title="bbox 197 2618 2199 2707; baseline 0.002 -19"><span class='ocrx_word' id='word_1_311' title='bbox 197 2624 370 2707; x_wconf 90' lang='lat' dir='ltr'><strong>desperata</strong></span> <span class='ocrx_word' id='word_1_312' title='bbox 391 2633 442 2687; x_wconf 85' lang='lat' dir='ltr'><strong>sat</strong></span> <span class='ocrx_word' id='word_1_313' title='bbox 464 2633 520 2686; x_wconf 86' lang='lat' dir='ltr'><strong>tua</strong></span> <span class='ocrx_word' id='word_1_314' title='bbox 542 2620 705 2687; x_wconf 87' lang='lat' dir='ltr'><strong>contritio.</strong></span> <span class='ocrx_word' id='word_1_315' title='bbox 751 2619 819 2704; x_wconf 85' lang='lat' dir='ltr'><strong>Sed</strong></span> <span class='ocrx_word' id='word_1_316' title='bbox 841 2633 920 2687; x_wconf 68' lang='lat' dir='ltr'><strong>vlit&lt;</strong></span> <span class='ocrx_word' id='word_1_317' title='bbox 943 2619 996 2685; x_wconf 90' lang='lat' dir='ltr'><strong>hio</strong></span> <span class='ocrx_word' id='word_1_318' title='bbox 1018 2621 1170 2685; x_wconf 89' lang='lat' dir='ltr'><strong>substan·</strong></span> <span class='ocrx_word' id='word_1_319' title='bbox 1225 2618 1323 2684; x_wconf 92' lang='lat' dir='ltr'><strong>duum</strong></span> <span class='ocrx_word' id='word_1_320' title='bbox 1348 2639 1419 2686; x_wconf 90' lang='lat' dir='ltr'><strong>esse</strong></span> <span class='ocrx_word' id='word_1_321' title='bbox 1437 2621 1522 2703; x_wconf 89' lang='lat' dir='ltr'><strong>apud</strong></span> <span class='ocrx_word' id='word_1_322' title='bbox 1545 2621 1704 2698; x_wconf 93' lang='lat' dir='ltr'><strong>homines,</strong></span> <span class='ocrx_word' id='word_1_323' title='bbox 1726 2622 1916 2703; x_wconf 89' lang='lat' dir='ltr'><strong>quianemo</strong></span> <span class='ocrx_word' id='word_1_324' title='bbox 1934 2645 1970 2688; x_wconf 92' lang='lat' dir='ltr'><strong>se</strong></span> <span class='ocrx_word' id='word_1_325' title='bbox 1988 2625 2199 2693; x_wconf 74' lang='lat' dir='ltr'><strong>adterendae</strong></span> 
     </span>
     <span class='ocr_line' id='line_1_26' title="bbox 197 2704 2198 2795; baseline 0.001 -20"><span class='ocrx_word' id='word_1_326' title='bbox 197 2711 264 2774; x_wconf 75' lang='lat' dir='ltr'><strong>tiae</strong></span> <span class='ocrx_word' id='word_1_327' title='bbox 287 2707 454 2790; x_wconf 89' lang='lat' dir='ltr'><strong>accipitur,</strong></span> <span class='ocrx_word' id='word_1_328' title='bbox 477 2706 555 2789; x_wconf 91' lang='lat' dir='ltr'><strong>quia</strong></span> <span class='ocrx_word' id='word_1_329' title='bbox 571 2706 795 2789; x_wconf 88' lang='lat' dir='ltr'><strong>interponitur</strong></span> <span class='ocrx_word' id='word_1_330' title='bbox 813 2707 848 2772; x_wconf 72' lang='lat'><strong>7:</strong></span> <span class='ocrx_word' id='word_1_331' title='bbox 871 2727 930 2770; x_wconf 90' lang='lat' dir='ltr'><strong>nee</strong></span> <span class='ocrx_word' id='word_1_332' title='bbox 948 2715 1055 2787; x_wconf 89' lang='lat' dir='ltr'><strong>potest</strong></span> <span class='ocrx_word' id='word_1_333' title='bbox 1077 2704 1172 2770; x_wconf 88' lang='lat' dir='ltr'><strong>aliter</strong></span> <span class='ocrx_word' id='word_1_334' title='bbox 1225 2706 1391 2788; x_wconf 86' lang='grc'><strong>66666666</strong></span> <span class='ocrx_word' id='word_1_335' title='bbox 1413 2706 1536 2772; x_wconf 85' lang='lat' dir='ltr'><strong>offerat</strong></span> <span class='ocrx_word' id='word_1_336' title='bbox 1571 2704 1714 2787; x_wconf 79' lang='lat' dir='ltr'><strong>Quidam</strong></span> <span class='ocrx_word' id='word_1_337' title='bbox 1734 2709 1781 2771; x_wconf 90' lang='lat' dir='ltr'><strong>ita</strong></span> <span class='ocrx_word' id='word_1_338' title='bbox 1799 2718 1969 2790; x_wconf 88' lang='lat' dir='ltr'><strong>exponunt</strong></span> <span class='ocrx_word' id='word_1_339' title='bbox 1986 2711 2087 2777; x_wconf 82' lang='lat' dir='ltr'><strong>verba</strong></span> <span class='ocrx_word' id='word_1_340' title='bbox 2106 2715 2198 2795; x_wconf 86' lang='lat' dir='ltr'><strong>quael</strong></span> 
     </span>
     <span class='ocr_line' id='line_1_27' title="bbox 197 2791 2198 2880; baseline 0.001 -21"><span class='ocrx_word' id='word_1_341' title='bbox 197 2795 371 2860; x_wconf 82' lang='lat' dir='ltr'><strong>transferri</strong></span> <span class='ocrx_word' id='word_1_342' title='bbox 396 2793 483 2875; x_wconf 91' lang='lat' dir='ltr'><strong>quod</strong></span> <span class='ocrx_word' id='word_1_343' title='bbox 512 2791 591 2858; x_wconf 91' lang='lat' dir='ltr'><strong>dioit</strong></span> <span class='ocrx_word' id='word_1_344' title='bbox 617 2792 786 2874; x_wconf 87' lang='lat' dir='ltr'><strong>prophete,</strong></span> <span class='ocrx_word' id='word_1_345' title='bbox 817 2791 879 2858; x_wconf 89' lang='lat' dir='ltr'><strong>nisi</strong></span> <span class='ocrx_word' id='word_1_346' title='bbox 908 2791 994 2874; x_wconf 90' lang='lat' dir='ltr'><strong>qnod</strong></span> <span class='ocrx_word' id='word_1_347' title='bbox 1024 2792 1171 2874; x_wconf 78' lang='lat' dir='ltr'><strong>gravitas</strong></span> <span class='ocrx_word' id='word_1_348' title='bbox 1225 2811 1266 2855; x_wconf 83' lang='lat' dir='ltr'><strong>ex</strong></span> <span class='ocrx_word' id='word_1_349' title='bbox 1288 2793 1452 2857; x_wconf 89' lang='lat' dir='ltr'><strong>communi</strong></span> <span class='ocrx_word' id='word_1_350' title='bbox 1481 2813 1572 2858; x_wconf 90' lang='lat' dir='ltr'><strong>more</strong></span> <span class='ocrx_word' id='word_1_351' title='bbox 1594 2792 1752 2875; x_wconf 90' lang='lat' dir='ltr'><strong>propheta</strong></span> <span class='ocrx_word' id='word_1_352' title='bbox 1779 2791 1903 2858; x_wconf 89' lang='lat' dir='ltr'><strong>diceret</strong></span> <span class='ocrx_word' id='word_1_353' title='bbox 1925 2796 2044 2861; x_wconf 88' lang='lat' dir='ltr'><strong>amieos</strong></span> <span class='ocrx_word' id='word_1_354' title='bbox 2073 2799 2198 2880; x_wconf 89' lang='lat' dir='ltr'><strong>pudore</strong></span> 
     </span>
     <span class='ocr_line' id='line_1_28' title="bbox 196 2875 2196 2964; baseline 0.001 -18"><span class='ocrx_word' id='word_1_355' title='bbox 196 2882 241 2946; x_wconf 92' lang='lat' dir='ltr'><strong>eit</strong></span> <span class='ocrx_word' id='word_1_356' title='bbox 263 2879 467 2956; x_wconf 76' lang='lat' dir='ltr'><strong>contritioni,</strong></span> <span class='ocrx_word' id='word_1_357' title='bbox 495 2878 548 2943; x_wconf 83' lang='lat' dir='ltr'><strong>vel</strong></span> <span class='ocrx_word' id='word_1_358' title='bbox 571 2877 750 2944; x_wconf 83' lang='lat' dir='ltr'><strong>fracturae:</strong></span> <span class='ocrx_word' id='word_1_359' title='bbox 784 2885 896 2958; x_wconf 90' lang='lat' dir='ltr'><strong>postea</strong></span> <span class='ocrx_word' id='word_1_360' title='bbox 925 2876 1076 2960; x_wconf 79' lang='lat' dir='ltr'><strong>adiungit</strong></span> <span class='ocrx_word' id='word_1_361' title='bbox 1101 2877 1170 2958; x_wconf 93' lang='lat' dir='ltr'><strong>pla·</strong></span> <span class='ocrx_word' id='word_1_362' title='bbox 1224 2875 1337 2958; x_wconf 87' lang='lat' dir='ltr'><strong>latere,</strong></span> <span class='ocrx_word' id='word_1_363' title='bbox 1369 2875 1446 2941; x_wconf 91' lang='lat' dir='ltr'><strong>dom</strong></span> <span class='ocrx_word' id='word_1_364' title='bbox 1470 2880 1581 2944; x_wconf 85' lang='lat' dir='ltr'><strong>vident</strong></span> <span class='ocrx_word' id='word_1_365' title='bbox 1605 2879 1814 2962; x_wconf 88' lang='lat' dir='ltr'><strong>desperatum</strong></span> <span class='ocrx_word' id='word_1_366' title='bbox 1834 2898 1908 2943; x_wconf 90' lang='lat' dir='ltr'><strong>esse</strong></span> <span class='ocrx_word' id='word_1_367' title='bbox 1929 2889 2053 2946; x_wconf 88' lang='lat' dir='ltr'><strong>statum</strong></span> <span class='ocrx_word' id='word_1_368' title='bbox 2076 2883 2196 2964; x_wconf 91' lang='lat' dir='ltr'><strong>populi.</strong></span> 
     </span>
     <span class='ocr_line' id='line_1_29' title="bbox 196 2961 2198 3051; baseline 0 -20"><span class='ocrx_word' id='word_1_369' title='bbox 196 2987 272 3051; x_wconf 79' lang='lat' dir='ltr'><strong>gam</strong></span> <span class='ocrx_word' id='word_1_370' title='bbox 303 2985 373 3030; x_wconf 89' lang='lat' dir='ltr'><strong>esse</strong></span> <span class='ocrx_word' id='word_1_371' title='bbox 403 2985 546 3048; x_wconf 81' lang='lat' dir='ltr'><strong>aegram,</strong></span> <span class='ocrx_word' id='word_1_372' title='bbox 576 2963 638 3028; x_wconf 91' lang='lat' dir='ltr'><strong>hoc</strong></span> <span class='ocrx_word' id='word_1_373' title='bbox 660 2979 717 3040; x_wconf 90' lang='lat' dir='ltr'><strong>est,</strong></span> <span class='ocrx_word' id='word_1_374' title='bbox 749 2963 914 3028; x_wconf 84' lang='lat' dir='ltr'><strong>difficilem</strong></span> <span class='ocrx_word' id='word_1_375' title='bbox 945 2967 1070 3028; x_wconf 86' lang='lat' dir='ltr'><strong>curate.</strong></span> <span class='ocrx_word' id='word_1_376' title='bbox 1115 2961 1172 3027; x_wconf 86' lang='lat' dir='ltr'><strong>Sic</strong></span> <span class='ocrx_word' id='word_1_377' title='bbox 1224 2961 1309 3026; x_wconf 89' lang='lat' dir='ltr'><strong>Nam</strong></span> <span class='ocrx_word' id='word_1_378' title='bbox 1349 2961 1503 3043; x_wconf 90' lang='lat' dir='ltr'><strong>quamdiu</strong></span> <span class='ocrx_word' id='word_1_379' title='bbox 1543 2975 1681 3047; x_wconf 89' lang='lat' dir='ltr'><strong>possunt</strong></span> <span class='ocrx_word' id='word_1_380' title='bbox 1725 2964 1819 3029; x_wconf 87' lang='lat' dir='ltr'><strong>amici</strong></span> <span class='ocrx_word' id='word_1_381' title='bbox 1864 2964 1974 3030; x_wconf 85' lang='grc'><strong>166666</strong></span> <span class='ocrx_word' id='word_1_382' title='bbox 2017 2978 2198 3050; x_wconf 75' lang='lat' dir='ltr'><strong>aegrotum,</strong></span> 
     </span>
     <span class='ocr_line' id='line_1_30' title="bbox 196 3047 2197 3133; baseline 0 -16"><span class='ocrx_word' id='word_1_383' title='bbox 196 3053 285 3118; x_wconf 87' lang='lat' dir='ltr'><strong>euim</strong></span> <span class='ocrx_word' id='word_1_384' title='bbox 308 3050 516 3133; x_wconf 90' lang='lat' dir='ltr'><strong>interpretor.</strong></span> <span class='ocrx_word' id='word_1_385' title='bbox 562 3047 629 3115; x_wconf 85' lang='lat' dir='ltr'><strong>Sed</strong></span> <span class='ocrx_word' id='word_1_386' title='bbox 651 3051 727 3114; x_wconf 88' lang='lat' dir='ltr'><strong>finis</strong></span> <span class='ocrx_word' id='word_1_387' title='bbox 751 3049 932 3131; x_wconf 89' lang='lat' dir='ltr'><strong>sperandus</strong></span> <span class='ocrx_word' id='word_1_388' title='bbox 954 3058 1019 3125; x_wconf 91' lang='lat' dir='ltr'><strong>eet,</strong></span> <span class='ocrx_word' id='word_1_389' title='bbox 1050 3069 1090 3112; x_wconf 89' lang='grc'><strong>66</strong></span> <span class='ocrx_word' id='word_1_390' title='bbox 1114 3066 1170 3130; x_wconf 93' lang='lat' dir='ltr'><strong>po·</strong></span> <span class='ocrx_word' id='word_1_391' title='bbox 1224 3054 1355 3131; x_wconf 89' lang='lat' dir='ltr'><strong>praesto</strong></span> <span class='ocrx_word' id='word_1_392' title='bbox 1385 3047 1518 3125; x_wconf 90' lang='lat' dir='ltr'><strong>adsunt,</strong></span> <span class='ocrx_word' id='word_1_393' title='bbox 1553 3048 2197 3132; x_wconf 67' lang='grc'><strong>666666161666666666666166166</strong></span> 
     </span>
     <span class='ocr_line' id='line_1_31' title="bbox 196 3133 2197 3222; baseline 0.001 -19"><span class='ocrx_word' id='word_1_394' title='bbox 196 3139 294 3222; x_wconf 90' lang='lat' dir='ltr'><strong>pulus</strong></span> <span class='ocrx_word' id='word_1_395' title='bbox 316 3137 484 3202; x_wconf 88' lang='lat' dir='ltr'><strong>existimet</strong></span> <span class='ocrx_word' id='word_1_396' title='bbox 505 3137 606 3199; x_wconf 91' lang='lat' dir='ltr'><strong>finem</strong></span> <span class='ocrx_word' id='word_1_397' title='bbox 629 3135 744 3200; x_wconf 87' lang='lat' dir='ltr'><strong>exsilio</strong></span> <span class='ocrx_word' id='word_1_398' title='bbox 766 3153 826 3199; x_wconf 91' lang='lat' dir='ltr'><strong>suo</strong></span> <span class='ocrx_word' id='word_1_399' title='bbox 849 3134 975 3210; x_wconf 90' lang='lat' dir='ltr'><strong>adesse,</strong></span> <span class='ocrx_word' id='word_1_400' title='bbox 1006 3133 1084 3216; x_wconf 90' lang='lat' dir='ltr'><strong>quin</strong></span> <span class='ocrx_word' id='word_1_401' title='bbox 1115 3153 1170 3215; x_wconf 92' lang='lat' dir='ltr'><strong>po·</strong></span> <span class='ocrx_word' id='word_1_402' title='bbox 1225 3133 1280 3198; x_wconf 93' lang='lat' dir='ltr'><strong>ubi</strong></span> <span class='ocrx_word' id='word_1_403' title='bbox 1303 3141 1413 3197; x_wconf 86' lang='lat' dir='ltr'><strong>eutem</strong></span> <span class='ocrx_word' id='word_1_404' title='bbox 1436 3135 1504 3198; x_wconf 86' lang='lat' dir='ltr'><strong>vita</strong></span> <span class='ocrx_word' id='word_1_405' title='bbox 1525 3153 1660 3216; x_wconf 89' lang='lat' dir='ltr'><strong>prorsus</strong></span> <span class='ocrx_word' id='word_1_406' title='bbox 1682 3134 1853 3218; x_wconf 89' lang='lat' dir='ltr'><strong>desperata</strong></span> <span class='ocrx_word' id='word_1_407' title='bbox 1875 3147 1938 3214; x_wconf 87' lang='lat' dir='ltr'><strong>est,</strong></span> <span class='ocrx_word' id='word_1_408' title='bbox 1970 3159 2034 3202; x_wconf 92' lang='lat' dir='ltr'><strong>non</strong></span> <span class='ocrx_word' id='word_1_409' title='bbox 2057 3139 2197 3222; x_wconf 91' lang='lat' dir='ltr'><strong>amplius</strong></span> 
     </span>
     <span class='ocr_line' id='line_1_32' title="bbox 197 3218 2196 3305; baseline 0.001 -17"><span class='ocrx_word' id='word_1_410' title='bbox 197 3225 263 3289; x_wconf 91' lang='lat' dir='ltr'><strong>tius</strong></span> <span class='ocrx_word' id='word_1_411' title='bbox 285 3245 320 3289; x_wconf 89' lang='grc'><strong>66</strong></span> <span class='ocrx_word' id='word_1_412' title='bbox 342 3230 509 3304; x_wconf 86' lang='lat' dir='ltr'><strong>comparet</strong></span> <span class='ocrx_word' id='word_1_413' title='bbox 531 3221 572 3285; x_wconf 89' lang='lat' dir='ltr'><strong>ad</strong></span> <span class='ocrx_word' id='word_1_414' title='bbox 595 3220 801 3284; x_wconf 86' lang='lat' dir='ltr'><strong>tolerantiam</strong></span> <span class='ocrx_word' id='word_1_415' title='bbox 829 3241 932 3302; x_wconf 91' lang='lat' dir='ltr'><strong>usque</strong></span> <span class='ocrx_word' id='word_1_416' title='bbox 954 3219 1032 3284; x_wconf 91' lang='lat' dir='ltr'><strong>dum</strong></span> <span class='ocrx_word' id='word_1_417' title='bbox 1054 3219 1172 3284; x_wconf 88' lang='lat' dir='ltr'><strong>finiea</strong></span> <span class='ocrx_word' id='word_1_418' title='bbox 1224 3228 1390 3302; x_wconf 88' lang='lat' dir='ltr'><strong>apparent.</strong></span> <span class='ocrx_word' id='word_1_419' title='bbox 1434 3218 1500 3284; x_wconf 86' lang='lat' dir='ltr'><strong>Sed</strong></span> <span class='ocrx_word' id='word_1_420' title='bbox 1528 3242 1593 3285; x_wconf 93' lang='lat' dir='ltr'><strong>non</strong></span> <span class='ocrx_word' id='word_1_421' title='bbox 1617 3219 1729 3285; x_wconf 90' lang='lat' dir='ltr'><strong>dubito</strong></span> <span class='ocrx_word' id='word_1_422' title='bbox 1759 3221 1837 3303; x_wconf 87' lang='lat' dir='ltr'><strong>quin</strong></span> <span class='ocrx_word' id='word_1_423' title='bbox 1868 3222 2110 3305; x_wconf 83' lang='lat' dir='ltr'><strong>prophetabis</strong></span> <span class='ocrx_word' id='word_1_424' title='bbox 2139 3246 2196 3290; x_wconf 87' lang='lat' dir='ltr'><strong>ex·</strong></span> 
     </span>
     <span class='ocr_line' id='line_1_33' title="bbox 196 3303 2198 3393; baseline 0 -19"><span class='ocrx_word' id='word_1_425' title='bbox 196 3309 269 3374; x_wconf 91' lang='lat' dir='ltr'><strong>Deo</strong></span> <span class='ocrx_word' id='word_1_426' title='bbox 290 3307 510 3393; x_wconf 88' lang='lat' dir='ltr'><strong>praescriptus</strong></span> <span class='ocrx_word' id='word_1_427' title='bbox 532 3306 712 3371; x_wconf 88' lang='lat' dir='ltr'><strong>advenerit.</strong></span> <span class='ocrx_word' id='word_1_428' title='bbox 758 3303 927 3388; x_wconf 84' lang='lat' dir='ltr'><strong>Sequitur,</strong></span> <span class='ocrx_word' id='word_1_429' title='bbox 1224 3305 1356 3386; x_wconf 90' lang='lat' dir='ltr'><strong>probrst</strong></span> <span class='ocrx_word' id='word_1_430' title='bbox 1373 3303 1504 3384; x_wconf 84' lang='lat' dir='ltr'><strong>Indaeis</strong></span> <span class='ocrx_word' id='word_1_431' title='bbox 1522 3325 1708 3390; x_wconf 86' lang='lat' dir='ltr'><strong>perversam</strong></span> <span class='ocrx_word' id='word_1_432' title='bbox 1726 3306 1890 3387; x_wconf 86' lang='lat' dir='ltr'><strong>fiduciam,</strong></span> <span class='ocrx_word' id='word_1_433' title='bbox 1908 3327 1973 3391; x_wconf 88' lang='lat' dir='ltr'><strong>qua</strong></span> <span class='ocrx_word' id='word_1_434' title='bbox 1992 3309 2047 3374; x_wconf 90' lang='lat' dir='ltr'><strong>diu</strong></span> <span class='ocrx_word' id='word_1_435' title='bbox 2066 3311 2198 3376; x_wconf 88' lang='grc'><strong>1666666</strong></span> 
     </span>
    </p>

    <p class='ocr_par' dir='ltr' id='par_1_3' title="bbox 1223 3390 2196 3478">
     <span class='ocr_line' id='line_1_34' title="bbox 1223 3390 2196 3478; baseline 0.007 -25"><span class='ocrx_word' id='word_1_436' title='bbox 1223 3391 1318 3472; x_wconf 91' lang='lat' dir='ltr'><strong>quasi</strong></span> <span class='ocrx_word' id='word_1_437' title='bbox 1346 3390 1503 3457; x_wconf 79' lang='lat' dir='ltr'><strong>fascinati.</strong></span> <span class='ocrx_word' id='word_1_438' title='bbox 1549 3391 1679 3458; x_wconf 87' lang='lat' dir='ltr'><strong>Scimus</strong></span> <span class='ocrx_word' id='word_1_439' title='bbox 1701 3393 1789 3456; x_wconf 92' lang='lat' dir='ltr'><strong>enim</strong></span> <span class='ocrx_word' id='word_1_440' title='bbox 1812 3411 1901 3457; x_wconf 90' lang='lat' dir='ltr'><strong>nunc</strong></span> <span class='ocrx_word' id='word_1_441' title='bbox 1928 3415 2020 3476; x_wconf 91' lang='lat' dir='ltr'><strong>spem</strong></span> <span class='ocrx_word' id='word_1_442' title='bbox 2050 3397 2196 3478; x_wconf 91' lang='lat' dir='ltr'><strong>posuisse</strong></span> 
     </span>
    </p>

    <p class='ocr_par' dir='ltr' id='par_1_4' title="bbox 195 3476 2198 4161">
     <span class='ocr_line' id='line_1_35' title="bbox 284 3476 2196 3560; baseline 0.001 -16"><span class='ocrx_word' id='word_1_443' title='bbox 284 3481 334 3546; x_wconf 88' lang='grc'><strong>13.</strong></span> <span class='ocrx_word' id='word_1_444' title='bbox 370 3479 468 3544; x_wconf 85' lang='lat' dir='ltr'><strong>Nemo</strong></span> <span class='ocrx_word' id='word_1_445' title='bbox 488 3478 636 3544; x_wconf 78' lang='grc'><strong>16616666</strong></span> <span class='ocrx_word' id='word_1_446' title='bbox 665 3476 739 3560; x_wconf 89' lang='grc'><strong>(666</strong></span> <span class='ocrx_word' id='word_1_447' title='bbox 761 3487 820 3556; x_wconf 87' lang='grc'><strong>666,</strong></span> <span class='ocrx_word' id='word_1_448' title='bbox 852 3497 949 3542; x_wconf 87' lang='grc'><strong>6666</strong></span> <span class='ocrx_word' id='word_1_449' title='bbox 970 3485 1021 3542; x_wconf 85' lang='grc'><strong>666</strong></span> <span class='ocrx_word' id='word_1_450' title='bbox 1043 3478 1099 3560; x_wconf 93' lang='lat' dir='ltr'><strong>qui</strong></span> <span class='ocrx_word' id='word_1_451' title='bbox 1122 3477 1170 3542; x_wconf 90' lang='lat' dir='ltr'><strong>iu·</strong></span> <span class='ocrx_word' id='word_1_452' title='bbox 1224 3477 1259 3540; x_wconf 94' lang='lat' dir='ltr'><strong>in</strong></span> <span class='ocrx_word' id='word_1_453' title='bbox 1283 3477 1464 3560; x_wconf 78' lang='lat' dir='ltr'><strong>Aegyptiis,</strong></span> <span class='ocrx_word' id='word_1_454' title='bbox 1495 3498 1582 3544; x_wconf 92' lang='lat' dir='ltr'><strong>nunc</strong></span> <span class='ocrx_word' id='word_1_455' title='bbox 1609 3479 1644 3542; x_wconf 94' lang='lat' dir='ltr'><strong>in</strong></span> <span class='ocrx_word' id='word_1_456' title='bbox 1671 3477 1833 3560; x_wconf 80' lang='lat' dir='ltr'><strong>Assyriis:</strong></span> <span class='ocrx_word' id='word_1_457' title='bbox 1866 3489 1898 3543; x_wconf 89' lang='lat' dir='ltr'><strong>et</strong></span> <span class='ocrx_word' id='word_1_458' title='bbox 1920 3480 1965 3544; x_wconf 92' lang='lat' dir='ltr'><strong>ita</strong></span> <span class='ocrx_word' id='word_1_459' title='bbox 1987 3480 2107 3545; x_wconf 87' lang='lat' dir='ltr'><strong>iactum</strong></span> <span class='ocrx_word' id='word_1_460' title='bbox 2136 3495 2196 3559; x_wconf 89' lang='lat' dir='ltr'><strong>est,</strong></span> 
     </span>
     <span class='ocr_line' id='line_1_36' title="bbox 196 3560 2196 3652; baseline 0.001 -22"><span class='ocrx_word' id='word_1_461' title='bbox 196 3567 296 3652; x_wconf 89' lang='grc'><strong>61666)</strong></span> <span class='ocrx_word' id='word_1_462' title='bbox 317 3566 471 3630; x_wconf 80' lang='lat' dir='ltr'><strong>iudicium</strong></span> <span class='ocrx_word' id='word_1_463' title='bbox 492 3569 580 3627; x_wconf 82' lang='lat' dir='ltr'><strong>tuum</strong></span> <span class='ocrx_word' id='word_1_464' title='bbox 601 3560 678 3647; x_wconf 89' lang='lat' dir='ltr'><strong>(hoc</strong></span> <span class='ocrx_word' id='word_1_465' title='bbox 699 3567 759 3641; x_wconf 90' lang='lat' dir='ltr'><strong>est,</strong></span> <span class='ocrx_word' id='word_1_466' title='bbox 781 3565 838 3645; x_wconf 92' lang='lat' dir='ltr'><strong>qui</strong></span> <span class='ocrx_word' id='word_1_467' title='bbox 859 3563 1017 3645; x_wconf 88' lang='lat' dir='ltr'><strong>suscipiat</strong></span> <span class='ocrx_word' id='word_1_468' title='bbox 1038 3583 1170 3629; x_wconf 88' lang='lat' dir='ltr'><strong>eausam</strong></span> <span class='ocrx_word' id='word_1_469' title='bbox 1223 3567 1262 3626; x_wconf 91' lang='lat' dir='ltr'><strong>ut</strong></span> <span class='ocrx_word' id='word_1_470' title='bbox 1283 3561 1344 3627; x_wconf 94' lang='lat' dir='ltr'><strong>eibi</strong></span> <span class='ocrx_word' id='word_1_471' title='bbox 1368 3562 1486 3628; x_wconf 87' lang='lat' dir='ltr'><strong>multae</strong></span> <span class='ocrx_word' id='word_1_472' title='bbox 1508 3564 1617 3630; x_wconf 90' lang='lat' dir='ltr'><strong>clades</strong></span> <span class='ocrx_word' id='word_1_473' title='bbox 1646 3574 1857 3629; x_wconf 87' lang='lat' dir='ltr'><strong>accerserent.</strong></span> <span class='ocrx_word' id='word_1_474' title='bbox 1903 3563 2056 3631; x_wconf 90' lang='lat' dir='ltr'><strong>Vidimus</strong></span> <span class='ocrx_word' id='word_1_475' title='bbox 2085 3577 2196 3632; x_wconf 90' lang='lat' dir='ltr'><strong>autem</strong></span> 
     </span>
     <span class='ocr_line' id='line_1_37' title="bbox 197 3647 2197 3734; baseline 0.001 -18"><span class='ocrx_word' id='word_1_476' title='bbox 197 3653 302 3731; x_wconf 90' lang='lat' dir='ltr'><strong>tuam)</strong></span> <span class='ocrx_word' id='word_1_477' title='bbox 328 3652 371 3716; x_wconf 87' lang='lat' dir='ltr'><strong>od</strong></span> <span class='ocrx_word' id='word_1_478' title='bbox 392 3650 557 3716; x_wconf 76' lang='grc'><strong>6661166666</strong></span> <span class='ocrx_word' id='word_1_479' title='bbox 578 3648 713 3713; x_wconf 73' lang='lat' dir='ltr'><strong>medetur</strong></span> <span class='ocrx_word' id='word_1_480' title='bbox 734 3654 762 3713; x_wconf 84' lang='lat' dir='ltr'><strong>et</strong></span> <span class='ocrx_word' id='word_1_481' title='bbox 782 3649 902 3714; x_wconf 81' lang='lat' dir='ltr'><strong>curalio</strong></span> <span class='ocrx_word' id='word_1_482' title='bbox 923 3669 984 3714; x_wconf 84' lang='grc'><strong>666</strong></span> <span class='ocrx_word' id='word_1_483' title='bbox 1004 3654 1077 3714; x_wconf 80' lang='lat' dir='ltr'><strong>sont</strong></span> <span class='ocrx_word' id='word_1_484' title='bbox 1098 3649 1171 3713; x_wconf 83' lang='lat' dir='ltr'><strong>tibi:</strong></span> <span class='ocrx_word' id='word_1_485' title='bbox 1223 3648 1300 3713; x_wconf 89' lang='lat' dir='ltr'><strong>alibi</strong></span> <span class='ocrx_word' id='word_1_486' title='bbox 1322 3656 1355 3712; x_wconf 95' lang='lat' dir='ltr'><strong>et</strong></span> <span class='ocrx_word' id='word_1_487' title='bbox 1377 3648 1522 3730; x_wconf 90' lang='lat' dir='ltr'><strong>pluribus</strong></span> <span class='ocrx_word' id='word_1_488' title='bbox 1545 3649 1624 3714; x_wconf 88' lang='lat' dir='ltr'><strong>loeis</strong></span> <span class='ocrx_word' id='word_1_489' title='bbox 1646 3647 1776 3714; x_wconf 85' lang='lat' dir='ltr'><strong>loedere</strong></span> <span class='ocrx_word' id='word_1_490' title='bbox 1804 3649 1861 3712; x_wconf 91' lang='lat' dir='ltr'><strong>illa</strong></span> <span class='ocrx_word' id='word_1_491' title='bbox 1886 3651 2029 3714; x_wconf 82' lang='lat' dir='ltr'><strong>conferri</strong></span> <span class='ocrx_word' id='word_1_492' title='bbox 2057 3651 2197 3734; x_wconf 87' lang='grc'><strong>1666616</strong></span> 
     </span>
     <span class='ocr_line' id='line_1_38' title="bbox 196 3732 2197 3822; baseline 0 -20"><span class='ocrx_word' id='word_1_493' title='bbox 196 3737 267 3822; x_wconf 89' lang='grc'><strong>(6111</strong></span> <span class='ocrx_word' id='word_1_494' title='bbox 289 3745 433 3818; x_wconf 88' lang='lat' dir='ltr'><strong>vertunt,</strong></span> <span class='ocrx_word' id='word_1_495' title='bbox 457 3754 551 3800; x_wconf 91' lang='lat' dir='ltr'><strong>nemo</strong></span> <span class='ocrx_word' id='word_1_496' title='bbox 572 3735 718 3799; x_wconf 88' lang='lat' dir='ltr'><strong>iudicans</strong></span> <span class='ocrx_word' id='word_1_497' title='bbox 740 3732 898 3799; x_wconf 87' lang='lat' dir='ltr'><strong>iudicium</strong></span> <span class='ocrx_word' id='word_1_498' title='bbox 921 3743 1024 3813; x_wconf 90' lang='lat' dir='ltr'><strong>tuum,</strong></span> <span class='ocrx_word' id='word_1_499' title='bbox 1048 3746 1084 3800; x_wconf 91' lang='lat' dir='ltr'><strong>ut</strong></span> <span class='ocrx_word' id='word_1_500' title='bbox 1106 3755 1170 3798; x_wconf 91' lang='lat' dir='ltr'><strong>sm·</strong></span> <span class='ocrx_word' id='word_1_501' title='bbox 1223 3732 1395 3812; x_wconf 88' lang='lat' dir='ltr'><strong>umoribus,</strong></span> <span class='ocrx_word' id='word_1_502' title='bbox 1426 3735 1500 3815; x_wconf 89' lang='lat' dir='ltr'><strong>quia</strong></span> <span class='ocrx_word' id='word_1_503' title='bbox 1530 3755 1632 3816; x_wconf 90' lang='lat' dir='ltr'><strong>quum</strong></span> <span class='ocrx_word' id='word_1_504' title='bbox 1661 3734 1801 3816; x_wconf 88' lang='grc'><strong>6666166</strong></span> <span class='ocrx_word' id='word_1_505' title='bbox 1823 3755 1912 3800; x_wconf 89' lang='grc'><strong>6666</strong></span> <span class='ocrx_word' id='word_1_506' title='bbox 1935 3736 2117 3820; x_wconf 80' lang='lat' dir='ltr'><strong>Aegyptios</strong></span> <span class='ocrx_word' id='word_1_507' title='bbox 2138 3757 2197 3820; x_wconf 89' lang='lat' dir='ltr'><strong>ap·</strong></span> 
     </span>
     <span class='ocr_line' id='line_1_39' title="bbox 195 3819 2198 3906; baseline 0.001 -20"><span class='ocrx_word' id='word_1_508' title='bbox 195 3823 359 3906; x_wconf 87' lang='lat' dir='ltr'><strong>plastrum</strong></span> <span class='ocrx_word' id='word_1_509' title='bbox 381 3820 550 3886; x_wconf 89' lang='lat' dir='ltr'><strong>adhibeat:</strong></span> <span class='ocrx_word' id='word_1_510' title='bbox 576 3821 633 3886; x_wconf 91' lang='lat' dir='ltr'><strong>sed</strong></span> <span class='ocrx_word' id='word_1_511' title='bbox 656 3820 717 3886; x_wconf 90' lang='lat' dir='ltr'><strong>hoc</strong></span> <span class='ocrx_word' id='word_1_512' title='bbox 740 3819 870 3885; x_wconf 78' lang='lat' dir='ltr'><strong>dumus:</strong></span> <span class='ocrx_word' id='word_1_513' title='bbox 894 3820 1020 3896; x_wconf 88' lang='lat' dir='ltr'><strong>deinde,</strong></span> <span class='ocrx_word' id='word_1_514' title='bbox 1044 3819 1171 3884; x_wconf 87' lang='lat' dir='ltr'><strong>medela</strong></span> <span class='ocrx_word' id='word_1_515' title='bbox 1223 3829 1357 3902; x_wconf 87' lang='lat' dir='ltr'><strong>peteret,</strong></span> <span class='ocrx_word' id='word_1_516' title='bbox 1388 3840 1475 3883; x_wconf 91' lang='grc'><strong>6666</strong></span> <span class='ocrx_word' id='word_1_517' title='bbox 1498 3820 1662 3903; x_wconf 89' lang='lat' dir='ltr'><strong>Assyrios,</strong></span> <span class='ocrx_word' id='word_1_518' title='bbox 1695 3829 1767 3884; x_wconf 89' lang='grc'><strong>6666</strong></span> <span class='ocrx_word' id='word_1_519' title='bbox 1796 3820 1954 3903; x_wconf 90' lang='lat' dir='ltr'><strong>quaedam</strong></span> <span class='ocrx_word' id='word_1_520' title='bbox 1988 3821 2198 3888; x_wconf 86' lang='lat' dir='ltr'><strong>scortationis</strong></span> 
     </span>
     <span class='ocr_line' id='line_1_40' title="bbox 196 3903 2197 3988; baseline -0.001 -14"><span class='ocrx_word' id='word_1_521' title='bbox 196 3921 229 3974; x_wconf 88' lang='lat' dir='ltr'><strong>et</strong></span> <span class='ocrx_word' id='word_1_522' title='bbox 251 3907 377 3974; x_wconf 87' lang='lat' dir='ltr'><strong>curatio</strong></span> <span class='ocrx_word' id='word_1_523' title='bbox 399 3927 465 3972; x_wconf 93' lang='lat' dir='ltr'><strong>non</strong></span> <span class='ocrx_word' id='word_1_524' title='bbox 488 3916 567 3971; x_wconf 92' lang='lat' dir='ltr'><strong>sunt</strong></span> <span class='ocrx_word' id='word_1_525' title='bbox 589 3905 664 3971; x_wconf 88' lang='lat' dir='ltr'><strong>tibi:</strong></span> <span class='ocrx_word' id='word_1_526' title='bbox 690 3904 746 3969; x_wconf 92' lang='lat' dir='ltr'><strong>sed</strong></span> <span class='ocrx_word' id='word_1_527' title='bbox 771 3904 902 3970; x_wconf 89' lang='lat' dir='ltr'><strong>videtur</strong></span> <span class='ocrx_word' id='word_1_528' title='bbox 925 3906 1006 3970; x_wconf 94' lang='lat' dir='ltr'><strong>mihi</strong></span> <span class='ocrx_word' id='word_1_529' title='bbox 1028 3904 1171 3988; x_wconf 81' lang='lat' dir='ltr'><strong>simplex</strong></span> <span class='ocrx_word' id='word_1_530' title='bbox 1222 3905 1354 3986; x_wconf 90' lang='lat' dir='ltr'><strong>species.</strong></span> <span class='ocrx_word' id='word_1_531' title='bbox 1408 3903 1500 3970; x_wconf 92' lang='lat' dir='ltr'><strong>Dens</strong></span> <span class='ocrx_word' id='word_1_532' title='bbox 1532 3907 1619 3970; x_wconf 92' lang='lat' dir='ltr'><strong>enim</strong></span> <span class='ocrx_word' id='word_1_533' title='bbox 1652 3905 1793 3970; x_wconf 89' lang='lat' dir='ltr'><strong>Iudaeos</strong></span> <span class='ocrx_word' id='word_1_534' title='bbox 1830 3915 1998 3988; x_wconf 89' lang='lat' dir='ltr'><strong>receperat</strong></span> <span class='ocrx_word' id='word_1_535' title='bbox 2035 3909 2070 3972; x_wconf 92' lang='lat' dir='ltr'><strong>in</strong></span> <span class='ocrx_word' id='word_1_536' title='bbox 2104 3928 2197 3974; x_wconf 87' lang='lat' dir='ltr'><strong>suam</strong></span> 
     </span>
     <span class='ocr_line' id='line_1_41' title="bbox 195 3989 2198 4074; baseline 0 -15"><span class='ocrx_word' id='word_1_537' title='bbox 195 4015 267 4060; x_wconf 92' lang='lat' dir='ltr'><strong>esse</strong></span> <span class='ocrx_word' id='word_1_538' title='bbox 289 3992 463 4060; x_wconf 89' lang='lat' dir='ltr'><strong>verborum</strong></span> <span class='ocrx_word' id='word_1_539' title='bbox 486 4011 612 4074; x_wconf 83' lang='lat' dir='ltr'><strong>sensus,</strong></span> <span class='ocrx_word' id='word_1_540' title='bbox 635 3989 721 4074; x_wconf 92' lang='lat' dir='ltr'><strong>quod</strong></span> <span class='ocrx_word' id='word_1_541' title='bbox 746 4011 841 4056; x_wconf 88' lang='lat' dir='ltr'><strong>nemo</strong></span> <span class='ocrx_word' id='word_1_542' title='bbox 863 3989 986 4056; x_wconf 91' lang='lat' dir='ltr'><strong>iudicet</strong></span> <span class='ocrx_word' id='word_1_543' title='bbox 1006 3991 1170 4070; x_wconf 89' lang='lat' dir='ltr'><strong>iudicium,</strong></span> <span class='ocrx_word' id='word_1_544' title='bbox 1222 3989 1319 4055; x_wconf 87' lang='lat' dir='ltr'><strong>fidem</strong></span> <span class='ocrx_word' id='word_1_545' title='bbox 1342 3998 1376 4054; x_wconf 89' lang='lat' dir='ltr'><strong>et</strong></span> <span class='ocrx_word' id='word_1_546' title='bbox 1398 3991 1631 4072; x_wconf 86' lang='lat' dir='ltr'><strong>patrocinium:</strong></span> <span class='ocrx_word' id='word_1_547' title='bbox 1661 3990 1872 4057; x_wconf 89' lang='lat' dir='ltr'><strong>incredulitas</strong></span> <span class='ocrx_word' id='word_1_548' title='bbox 1901 4001 2009 4057; x_wconf 91' lang='lat' dir='ltr'><strong>autem</strong></span> <span class='ocrx_word' id='word_1_549' title='bbox 2033 4013 2088 4058; x_wconf 90' lang='lat' dir='ltr'><strong>eos</strong></span> <span class='ocrx_word' id='word_1_550' title='bbox 2110 3993 2198 4059; x_wconf 88' lang='lat' dir='ltr'><strong>abri-</strong></span> 
     </span>
     <span class='ocr_line' id='line_1_42' title="bbox 196 4073 2195 4161; baseline -0.002 -16"><span class='ocrx_word' id='word_1_551' title='bbox 196 4079 314 4146; x_wconf 90' lang='lat' dir='ltr'><strong>deiode</strong></span> <span class='ocrx_word' id='word_1_552' title='bbox 336 4076 421 4160; x_wconf 91' lang='lat' dir='ltr'><strong>quod</strong></span> <span class='ocrx_word' id='word_1_553' title='bbox 444 4077 525 4142; x_wconf 90' lang='lat' dir='ltr'><strong>nihil</strong></span> <span class='ocrx_word' id='word_1_554' title='bbox 549 4076 591 4141; x_wconf 93' lang='grc'><strong>66</strong></span> <span class='ocrx_word' id='word_1_555' title='bbox 611 4077 812 4143; x_wconf 86' lang='grc'><strong>6666616666</strong></span> <span class='ocrx_word' id='word_1_556' title='bbox 836 4075 970 4142; x_wconf 83' lang='grc'><strong>6666611</strong></span> <span class='ocrx_word' id='word_1_557' title='bbox 993 4073 1169 4160; x_wconf 91' lang='lat' dir='ltr'><strong>suppetat).</strong></span> <span class='ocrx_word' id='word_1_558' title='bbox 1222 4076 1341 4156; x_wconf 88' lang='lat' dir='ltr'><strong>plebat,</strong></span> <span class='ocrx_word' id='word_1_559' title='bbox 1375 4084 1412 4138; x_wconf 90' lang='lat' dir='ltr'><strong>ut</strong></span> <span class='ocrx_word' id='word_1_560' title='bbox 1440 4077 1607 4141; x_wconf 90' lang='lat' dir='ltr'><strong>munirent</strong></span> <span class='ocrx_word' id='word_1_561' title='bbox 1637 4098 1672 4143; x_wconf 91' lang='lat' dir='ltr'><strong>se</strong></span> <span class='ocrx_word' id='word_1_562' title='bbox 1699 4077 1773 4142; x_wconf 88' lang='lat' dir='ltr'><strong>aliis</strong></span> <span class='ocrx_word' id='word_1_563' title='bbox 1803 4076 1944 4142; x_wconf 85' lang='lat' dir='ltr'><strong>auxiliis.</strong></span> <span class='ocrx_word' id='word_1_564' title='bbox 1990 4077 2042 4143; x_wconf 92' lang='lat' dir='ltr'><strong>Ita</strong></span> <span class='ocrx_word' id='word_1_565' title='bbox 2072 4079 2195 4161; x_wconf 90' lang='lat' dir='ltr'><strong>passim</strong></span> 
     </span>
    </p>

    <p class='ocr_par' dir='ltr' id='par_1_5' title="bbox 1222 4159 2193 4247">
     <span class='ocr_line' id='line_1_43' title="bbox 1222 4159 2193 4247; baseline 0.002 -22"><span class='ocrx_word' id='word_1_566' title='bbox 1222 4160 1310 4244; x_wconf 88' lang='lat' dir='ltr'><strong>apud</strong></span> <span class='ocrx_word' id='word_1_567' title='bbox 1346 4159 1521 4243; x_wconf 91' lang='lat' dir='ltr'><strong>prophetes</strong></span> <span class='ocrx_word' id='word_1_568' title='bbox 1557 4172 1624 4228; x_wconf 89' lang='lat' dir='ltr'><strong>tam</strong></span> <span class='ocrx_word' id='word_1_569' title='bbox 1660 4162 1817 4247; x_wconf 82' lang='lat' dir='ltr'><strong>Aegyptii</strong></span> <span class='ocrx_word' id='word_1_570' title='bbox 1856 4183 1954 4245; x_wconf 90' lang='lat' dir='ltr'><strong>quam</strong></span> <span class='ocrx_word' id='word_1_571' title='bbox 1991 4163 2122 4247; x_wconf 85' lang='lat' dir='ltr'><strong>Assyrii</strong></span> <span class='ocrx_word' id='word_1_572' title='bbox 2158 4169 2193 4229; x_wconf 89' lang='lat' dir='ltr'><strong>et</strong></span> 
     </span>
    </p>

    <p class='ocr_par' dir='ltr' id='par_1_6' title="bbox 190 4245 2194 5445">
     <span class='ocr_line' id='line_1_44' title="bbox 282 4245 2193 4334; baseline 0.001 -20"><span class='ocrx_word' id='word_1_573' title='bbox 282 4252 393 4315; x_wconf 90' lang='lat' dir='ltr'><strong>Primo</strong></span> <span class='ocrx_word' id='word_1_574' title='bbox 426 4248 499 4314; x_wconf 90' lang='lat' dir='ltr'><strong>sine</strong></span> <span class='ocrx_word' id='word_1_575' title='bbox 531 4248 637 4330; x_wconf 81' lang='lat' dir='ltr'><strong>ligura</strong></span> <span class='ocrx_word' id='word_1_576' title='bbox 669 4248 815 4329; x_wconf 90' lang='lat' dir='ltr'><strong>loquitur</strong></span> <span class='ocrx_word' id='word_1_577' title='bbox 846 4246 1016 4324; x_wconf 89' lang='lat' dir='ltr'><strong>Ieremias,</strong></span> <span class='ocrx_word' id='word_1_578' title='bbox 1051 4245 1169 4312; x_wconf 91' lang='lat' dir='ltr'><strong>deinde</strong></span> <span class='ocrx_word' id='word_1_579' title='bbox 1222 4245 1380 4312; x_wconf 85' lang='lat' dir='ltr'><strong>Ohaldaei</strong></span> <span class='ocrx_word' id='word_1_580' title='bbox 1407 4246 1537 4312; x_wconf 91' lang='lat' dir='ltr'><strong>demum</strong></span> <span class='ocrx_word' id='word_1_581' title='bbox 1560 4259 1791 4330; x_wconf 88' lang='lat' dir='ltr'><strong>comparantur</strong></span> <span class='ocrx_word' id='word_1_582' title='bbox 1813 4249 2021 4315; x_wconf 88' lang='lat' dir='ltr'><strong>amatoribus.</strong></span> <span class='ocrx_word' id='word_1_583' title='bbox 2067 4250 2113 4315; x_wconf 83' lang='grc'><strong>116</strong></span> <span class='ocrx_word' id='word_1_584' title='bbox 2135 4271 2193 4334; x_wconf 89' lang='grc'><strong>66-</strong></span> 
     </span>
     <span class='ocr_line' id='line_1_45' title="bbox 195 4332 2194 4421; baseline -0.002 -17"><span class='ocrx_word' id='word_1_585' title='bbox 195 4338 377 4421; x_wconf 90' lang='lat' dir='ltr'><strong>simplicem</strong></span> <span class='ocrx_word' id='word_1_586' title='bbox 405 4333 602 4399; x_wconf 87' lang='lat' dir='ltr'><strong>seutentiam</strong></span> <span class='ocrx_word' id='word_1_587' title='bbox 633 4332 776 4397; x_wconf 89' lang='lat' dir='ltr'><strong>illustrat</strong></span> <span class='ocrx_word' id='word_1_588' title='bbox 806 4332 1028 4414; x_wconf 88' lang='lat' dir='ltr'><strong>metaphorica</strong></span> <span class='ocrx_word' id='word_1_589' title='bbox 1054 4332 1168 4415; x_wconf 90' lang='lat' dir='ltr'><strong>loquu-</strong></span> <span class='ocrx_word' id='word_1_590' title='bbox 1222 4335 1300 4397; x_wconf 92' lang='lat' dir='ltr'><strong>time</strong></span> <span class='ocrx_word' id='word_1_591' title='bbox 1324 4332 1718 4414; x_wconf 85' lang='grc'><strong>616666666666666166,</strong></span> <span class='ocrx_word' id='word_1_592' title='bbox 1748 4335 1901 4416; x_wconf 92' lang='lat' dir='ltr'><strong>quoniam</strong></span> <span class='ocrx_word' id='word_1_593' title='bbox 1931 4355 1997 4399; x_wconf 92' lang='lat' dir='ltr'><strong>non</strong></span> <span class='ocrx_word' id='word_1_594' title='bbox 2020 4335 2100 4401; x_wconf 90' lang='lat' dir='ltr'><strong>setis</strong></span> <span class='ocrx_word' id='word_1_595' title='bbox 2123 4345 2194 4402; x_wconf 91' lang='lat' dir='ltr'><strong>erat</strong></span> 
     </span>
     <span class='ocr_line' id='line_1_46' title="bbox 196 4418 2193 4503; baseline -0.001 -16"><span class='ocrx_word' id='word_1_596' title='bbox 196 4425 295 4488; x_wconf 89' lang='lat' dir='ltr'><strong>tione.</strong></span> <span class='ocrx_word' id='word_1_597' title='bbox 340 4420 431 4485; x_wconf 90' lang='lat' dir='ltr'><strong>Dicit</strong></span> <span class='ocrx_word' id='word_1_598' title='bbox 452 4420 606 4484; x_wconf 78' lang='lat' dir='ltr'><strong>nemiuem</strong></span> <span class='ocrx_word' id='word_1_599' title='bbox 628 4437 693 4484; x_wconf 86' lang='lat' dir='ltr'><strong>essa</strong></span> <span class='ocrx_word' id='word_1_600' title='bbox 713 4420 770 4500; x_wconf 79' lang='lat' dir='ltr'><strong>qui</strong></span> <span class='ocrx_word' id='word_1_601' title='bbox 790 4419 946 4498; x_wconf 77' lang='grc'><strong>6666616166</strong></span> <span class='ocrx_word' id='word_1_602' title='bbox 966 4437 1097 4486; x_wconf 84' lang='lat' dir='ltr'><strong>causum</strong></span> <span class='ocrx_word' id='word_1_603' title='bbox 1113 4439 1171 4501; x_wconf 75' lang='lat' dir='ltr'><strong>po</strong></span> <span class='ocrx_word' id='word_1_604' title='bbox 1221 4418 1349 4484; x_wconf 90' lang='lat' dir='ltr'><strong>ostendi</strong></span> <span class='ocrx_word' id='word_1_605' title='bbox 1372 4419 1489 4500; x_wconf 92' lang='lat' dir='ltr'><strong>populo</strong></span> <span class='ocrx_word' id='word_1_606' title='bbox 1510 4439 1586 4484; x_wconf 88' lang='lat' dir='ltr'><strong>suas</strong></span> <span class='ocrx_word' id='word_1_607' title='bbox 1608 4419 1765 4498; x_wconf 89' lang='lat' dir='ltr'><strong>miserias,</strong></span> <span class='ocrx_word' id='word_1_608' title='bbox 1798 4421 1860 4484; x_wconf 90' lang='lat' dir='ltr'><strong>nisi</strong></span> <span class='ocrx_word' id='word_1_609' title='bbox 1883 4438 1980 4486; x_wconf 86' lang='lat' dir='ltr'><strong>cauea</strong></span> <span class='ocrx_word' id='word_1_610' title='bbox 2001 4421 2072 4503; x_wconf 88' lang='lat' dir='ltr'><strong>ipsa</strong></span> <span class='ocrx_word' id='word_1_611' title='bbox 2095 4422 2193 4487; x_wconf 92' lang='lat' dir='ltr'><strong>simul</strong></span> 
     </span>
     <span class='ocr_line' id='line_1_47' title="bbox 190 4504 2193 4593; baseline -0.001 -20"><span class='ocrx_word' id='word_1_612' title='bbox 190 4508 275 4593; x_wconf 79' lang='lat' dir='ltr'><strong>puli,</strong></span> <span class='ocrx_word' id='word_1_613' title='bbox 298 4507 393 4588; x_wconf 88' lang='lat' dir='ltr'><strong>quasi</strong></span> <span class='ocrx_word' id='word_1_614' title='bbox 415 4506 536 4569; x_wconf 87' lang='lat' dir='ltr'><strong>diceret</strong></span> <span class='ocrx_word' id='word_1_615' title='bbox 559 4505 647 4569; x_wconf 90' lang='lat' dir='ltr'><strong>omui</strong></span> <span class='ocrx_word' id='word_1_616' title='bbox 666 4505 788 4569; x_wconf 84' lang='lat' dir='ltr'><strong>auxilio</strong></span> <span class='ocrx_word' id='word_1_617' title='bbox 809 4504 965 4569; x_wconf 88' lang='lat' dir='ltr'><strong>nudatum</strong></span> <span class='ocrx_word' id='word_1_618' title='bbox 985 4525 1064 4570; x_wconf 90' lang='lat' dir='ltr'><strong>esse.</strong></span> <span class='ocrx_word' id='word_1_619' title='bbox 1095 4505 1169 4570; x_wconf 91' lang='lat' dir='ltr'><strong>Hoo</strong></span> <span class='ocrx_word' id='word_1_620' title='bbox 1221 4505 1400 4590; x_wconf 87' lang='lat' dir='ltr'><strong>patefieret.</strong></span> <span class='ocrx_word' id='word_1_621' title='bbox 1447 4504 1535 4588; x_wconf 80' lang='lat' dir='ltr'><strong>lllrgo</strong></span> <span class='ocrx_word' id='word_1_622' title='bbox 1566 4505 1721 4588; x_wconf 89' lang='lat' dir='ltr'><strong>propheta</strong></span> <span class='ocrx_word' id='word_1_623' title='bbox 1743 4505 1806 4570; x_wconf 91' lang='lat' dir='ltr'><strong>hic·</strong></span> <span class='ocrx_word' id='word_1_624' title='bbox 1819 4504 1968 4586; x_wconf 87' lang='lat' dir='ltr'><strong>producit</strong></span> <span class='ocrx_word' id='word_1_625' title='bbox 1990 4507 2025 4570; x_wconf 91' lang='lat' dir='ltr'><strong>in</strong></span> <span class='ocrx_word' id='word_1_626' title='bbox 2048 4507 2193 4572; x_wconf 91' lang='lat' dir='ltr'><strong>medium</strong></span> 
     </span>
     <span class='ocr_line' id='line_1_48' title="bbox 196 4589 2193 4680; baseline -0.003 -20"><span class='ocrx_word' id='word_1_627' title='bbox 196 4593 327 4680; x_wconf 90' lang='lat' dir='ltr'><strong>quidem</strong></span> <span class='ocrx_word' id='word_1_628' title='bbox 350 4593 413 4657; x_wconf 88' lang='lat' dir='ltr'><strong>iam</strong></span> <span class='ocrx_word' id='word_1_629' title='bbox 438 4590 547 4672; x_wconf 85' lang='lat' dir='ltr'><strong>alique</strong></span> <span class='ocrx_word' id='word_1_630' title='bbox 569 4610 610 4653; x_wconf 85' lang='lat' dir='ltr'><strong>ex</strong></span> <span class='ocrx_word' id='word_1_631' title='bbox 635 4601 725 4670; x_wconf 88' lang='lat' dir='ltr'><strong>parte</strong></span> <span class='ocrx_word' id='word_1_632' title='bbox 754 4591 965 4673; x_wconf 86' lang='lat' dir='ltr'><strong>conspicuum</strong></span> <span class='ocrx_word' id='word_1_633' title='bbox 994 4599 1080 4668; x_wconf 75' lang='lat' dir='ltr'><strong>erat,</strong></span> <span class='ocrx_word' id='word_1_634' title='bbox 1111 4589 1169 4656; x_wconf 90' lang='lat' dir='ltr'><strong>sed</strong></span> <span class='ocrx_word' id='word_1_635' title='bbox 1220 4611 1375 4675; x_wconf 87' lang='lat' dir='ltr'><strong>perversa</strong></span> <span class='ocrx_word' id='word_1_636' title='bbox 1396 4590 1453 4654; x_wconf 89' lang='lat' dir='ltr'><strong>illa</strong></span> <span class='ocrx_word' id='word_1_637' title='bbox 1471 4590 1614 4667; x_wconf 89' lang='lat' dir='ltr'><strong>consilia,</strong></span> <span class='ocrx_word' id='word_1_638' title='bbox 1636 4610 1720 4672; x_wconf 91' lang='lat' dir='ltr'><strong>qnae</strong></span> <span class='ocrx_word' id='word_1_639' title='bbox 1739 4590 1945 4672; x_wconf 83' lang='lat' dir='ltr'><strong>agitaverant</strong></span> <span class='ocrx_word' id='word_1_640' title='bbox 1960 4590 2074 4656; x_wconf 92' lang='lat' dir='ltr'><strong>Iudaei</strong></span> <span class='ocrx_word' id='word_1_641' title='bbox 2092 4611 2193 4673; x_wconf 92' lang='lat' dir='ltr'><strong>quum</strong></span> 
     </span>
     <span class='ocr_line' id='line_1_49' title="bbox 195 4675 2193 4762; baseline -0.003 -16"><span class='ocrx_word' id='word_1_642' title='bbox 195 4693 266 4746; x_wconf 85' lang='lat' dir='ltr'><strong>tam</strong></span> <span class='ocrx_word' id='word_1_643' title='bbox 288 4679 406 4762; x_wconf 89' lang='lat' dir='ltr'><strong>supina</strong></span> <span class='ocrx_word' id='word_1_644' title='bbox 427 4678 489 4741; x_wconf 88' lang='grc'><strong>1616</strong></span> <span class='ocrx_word' id='word_1_645' title='bbox 512 4675 622 4760; x_wconf 91' lang='lat' dir='ltr'><strong>populi</strong></span> <span class='ocrx_word' id='word_1_646' title='bbox 645 4675 815 4750; x_wconf 87' lang='lat' dir='ltr'><strong>securitas,</strong></span> <span class='ocrx_word' id='word_1_647' title='bbox 846 4685 882 4739; x_wconf 91' lang='lat' dir='ltr'><strong>ut</strong></span> <span class='ocrx_word' id='word_1_648' title='bbox 904 4676 1046 4758; x_wconf 91' lang='lat' dir='ltr'><strong>quotidie</strong></span> <span class='ocrx_word' id='word_1_649' title='bbox 1069 4695 1169 4741; x_wconf 84' lang='lat' dir='ltr'><strong>novae</strong></span> <span class='ocrx_word' id='word_1_650' title='bbox 1222 4686 1376 4760; x_wconf 88' lang='lat' dir='ltr'><strong>putarent</strong></span> <span class='ocrx_word' id='word_1_651' title='bbox 1405 4696 1441 4739; x_wconf 91' lang='lat' dir='ltr'><strong>ee</strong></span> <span class='ocrx_word' id='word_1_652' title='bbox 1463 4684 1550 4740; x_wconf 91' lang='lat' dir='ltr'><strong>tutos</strong></span> <span class='ocrx_word' id='word_1_653' title='bbox 1580 4685 1613 4740; x_wconf 93' lang='lat' dir='ltr'><strong>et</strong></span> <span class='ocrx_word' id='word_1_654' title='bbox 1635 4676 1742 4741; x_wconf 88' lang='lat' dir='ltr'><strong>salvos</strong></span> <span class='ocrx_word' id='word_1_655' title='bbox 1770 4676 1838 4741; x_wconf 86' lang='lat' dir='ltr'><strong>iore</strong></span> <span class='ocrx_word' id='word_1_656' title='bbox 1867 4675 1896 4741; x_wconf 93' lang='lat' dir='ltr'><strong>si</strong></span> <span class='ocrx_word' id='word_1_657' title='bbox 1918 4697 2005 4742; x_wconf 91' lang='lat' dir='ltr'><strong>nunc</strong></span> <span class='ocrx_word' id='word_1_658' title='bbox 2027 4677 2193 4760; x_wconf 74' lang='lat' dir='ltr'><strong>Aegyptii,</strong></span> 
     </span>
     <span class='ocr_line' id='line_1_50' title="bbox 196 4760 2193 4850; baseline -0.003 -18"><span class='ocrx_word' id='word_1_659' title='bbox 196 4787 271 4850; x_wconf 92' lang='lat' dir='ltr'><strong>spes</strong></span> <span class='ocrx_word' id='word_1_660' title='bbox 294 4765 354 4830; x_wconf 90' lang='grc'><strong>6161</strong></span> <span class='ocrx_word' id='word_1_661' title='bbox 384 4765 531 4846; x_wconf 83' lang='lat' dir='ltr'><strong>fingeret.</strong></span> <span class='ocrx_word' id='word_1_662' title='bbox 577 4761 747 4825; x_wconf 84' lang='lat' dir='ltr'><strong>Praedi&#39;xit</strong></span> <span class='ocrx_word' id='word_1_663' title='bbox 773 4761 874 4845; x_wconf 84' lang='lat' dir='ltr'><strong>igitur</strong></span> <span class='ocrx_word' id='word_1_664' title='bbox 897 4761 1054 4826; x_wconf 87' lang='lat' dir='ltr'><strong>Ieremias</strong></span> <span class='ocrx_word' id='word_1_665' title='bbox 1084 4760 1168 4843; x_wconf 91' lang='lat' dir='ltr'><strong>quod</strong></span> <span class='ocrx_word' id='word_1_666' title='bbox 1221 4783 1308 4828; x_wconf 90' lang='lat' dir='ltr'><strong>nuuc</strong></span> <span class='ocrx_word' id='word_1_667' title='bbox 1337 4761 1484 4843; x_wconf 82' lang='lat' dir='ltr'><strong>Assyrii,</strong></span> <span class='ocrx_word' id='word_1_668' title='bbox 1514 4783 1601 4826; x_wconf 91' lang='lat' dir='ltr'><strong>nuno</strong></span> <span class='ocrx_word' id='word_1_669' title='bbox 1630 4760 1787 4827; x_wconf 80' lang='lat' dir='ltr'><strong>(lhaldaei</strong></span> <span class='ocrx_word' id='word_1_670' title='bbox 1819 4761 1885 4826; x_wconf 91' lang='lat' dir='ltr'><strong>illis</strong></span> <span class='ocrx_word' id='word_1_671' title='bbox 1915 4761 2044 4844; x_wconf 90' lang='lat' dir='ltr'><strong>propitii</strong></span> <span class='ocrx_word' id='word_1_672' title='bbox 2076 4764 2193 4826; x_wconf 85' lang='grc'><strong>166666.</strong></span> 
     </span>
     <span class='ocr_line' id='line_1_51' title="bbox 196 4845 2192 4931; baseline -0.003 -13"><span class='ocrx_word' id='word_1_673' title='bbox 196 4854 261 4918; x_wconf 90' lang='grc'><strong>166</strong></span> <span class='ocrx_word' id='word_1_674' title='bbox 285 4851 466 4931; x_wconf 81' lang='lat' dir='ltr'><strong>contigerat</strong></span> <span class='ocrx_word' id='word_1_675' title='bbox 488 4869 529 4911; x_wconf 85' lang='lat' dir='ltr'><strong>ex</strong></span> <span class='ocrx_word' id='word_1_676' title='bbox 552 4855 653 4929; x_wconf 87' lang='lat' dir='ltr'><strong>parte,</strong></span> <span class='ocrx_word' id='word_1_677' title='bbox 677 4847 732 4910; x_wconf 91' lang='lat' dir='ltr'><strong>sed</strong></span> <span class='ocrx_word' id='word_1_678' title='bbox 758 4845 862 4910; x_wconf 90' lang='lat' dir='ltr'><strong>adhuc</strong></span> <span class='ocrx_word' id='word_1_679' title='bbox 884 4847 1109 4928; x_wconf 89' lang='lat' dir='ltr'><strong>impendebat:</strong></span> <span class='ocrx_word' id='word_1_680' title='bbox 1137 4855 1170 4912; x_wconf 91' lang='grc'><strong>66</strong></span> <span class='ocrx_word' id='word_1_681' title='bbox 1220 4849 1294 4912; x_wconf 87' lang='grc' dir='ltr'><strong>Η66</strong></span> <span class='ocrx_word' id='word_1_682' title='bbox 1318 4847 1442 4910; x_wconf 87' lang='lat' dir='ltr'><strong>ratione</strong></span> <span class='ocrx_word' id='word_1_683' title='bbox 1465 4846 1542 4911; x_wconf 91' lang='lat' dir='ltr'><strong>dicit</strong></span> <span class='ocrx_word' id='word_1_684' title='bbox 1569 4867 1674 4913; x_wconf 80' lang='lat' dir='ltr'><strong>omues</strong></span> <span class='ocrx_word' id='word_1_685' title='bbox 1695 4847 1811 4912; x_wconf 84' lang='lat' dir='ltr'><strong>amicos</strong></span> <span class='ocrx_word' id='word_1_686' title='bbox 1832 4847 1959 4912; x_wconf 79' lang='lat' dir='ltr'><strong>abolitos</strong></span> <span class='ocrx_word' id='word_1_687' title='bbox 1981 4865 2047 4912; x_wconf 84' lang='lat' dir='ltr'><strong>esse</strong></span> <span class='ocrx_word' id='word_1_688' title='bbox 2068 4848 2192 4930; x_wconf 82' lang='grc'><strong>666611,</strong></span> 
     </span>
     <span class='ocr_line' id='line_1_52' title="bbox 196 4930 2193 5017; baseline -0.004 -14"><span class='ocrx_word' id='word_1_689' title='bbox 196 4940 243 5004; x_wconf 84' lang='grc'><strong>166</strong></span> <span class='ocrx_word' id='word_1_690' title='bbox 271 4936 418 5017; x_wconf 83' lang='lat' dir='ltr'><strong>coarguit</strong></span> <span class='ocrx_word' id='word_1_691' title='bbox 450 4933 623 4998; x_wconf 84' lang='lat' dir='ltr'><strong>stultitiam</strong></span> <span class='ocrx_word' id='word_1_692' title='bbox 656 4931 783 5013; x_wconf 90' lang='lat' dir='ltr'><strong>populi,</strong></span> <span class='ocrx_word' id='word_1_693' title='bbox 817 4933 872 5012; x_wconf 89' lang='lat' dir='ltr'><strong>qni</strong></span> <span class='ocrx_word' id='word_1_694' title='bbox 903 4931 964 4996; x_wconf 92' lang='lat' dir='ltr'><strong>sibi</strong></span> <span class='ocrx_word' id='word_1_695' title='bbox 995 4930 1169 4997; x_wconf 92' lang='lat' dir='ltr'><strong>blanditias</strong></span> <span class='ocrx_word' id='word_1_696' title='bbox 1222 4931 1349 5008; x_wconf 89' lang='lat' dir='ltr'><strong>deinde,</strong></span> <span class='ocrx_word' id='word_1_697' title='bbox 1372 4951 1433 4997; x_wconf 83' lang='grc'><strong>666</strong></span> <span class='ocrx_word' id='word_1_698' title='bbox 1453 4933 1619 5016; x_wconf 81' lang='lat' dir='ltr'><strong>requirere,</strong></span> <span class='ocrx_word' id='word_1_699' title='bbox 1642 4933 1703 4998; x_wconf 92' lang='lat' dir='ltr'><strong>hoo</strong></span> <span class='ocrx_word' id='word_1_700' title='bbox 1726 4942 1784 5012; x_wconf 90' lang='lat' dir='ltr'><strong>est,</strong></span> <span class='ocrx_word' id='word_1_701' title='bbox 1806 4931 1960 4997; x_wconf 87' lang='lat' dir='ltr'><strong>abiecisse</strong></span> <span class='ocrx_word' id='word_1_702' title='bbox 1983 4951 2114 4996; x_wconf 88' lang='lat' dir='ltr'><strong>omnem</strong></span> <span class='ocrx_word' id='word_1_703' title='bbox 2138 4953 2193 4997; x_wconf 91' lang='lat' dir='ltr'><strong>ou·</strong></span> 
     </span>
     <span class='ocr_line' id='line_1_53' title="bbox 197 5015 2193 5100; baseline -0.003 -12"><span class='ocrx_word' id='word_1_704' title='bbox 197 5023 306 5088; x_wconf 87' lang='lat' dir='ltr'><strong>adhuc</strong></span> <span class='ocrx_word' id='word_1_705' title='bbox 336 5019 433 5084; x_wconf 88' lang='grc'><strong>166166</strong></span> <span class='ocrx_word' id='word_1_706' title='bbox 455 5019 489 5082; x_wconf 92' lang='grc'><strong>16</strong></span> <span class='ocrx_word' id='word_1_707' title='bbox 513 5018 610 5082; x_wconf 88' lang='grc'><strong>66116</strong></span> <span class='ocrx_word' id='word_1_708' title='bbox 638 5036 739 5099; x_wconf 91' lang='lat' dir='ltr'><strong>prope</strong></span> <span class='ocrx_word' id='word_1_709' title='bbox 769 5017 964 5099; x_wconf 88' lang='lat' dir='ltr'><strong>desperetis:</strong></span> <span class='ocrx_word' id='word_1_710' title='bbox 995 5017 1045 5082; x_wconf 77' lang='lat' dir='ltr'><strong>&#39;Iu</strong></span> <span class='ocrx_word' id='word_1_711' title='bbox 1069 5015 1170 5095; x_wconf 86' lang='lat' dir='ltr'><strong>vides,</strong></span> <span class='ocrx_word' id='word_1_712' title='bbox 1221 5039 1291 5083; x_wconf 89' lang='lat' dir='ltr'><strong>ram</strong></span> <span class='ocrx_word' id='word_1_713' title='bbox 1321 5016 1417 5082; x_wconf 90' lang='lat' dir='ltr'><strong>illius.</strong></span> <span class='ocrx_word' id='word_1_714' title='bbox 1467 5019 1512 5082; x_wconf 84' lang='grc'><strong>1116</strong></span> <span class='ocrx_word' id='word_1_715' title='bbox 1541 5018 1672 5083; x_wconf 89' lang='lat' dir='ltr'><strong>additur</strong></span> <span class='ocrx_word' id='word_1_716' title='bbox 1702 5020 1800 5095; x_wconf 90' lang='lat' dir='ltr'><strong>ratio,</strong></span> <span class='ocrx_word' id='word_1_717' title='bbox 1835 5016 1920 5100; x_wconf 91' lang='lat' dir='ltr'><strong>quod</strong></span> <span class='ocrx_word' id='word_1_718' title='bbox 1949 5018 2074 5082; x_wconf 92' lang='lat' dir='ltr'><strong>scilicet</strong></span> <span class='ocrx_word' id='word_1_719' title='bbox 2104 5016 2193 5083; x_wconf 83' lang='lat' dir='ltr'><strong>Deus</strong></span> 
     </span>
     <span class='ocr_line' id='line_1_54' title="bbox 197 5101 2192 5190; baseline -0.002 -18"><span class='ocrx_word' id='word_1_720' title='bbox 197 5107 311 5190; x_wconf 90' lang='lat' dir='ltr'><strong>inquit,</strong></span> <span class='ocrx_word' id='word_1_721' title='bbox 335 5103 500 5169; x_wconf 90' lang='lat' dir='ltr'><strong>neminem</strong></span> <span class='ocrx_word' id='word_1_722' title='bbox 523 5125 593 5169; x_wconf 91' lang='lat' dir='ltr'><strong>esse</strong></span> <span class='ocrx_word' id='word_1_723' title='bbox 616 5102 672 5184; x_wconf 92' lang='lat' dir='ltr'><strong>qui</strong></span> <span class='ocrx_word' id='word_1_724' title='bbox 696 5103 754 5166; x_wconf 91' lang='lat' dir='ltr'><strong>tibi</strong></span> <span class='ocrx_word' id='word_1_725' title='bbox 777 5122 910 5166; x_wconf 88' lang='lat' dir='ltr'><strong>manum</strong></span> <span class='ocrx_word' id='word_1_726' title='bbox 933 5105 1090 5187; x_wconf 81' lang='lat' dir='ltr'><strong>porrigat,</strong></span> <span class='ocrx_word' id='word_1_727' title='bbox 1113 5112 1171 5167; x_wconf 88' lang='lat' dir='ltr'><strong>aut</strong></span> <span class='ocrx_word' id='word_1_728' title='bbox 1219 5103 1371 5187; x_wconf 69' lang='lat' dir='ltr'><strong>populum</strong></span> <span class='ocrx_word' id='word_1_729' title='bbox 1393 5104 1499 5183; x_wconf 80' lang='lat' dir='ltr'><strong>ipsum</strong></span> <span class='ocrx_word' id='word_1_730' title='bbox 1515 5105 1707 5185; x_wconf 73' lang='grc'><strong>6666666611</strong></span> <span class='ocrx_word' id='word_1_731' title='bbox 1723 5105 1822 5186; x_wconf 79' lang='grc'><strong>61666</strong></span> <span class='ocrx_word' id='word_1_732' title='bbox 1843 5101 1956 5168; x_wconf 78' lang='grc'><strong>1666611.</strong></span> <span class='ocrx_word' id='word_1_733' title='bbox 1987 5101 2052 5167; x_wconf 88' lang='lat' dir='ltr'><strong>Ubi</strong></span> <span class='ocrx_word' id='word_1_734' title='bbox 2075 5103 2192 5168; x_wconf 91' lang='lat' dir='ltr'><strong>iterum</strong></span> 
     </span>
     <span class='ocr_line' id='line_1_55' title="bbox 196 5187 2191 5273; baseline -0.004 -14"><span class='ocrx_word' id='word_1_735' title='bbox 196 5195 312 5259; x_wconf 89' lang='grc'><strong>166666</strong></span> <span class='ocrx_word' id='word_1_736' title='bbox 342 5203 475 5273; x_wconf 87' lang='grc'><strong>6666666</strong></span> <span class='ocrx_word' id='word_1_737' title='bbox 497 5191 540 5253; x_wconf 89' lang='grc'><strong>616</strong></span> <span class='ocrx_word' id='word_1_738' title='bbox 561 5189 683 5254; x_wconf 85' lang='lat' dir='ltr'><strong>auxilio</strong></span> <span class='ocrx_word' id='word_1_739' title='bbox 711 5208 787 5253; x_wconf 87' lang='lat' dir='ltr'><strong>suo:</strong></span> <span class='ocrx_word' id='word_1_740' title='bbox 817 5195 981 5252; x_wconf 87' lang='lat' dir='ltr'><strong>ettamen</strong></span> <span class='ocrx_word' id='word_1_741' title='bbox 1012 5199 1108 5271; x_wconf 89' lang='lat' dir='ltr'><strong>putas</strong></span> <span class='ocrx_word' id='word_1_742' title='bbox 1138 5197 1170 5252; x_wconf 92' lang='lat' dir='ltr'><strong>te</strong></span> <span class='ocrx_word' id='word_1_743' title='bbox 1221 5188 1381 5272; x_wconf 90' lang='lat' dir='ltr'><strong>propheta</strong></span> <span class='ocrx_word' id='word_1_744' title='bbox 1403 5209 1457 5253; x_wconf 93' lang='lat' dir='ltr'><strong>eos</strong></span> <span class='ocrx_word' id='word_1_745' title='bbox 1479 5188 1621 5254; x_wconf 87' lang='grc'><strong>6166666</strong></span> <span class='ocrx_word' id='word_1_746' title='bbox 1645 5190 1706 5254; x_wconf 92' lang='lat' dir='ltr'><strong>Dei</strong></span> <span class='ocrx_word' id='word_1_747' title='bbox 1729 5187 1886 5264; x_wconf 90' lang='lat' dir='ltr'><strong>tribunal,</strong></span> <span class='ocrx_word' id='word_1_748' title='bbox 1917 5199 1954 5253; x_wconf 92' lang='lat' dir='ltr'><strong>ut</strong></span> <span class='ocrx_word' id='word_1_749' title='bbox 1977 5188 2105 5254; x_wconf 91' lang='lat' dir='ltr'><strong>discant</strong></span> <span class='ocrx_word' id='word_1_750' title='bbox 2135 5211 2191 5254; x_wconf 87' lang='lat' dir='ltr'><strong>ex·</strong></span> 
     </span>
     <span class='ocr_line' id='line_1_56' title="bbox 197 5272 2193 5360; baseline -0.003 -16"><span class='ocrx_word' id='word_1_751' title='bbox 197 5281 265 5344; x_wconf 87' lang='lat' dir='ltr'><strong>lore</strong></span> <span class='ocrx_word' id='word_1_752' title='bbox 288 5275 476 5360; x_wconf 91' lang='lat' dir='ltr'><strong>propediem</strong></span> <span class='ocrx_word' id='word_1_753' title='bbox 499 5275 653 5340; x_wconf 86' lang='lat' dir='ltr'><strong>liberum:</strong></span> <span class='ocrx_word' id='word_1_754' title='bbox 677 5274 763 5339; x_wconf 92' lang='lat' dir='ltr'><strong>unde</strong></span> <span class='ocrx_word' id='word_1_755' title='bbox 785 5273 848 5337; x_wconf 91' lang='lat' dir='ltr'><strong>ista</strong></span> <span class='ocrx_word' id='word_1_756' title='bbox 870 5274 1083 5358; x_wconf 85' lang='lat' dir='ltr'><strong>imaginatio?</strong></span> <span class='ocrx_word' id='word_1_757' title='bbox 1113 5272 1169 5338; x_wconf 93' lang='lat' dir='ltr'><strong>de·</strong></span> <span class='ocrx_word' id='word_1_758' title='bbox 1220 5274 1364 5357; x_wconf 88' lang='lat' dir='ltr'><strong>pendere</strong></span> <span class='ocrx_word' id='word_1_759' title='bbox 1385 5273 1448 5338; x_wconf 91' lang='lat' dir='ltr'><strong>sihi</strong></span> <span class='ocrx_word' id='word_1_760' title='bbox 1471 5275 1550 5339; x_wconf 86' lang='lat' dir='ltr'><strong>haee</strong></span> <span class='ocrx_word' id='word_1_761' title='bbox 1577 5274 1666 5339; x_wconf 88' lang='lat' dir='ltr'><strong>mala</strong></span> <span class='ocrx_word' id='word_1_762' title='bbox 1687 5295 1751 5338; x_wconf 91' lang='lat' dir='ltr'><strong>non</strong></span> <span class='ocrx_word' id='word_1_763' title='bbox 1782 5273 1927 5338; x_wconf 88' lang='lat' dir='ltr'><strong>accidere</strong></span> <span class='ocrx_word' id='word_1_764' title='bbox 1957 5273 2101 5358; x_wconf 81' lang='lat' dir='ltr'><strong>fortuito,</strong></span> <span class='ocrx_word' id='word_1_765' title='bbox 2136 5273 2193 5339; x_wconf 90' lang='lat' dir='ltr'><strong>sed</strong></span> 
     </span>
     <span class='ocr_line' id='line_1_57' title="bbox 197 5358 2194 5445; baseline -0.004 -13"><span class='ocrx_word' id='word_1_766' title='bbox 197 5365 325 5432; x_wconf 90' lang='lat' dir='ltr'><strong>eosndit</strong></span> <span class='ocrx_word' id='word_1_767' title='bbox 356 5367 467 5445; x_wconf 87' lang='lat' dir='ltr'><strong>postea</strong></span> <span class='ocrx_word' id='word_1_768' title='bbox 498 5360 538 5424; x_wconf 88' lang='lat' dir='ltr'><strong>ad</strong></span> <span class='ocrx_word' id='word_1_769' title='bbox 568 5360 803 5442; x_wconf 86' lang='lat' dir='ltr'><strong>metaphoram,</strong></span> <span class='ocrx_word' id='word_1_770' title='bbox 836 5360 920 5442; x_wconf 80' lang='lat' dir='ltr'><strong>quod</strong></span> <span class='ocrx_word' id='word_1_771' title='bbox 947 5379 1036 5424; x_wconf 80' lang='grc'><strong>66666</strong></span> <span class='ocrx_word' id='word_1_772' title='bbox 1065 5361 1106 5424; x_wconf 79' lang='lat' dir='ltr'><strong>ct</strong></span> <span class='ocrx_word' id='word_1_773' title='bbox 1127 5361 1169 5425; x_wconf 87' lang='lat' dir='ltr'><strong>od</strong></span> <span class='ocrx_word' id='word_1_774' title='bbox 1221 5361 1308 5425; x_wconf 90' lang='lat' dir='ltr'><strong>iusta</strong></span> <span class='ocrx_word' id='word_1_775' title='bbox 1330 5378 1401 5423; x_wconf 88' lang='lat' dir='ltr'><strong>esse</strong></span> <span class='ocrx_word' id='word_1_776' title='bbox 1421 5361 1608 5426; x_wconf 86' lang='grc'><strong>6666166616</strong></span> <span class='ocrx_word' id='word_1_777' title='bbox 1625 5360 1696 5424; x_wconf 87' lang='lat' dir='ltr'><strong>Dei.</strong></span> <span class='ocrx_word' id='word_1_778' title='bbox 1727 5359 1914 5443; x_wconf 86' lang='lat' dir='ltr'><strong>Deusergo</strong></span> <span class='ocrx_word' id='word_1_779' title='bbox 1932 5358 2194 5426; x_wconf 86' lang='lat' dir='ltr'><strong>hieiumedium</strong></span> 
     </span>
    </p>
   </div>
   <div class='ocr_carea' id='block_1_3' title="bbox 295 5459 1990 5532">
    <p class='ocr_par' dir='ltr' id='par_1_7' title="bbox 295 5459 1990 5532">
     <span class='ocr_line' id='line_1_58' title="bbox 295 5459 1990 5532; baseline -0.004 -12"><span class='ocrx_word' id='word_1_780' title='bbox 295 5464 407 5521; x_wconf 77' lang='grc'><strong>061666·</strong></span> <span class='ocrx_word' id='word_1_781' title='bbox 422 5479 516 5532; x_wconf 82' lang='lat' dir='ltr'><strong>opera.</strong></span> <span class='ocrx_word' id='word_1_782' title='bbox 548 5461 609 5518; x_wconf 84' lang='lat' dir='ltr'><strong>Vol.</strong></span> <span class='ocrx_word' id='word_1_783' title='bbox 624 5461 808 5518; x_wconf 84' lang='lat' dir='ltr'><strong>XXXVIII.</strong></span> <span class='ocrx_word' id='word_1_784' title='bbox 1955 5459 1990 5514; x_wconf 81' lang='lat'><strong>40</strong></span> 
     </span>
    </p>
   </div>
   <div class='ocr_carea' id='block_1_4' title="bbox 0 0 2564 6136">
    <p class='ocr_par' dir='ltr' id='par_1_8' title="bbox 0 0 2564 6136">
     <span class='ocr_line' id='line_1_59' title="bbox 0 0 2564 6136; baseline 0 0"><span class='ocrx_word' id='word_1_785' title='bbox 0 0 2564 6136; x_wconf 95' lang='lat' dir='ltr'><strong> </strong></span> 
     </span>
    </p>
   </div>
  </div>
 </body>
</html>
