5158 6124
362 455 426 519 479
1167 447 1554 516 Pusunuoulouus
2300 445 2365 510 480

362 641 571 728 aquilonares
601 639 738 724 populos
767 637 829 706 sibi
856 657 927 704 esse
949 637 990 704 ad
1013 657 1150 702 manum
1178 645 1336 718 tanquam
1389 637 1584 705 abstineant.
1629 634 1697 704 Sed
1725 635 1779 704 hie
1805 635 1965 721 propheta
1994 635 2138 702 ostendit
2168 637 2268 703 talem
2296 641 2364 706 fore

362 727 579 796 conductitios
611 725 750 791 milites:
785 726 833 789 ite
859 743 947 789 nune
975 723 1134 808 adiungit,
1163 722 1337 788 victoriam
1389 724 1579 789 vastitatem
1614 733 1730 802 arrae,
1765 733 1803 787 ut
1831 725 1975 806 cogitare
2004 721 2045 787 de
2073 723 2197 804 nuptiis
2226 744 2292 790 uon
2321 729 2366 793 sit

362 834 434 880 esse
451 814 486 879 in
505 833 605 877 manu
624 830 693 877 sua.
726 810 881 878 Iudaeum
901 809 1005 893 igitur
1021 828 1083 891 coe,
1107 809 1220 891 inquit,
1243 827 1339 890 supe
1388 807 1539 892 liberum,
1574 819 1610 875 ut
1632 816 1761 877 cessent
1789 811 1895 874 omnis
1923 807 2072 875 hilaritas
2103 820 2135 873 et
2162 809 2292 889 laetitia,
2327 824 2366 878 ut

362 906 493 966 mam:
515 895 641 974 deinde,
664 917 761 982 sape
777 895 1147 980 mausiacensem,
1169 914 1250 975 quae
1267 899 1339 960 aaut
1390 916 1455 960 non
1478 897 1603 961 molant
1622 895 1674 962 vel
1697 892 1915 971 condimenta,
1938 893 1992 960 vel
2014 893 2191 973 esculenta,
2215 898 2267 962 vel
2289 899 2365 979 alia,

363 988 399 1052 iu
419 985 562 1051 arcada.
602 983 672 1050 Cur
692 982 853 1068 propheta
874 981 927 1049 hio
950 979 1123 1046 denuntiet
1144 980 1217 1045 aliis
1240 981 1338 1045 etiam
1391 981 1442 1045 vel
1465 981 1609 1048 triticum
1637 982 1751 1055 etiam,
1781 989 1820 1044 ut
1842 980 1982 1063 denique
2010 1001 2077 1045 nou
2099 980 2264 1048 eelebrent
2287 1006 2365 1050 con·

363 1070 517 1155 gentibus
539 1090 688 1153 poenam,
710 1068 893 1135 videbimus
914 1089 972 1133 suo
995 1067 1073 1134 loeo.
1112 1065 1226 1133 Iudaei
1249 1067 1337 1130 enim
1390 1066 1482 1132 vivia
1503 1066 1544 1130 ad
1567 1066 1733 1134 lucernam
1761 1087 1821 1148 pro
1850 1085 1950 1132 more.
1995 1066 2084 1150 Ergo
2099 1067 2164 1134 hic
2186 1066 2227 1132 ad
2252 1071 2365 1138 vivum

363 1159 450 1222 inter
480 1155 562 1220 alias
590 1175 762 1238 perversas
795 1152 946 1232 fiducias,
980 1152 1066 1218 hane
1096 1151 1245 1217 solebant
1277 1151 1338 1216 sibi
1390 1149 1545 1219 describit
1577 1152 1668 1218 illam
1698 1153 1887 1217 vastitatem
1922 1151 2017 1217 euius
2046 1173 2152 1235 nuper
2183 1155 2269 1220 facta
2302 1157 2366 1223 fuit

317 1282 319 1286 ·
364 1243 512 1322 obiicere,
540 1240 627 1325 qnod
658 1242 685 1305 ai
707 1239 986 1307 Nabuohadneaer
1012 1238 1185 1304 invaderet
1215 1237 1338 1303 alienas
1390 1239 1523 1302 mentio.
1575 1240 1645 1306 Nee
1679 1237 1813 1302 dubium
1847 1249 1898 1303 est
1930 1238 2011 1320 quin
2044 1239 2204 1321 propheta
2236 1239 2366 1326 oblique

364 1327 514 1408 ditiones,
547 1348 660 1392 omnes
693 1327 841 1393 certatim
873 1332 987 1391 contre
1016 1345 1091 1390 eum
1118 1325 1338 1408 insurgerent,
1389 1325 1591 1406 perstringat
1611 1323 1791 1392 socordiam
1814 1323 1904 1390 illam
1927 1343 1994 1406 que
2016 1323 2163 1390 diabolas
2185 1345 2366 1410 occupave-

365 1424 398 1480 et
427 1413 667 1496 conspiratione
699 1413 785 1478 lacta
812 1409 906 1476 facile
936 1420 1024 1476 esset
1052 1411 1160 1494 ipsum
1189 1410 1337 1476 obruere.
1389 1419 1443 1474 rat
1475 1418 1603 1477 mentes
1634 1409 1758 1493 populi.
1812 1407 1972 1490 Quamvis
2006 1411 2093 1475 enim
2126 1411 2257 1477 assidue
2290 1434 2366 1498 pro-

364 1498 475 1581 Quum
498 1520 576 1582 ergo
598 1497 713 1563 Iudaei
735 1498 935 1581 respicerent
956 1495 990 1561 in
1014 1516 1127 1561 omnes
1157 1505 1274 1578 partes,
1305 1503 1338 1559 et
1390 1494 1509 1578 phetae
1527 1495 1593 1562 illis
1610 1497 1851 1572 minitarentur,
1872 1499 1983 1560 tamen
2003 1495 2113 1560 nullus
2131 1507 2202 1562 erat
2218 1499 2295 1564 linis
2314 1499 2366 1566 vel

364 1585 487 1652 sonent
509 1584 691 1670 Aegyptios
712 1584 774 1650 sibi
796 1602 866 1649 esse
889 1582 1088 1648 foederatos:
1118 1580 1235 1646 deinde
1265 1603 1338 1665 per·
1390 1580 1504 1646 modus
1534 1580 1737 1648 exsultandi:
1772 1579 2046 1663 quemadmodum
2072 1581 2223 1649 videmus
2244 1585 2366 1651 Isaianr

365 1671 454 1737 euasi
476 1680 588 1735 esseut
604 1669 777 1747 Moabitas,
799 1679 834 1734 et
851 1667 977 1754 Tyrios,
1000 1675 1034 1732 at
1057 1665 1180 1754 Syrios,
1204 1678 1237 1734 et
1258 1667 1339 1734 alios
1390 1668 1546 1750 conqueri
1568 1666 1609 1732 de
1627 1667 1685 1732 tali
1706 1667 1850 1744 lascivia,
1872 1687 1973 1746 quum
1993 1665 2149 1744 dicerent,
2172 1669 2366 1753 Epulemur,

365 1777 480 1823 omnes
501 1765 642 1822 tractum
665 1755 705 1820 iri
728 1757 761 1819 in
785 1753 860 1822 belli
882 1754 1080 1833 societatem,
1111 1753 1190 1819 hino
1217 1755 1338 1820 securi·
1391 1773 1463 1820 crae
1492 1753 1688 1819 moriemur:
1722 1750 1849 1832 deinde,
1873 1751 1999 1818 Vooavi
2023 1773 2080 1819 voe
2109 1753 2150 1818 ad
2174 1775 2302 1822 saeuum
2331 1771 2368 1823 et

365 1852 424 1922 tas,
457 1861 522 1924 qua
550 1839 777 1908 refellebant.
821 1841 914 1906 Haeo
946 1840 1055 1922 itaque
1087 1841 1170 1905 ratio
1203 1845 1253 1905 est
1280 1859 1339 1905 eur
1390 1839 1549 1904 sinerem:
1573 1860 1630 1905 voa
1654 1847 1764 1904 autem
1786 1837 1827 1902 ad
1850 1837 2012 1919 citharam
2035 1847 2069 1904 et
2091 1838 2133 1904 ad
2155 1840 2270 1924 epulas
2290 1863 2368 1926 pro·

363 1927 527 2011 propheta
544 1927 664 1993 diserta
683 1925 826 1992 minetur
843 1927 940 1991 etiam
960 1925 1123 2010 gentibus,
1145 1945 1228 2008 quae
1245 1933 1340 1990 erant
1392 1923 1467 1990 lecti
1493 1925 1581 1991 estis.
1627 1923 1740 2005 Quum
1770 1944 1848 2007 ergo
1878 1923 2039 2006 propheta
2069 1925 2123 1990 hio
2152 1926 2189 1993 dc
2215 1947 2284 1994 uoce
2304 1929 2367 1994 loe-

364 2033 423 2097 per
446 2021 553 2078 totum
575 2011 757 2089 circuitum,
780 2033 846 2076 non
867 2019 935 2075 tam
957 2011 1089 2076 illarum
1111 2030 1218 2087 cansa,
1241 2031 1338 2092 quam
1390 2011 1481 2077 titios
1502 2015 1530 2076 ct
1548 2011 1671 2094 paud-ii,
1699 2011 1739 2076 dc
1759 2009 1893 2091 strepitu
1913 2010 2079 2092 molamus,
2108 2013 2146 2077 da
2166 2012 2368 2096 lampadibus

365 2107 402 2164 ut
418 2098 534 2165 ludaei
555 2097 695 2164 astulta
715 2096 773 2162 illa
794 2096 992 2163 confidentia
1014 2096 1217 2162 desisterent.
1248 2096 1340 2162 Dicit
1394 2097 1492 2162 verba
1524 2097 1610 2174 lacit,
1644 2118 1709 2162 non
1738 2095 1872 2161 dubium
1904 2105 1954 2162 est
1983 2098 2062 2179 quin
2091 2096 2158 2164 illis
2191 2101 2369 2182 exprobret

365 2184 457 2250 Deua
477 2205 511 2250 sc
526 2184 707 2266 positurum
728 2188 833 2266 peutm
853 2202 958 2249 omues
978 2203 1044 2249 una
1064 2203 1134 2248 erm
1150 2182 1283 2249 Iudaeis
1304 2184 1339 2248 in
1391 2182 1556 2264 stupidam
1579 2181 1667 2247 illam
1691 2181 1916 2248 securitatem:
1938 2183 2023 2264 quod
2046 2184 2170 2250 scilieet
2192 2186 2275 2250 nihil
2296 2209 2367 2252 me·

364 2275 530 2354 stuporata,
560 2271 596 2336 iu
618 2268 754 2349 sibilum,
776 2273 804 2335 ct
825 2270 985 2334 uestitum
1000 2273 1181 2350 perpetuos.
1226 2268 1338 2352 Signi·
1392 2278 1532 2344 tuerent,
1555 2279 1588 2334 et
1610 2270 1774 2351 lingerent
1795 2287 1830 2333 se
1848 2289 1919 2334 esse
1941 2278 2035 2334 extra
2058 2290 2154 2335 omne
2177 2273 2368 2354 perieulum,

366 2359 442 2422 ficet
464 2354 663 2422 horrendam
685 2355 753 2421 iore
775 2353 911 2431 cladem,
941 2376 1023 2436 quae
1045 2356 1198 2420 attonitos
1223 2353 1340 2419 reddat
1390 2374 1492 2437 quum
1511 2362 1621 2419 tamen
1640 2352 1732 2419 Deua
1749 2350 1845 2438 'qussi
1862 2361 1992 2420 exserta
2009 2375 2107 2422 manu
2126 2378 2161 2422 se
2180 2359 2368 2424 ostenderet

365 2442 433 2508 solo
468 2463 599 2506 rumore
632 2442 817 2524 quicunque
850 2440 1029 2506 audierint:
1067 2439 1337 2522 quemadmodum
1390 2442 1536 2521 ipsorum
1561 2438 1733 2506 vindicem.
1778 2437 1946 2522 Sequitur,

365 2527 444 2594 alibi
466 2526 594 2602 dicitur,
624 2524 723 2594 Solus
745 2527 878 2591 auditus
898 2526 1053 2592 excitabit
1074 2525 1259 2591 fremitum:
1292 2527 1339 2590 ita

364 2612 529 2691 hocloco,
562 2611 686 2678 Portam
709 2612 785 2678 illas
805 2612 841 2676 iu
861 2616 1026 2694 stupescas.
1072 2609 1109 2678 Si
1131 2630 1195 2693 que
1216 2611 1341 2676 medio·
1480 2612 1530 2676 11.
1559 2609 1604 2676 Et
1625 2611 1685 2676 erit
1713 2613 1775 2676 tola
1801 2616 1888 2676 terro
1915 2609 1989 2678 darc
2010 2614 2045 2678 iu
2066 2615 2251 2699 varmum,
2281 2617 2368 2681 etia

364 2698 430 2764 orie
452 2697 623 2764 calamitas
643 2697 736 2764 nobis
763 2709 925 2772 narratur,
956 2717 1125 2762 movemur
1147 2695 1277 2779 quidam
1298 2695 1340 2762 ad
1391 2703 1556 2779 stuporem,
1586 2701 1614 2762 et
1634 2696 1900 2780 :auersere
1926 2696 1986 2763 huc
2008 2699 2075 2783 rapi
2097 2699 2271 2784 Babylonis
2298 2723 2369 2784 aep-

365 2783 639 2851 misen'oordiam:
679 2804 795 2850 verum
831 2785 859 2848 si
892 2782 990 2849 fidem
1026 2794 1159 2866 superat
1194 2783 1340 2868 gravitas
1391 2783 1534 2866 tuapiutn
1555 2783 1659 2848 onum.

364 2869 453 2950 mali,
477 2881 555 2935 tuno
577 2890 750 2935 manemus
772 2869 865 2952 qnasi
887 2868 1019 2952 stupidi,
1042 2874 1076 2934 et
1092 2889 1207 2935 sensus
1226 2889 1341 2935 omnes

365 2957 469 3022 nostri
492 2964 703 3023 evanescunt.
748 2954 924 3041 Significat
951 2955 1054 3038 igitur
1075 2954 1244 3038 prophete,
1274 2955 1340 3020 ola·
1477 2954 1544 3018 Hie
1566 2953 1725 3038 propheta
1747 2954 1985 3021 restrictionem
2013 2955 2105 3022 illam
2136 2957 2295 3043 adiungit,
2326 2955 2368 3024 de

366 3042 441 3108 dem
463 3061 562 3123 quam
584 3040 676 3107 Deus
705 3040 835 3125 infliget
857 3040 988 3108 Iudaeis
1016 3040 1086 3106 iore
1115 3042 1207 3124 quasi
1229 3039 1339 3124 prodi·
1392 3060 1457 3122 qua
1479 3060 1586 3122 nuper
1608 3039 1690 3119 dixi,
1719 3043 1753 3104 et
1774 3041 1821 3105 ita
1844 3041 1973 3126 mitigat
1994 3062 2117 3124 poenae
2146 3045 2367 3127 asperitatem,

366 3127 473 3210 gium,
505 3125 590 3209 qnod
621 3126 856 3208 obstupefaciat
884 3147 998 3192 omnes
1026 3126 1083 3209 qui
1105 3126 1250 3193 audient.
1295 3127 1341 3192 ut
1393 3133 1427 3192 et
1454 3124 1528 3191 ideo
1557 3132 1607 3192 est
1639 3126 1734 3208 quasi
1766 3127 1891 3209 species
1924 3127 2146 3211 correctionis,
2181 3151 2246 3194 non
2280 3129 2368 3213 qnod

365 3210 498 3277 tandem
517 3209 619 3290 addit,
639 3212 800 3278 redimes
814 3217 992 3294 perpaucos.
1025 3211 1101 3277 Mlti
1126 3212 1194 3278 abit
1212 3210 1340 3294 quidam
1393 3210 1570 3294 quidquem
1594 3219 1709 3290 mutet,
1731 3210 1790 3277 sed
1811 3221 1938 3278 tantum
1961 3215 2174 3297 posmodum
2197 3217 2368 3282 comestio·

366 3295 519 3364 duritiem
542 3295 641 3362 huius
663 3297 844 3362 sententiae
867 3296 963 3380 paulo
986 3305 1068 3378 poet,
1091 3234 1146 3362 uhi
1167 3301 1342 3448 restringet
1393 3297 1446 3363 nis
1474 3297 1612 3380 exponit
1643 3297 1721 3381 quid
1755 3305 1830 3364 anta
1859 3297 2075 3366 intellexisset
2108 3322 2166 3384 per
2196 3303 2369 3368 vastitates

365 3381 431 3448 Dei
448 3380 629 3447 vindictam
648 3379 690 3445 ad
708 3401 812 3449 annos
832 3381 1056 3466 septuaginta:
1078 3383 1135 3449 sed
1154 3384 1208 3448 hic
1225 3404 1278 3449 mo
1302 3405 1341 3450 ns
1392 3383 1523 3460 saeculi,
1547 3383 1599 3449 vel
1619 3393 1803 3468 perpetuas.
1840 3385 1930 3468 Ergo
1951 3382 2037 3465 dicit,
2061 3385 2105 3452 a:
2121 3387 2181 3452 crit
2200 3391 2263 3452 tota
2283 3393 2370 3454 terra

365 3466 520 3551 loquendi
545 3467 642 3532 etiam
666 3466 836 3534 familiaria
859 3477 908 3534 est
930 3468 1110 3551 scripturis.
1155 3467 1342 3552 opponitur
1392 3467 1470 3535 haee
1491 3470 1528 3534 iu
1550 3470 1725 3536 costitutus
1748 3475 1776 3534 et
1796 3470 1832 3536 iu
1852 3475 2025 3552 stupeam
2057 3472 2113 3537 elii
2137 3481 2288 3552 vertunt,
2323 3473 2369 3538 ut

366 3556 454 3620 enim
477 3537 555 3631 nhltt
578 3552 731 3619 brevitati
759 3553 931 3637 temporis:
963 3574 1041 3618 nam
1063 3554 1156 3620 varie
1184 3554 1342 3638 aooipitnr
1393 3553 1635 3621 desolationem.
1679 3555 1765 3620 Nam
1793 3567 1871 3624 nutv
1900 3557 2063 3640 significat
2089 3568 2231 3636 vastare,
2265 3558 2369 3643 signi·

365 3660 425 3723 pro
453 3639 702 3706 circumstantia
734 3639 880 3706 locorum
913 3638 993 3707 haee
1026 3639 1142 3708 dictio:
1176 3639 1340 3707 interdum
1394 3641 1469 3705 fioat
1491 3649 1524 3704 et
1545 3640 1805 3724 obstupefacere:
1836 3641 1893 3708 aad
1923 3642 1999 3725 quia
2029 3663 2136 3727 nuper
2164 3644 2226 3710 hoo
2249 3665 2370 3710 nomen

366 3729 500 3791 notatur
532 3725 752 3808 perpetuitas,
794 3723 1065 3808 quemadmodum
1103 3746 1203 3809 quum
1237 3748 1342 3811 nuper
1393 3727 1503 3810 posuit
1521 3748 1579 3809 pro
1596 3734 1737 3808 stupore,
1762 3746 1829 3792 nou
1849 3727 1943 3793 video
1961 3749 2020 3794 cur
2038 3737 2206 3796 mutemus
2227 3751 2371 3810 sensum,

366 3807 495 3877 dicebat
521 3812 693 3894 propheta,
726 3810 759 3876 A
779 3812 902 3878 camah
930 3833 1028 3895 usque
1047 3813 1084 3878 iu
1104 3814 1273 3897 sarmium,
1307 3813 1341 3879 id
1394 3812 1459 3878 nisi
1490 3813 1567 3895 quia
1595 3813 1808 3897 coniungitur
1837 3833 1911 3880 oum
1939 3827 2039 3881 uhtu.
2086 3813 2184 3896 Quod
2213 3816 2254 3880 ad
2277 3837 2370 3881 snm-

366 3903 425 3977 est,
444 3916 502 3979 per
524 3897 694 3964 continuas
717 3905 850 3977 aetates,
873 3897 925 3961 vel
947 3917 1006 3980 per
1029 3899 1146 3964 seriem
1169 3921 1342 3981 annorum,
1393 3917 1480 3963 mam
1504 3897 1559 3979 rei,
1589 3920 1657 3963 nou
1679 3897 1821 3964 multum
1850 3899 1997 3982 interest,
2027 3901 2113 3984 quod
2144 3909 2232 3966 terra
2256 3903 2371 3968 futura

364 4003 449 4065 quae
467 3991 623 4066 perpetuo
641 3983 788 4050 durabit:
809 3982 868 4049 sed
885 3983 1060 4064 saeculum,
1078 3985 1132 4050 val
1150 3972 1342 4069 nitu-saepe
1393 3985 1492 4051 sitin
1515 3985 1718 4064 vastitatem,
1747 3985 1799 4050 vel
1822 3985 1856 4049 in
1879 3993 2064 4069 stuporem:
2096 3988 2174 4069 quia
2203 3988 2267 4052 orit
2292 3987 2370 4052 soli·

365 4067 525 4152 aooipitnr
547 4087 606 4150 pro
627 4073 715 4134 statu
738 4067 852 4154 populi
873 4086 976 4149 usque
998 4068 1040 4134 ad
1061 4067 1186 4137 Ohristi
1217 4071 1341 4138 adven·
1394 4071 1486 4149 laria,
1516 4071 1593 4153 quia
1620 4069 1684 4134 erit
1711 4070 1841 4137 redacta
1870 4071 1906 4134 in
1928 4070 2160 4137 desolationem
2184 4074 2235 4139 vel
2258 4072 2369 4138 deser-

366 4166 457 4218 tum:
498 4152 673 4236 aliquando
713 4156 877 4236 significat
917 4153 1111 4237 simpliciter
1149 4156 1340 4224 diuturnum
1395 4167 1474 4222 tum.
1520 4155 1564 4222 nt
1584 4157 1718 4223 amau
1743 4161 1846 4240 peotes
1866 4155 1924 4222 doe
1952 4158 2022 4241 rupi
2043 4156 2218 4242 Babylonis
2245 4163 2372 4241 semea·

366 4247 512 4322 tempus,
546 4239 819 4322 quemadmodum
848 4239 910 4307 hoo
932 4239 1001 4306 loeo
1023 4252 1055 4306 et
1077 4241 1150 4308 aliis
1183 4243 1340 4326 pluribus.
1390 4243 1481 4327 pisato
1502 4244 1607 4308 utrum.
1650 4243 1716 4308 Hie
1737 4241 1863 4307 clandit
1884 4242 2045 4325 propheta
2068 4245 2257 4310 vaticinium
2287 4245 2371 4310 illud

366 4321 535 4408 Sequitur,
1394 4327 1569 4394 defutura
1592 4327 1702 4412 populi
1724 4327 1825 4406 clade,
1858 4329 1943 4411 quod
1971 4329 2095 4396 soiliaet
2123 4333 2269 4395 terrain
2292 4330 2370 4396 soli·

1394 4412 1541 4479 tudinem
1566 4413 1744 4499 redigenda
1765 4419 1860 4494 esset,
1882 4424 1920 4479 ut
1943 4416 2102 4482 attonitos
2124 4415 2275 4482 redderet
2297 4416 2371 4499 qui·

454 4495 504 4560 10.
537 4491 582 4560 Et
609 4497 748 4563 transire
778 4496 899 4577 faciam
927 4496 1082 4583 (honest,
1113 4498 1274 4584 auferam)
1302 4501 1342 4566 ab
1394 4520 1522 4583 cunque
1543 4521 1600 4584 per
1622 4520 1695 4565 eam
1717 4502 1911 4580 transirent,
1940 4499 1992 4567 vel
2015 4510 2102 4568 esset
2131 4503 2225 4584 quasi
2255 4503 2370 4567 lormi-

366 4580 571 4661 spretorem
596 4583 719 4664 paudii,
749 4587 899 4648 eumen
921 4584 1066 4667 loahtioc,
1096 4603 1195 4650 uocem
1223 4588 1341 4669 motui,
1395 4585 1501 4653 debile
1531 4585 1753 4670 spectaculum
1782 4586 1824 4651 ob
1854 4585 1945 4652 illam
1975 4583 2222 4654 desolationem.
2272 4586 2370 4669 Quod

367 4671 515 4732 domurn
537 4685 682 4749 sponsae,
710 4688 812 4734 comm
840 4669 999 4734 nuaram
1026 4667 1072 4756 (id
1096 4679 1146 4736 est
1167 4671 1341 4753 strepitum
1395 4681 1505 4738 autem
1524 4671 1715 4756 praeligitur
1733 4692 1888 4739 numerus
1906 4684 2066 4740 annorum
2082 4673 2125 4739 70
2142 4674 2368 4740 testimonium

367 4749 543 4835 molarum)
564 4755 594 4817 ct
614 4751 718 4819 hmeu
741 4755 894 4820 lucanae.
1395 4769 1447 4824 est
1476 4768 1631 4842 paternae
1660 4756 1724 4823 Dei
1758 4757 1951 4825 clementiae
1981 4779 2061 4843 erga
2092 4760 2267 4843 populum,
2301 4780 2369 4823 non

1395 4844 1578 4926 promiscue
1606 4864 1685 4927 erga
1715 4851 1817 4909 totam
1846 4843 2104 4925 multitudinem,
2136 4846 2194 4911 sed
2214 4846 2369 4929 reliquias

452 4921 519 4988 Hie
540 4924 712 4989 confirmat
735 4923 819 5006 quod
842 4944 949 5006 nuper
967 4923 1047 5004 dixi,
1071 4947 1186 5010 nempe
1204 4925 1342 4994 Iudaeos
1394 4930 1575 5012 dequibus
1603 4928 1681 4995 alibi
1704 4929 1828 4994 dietum
1851 4939 1910 4996 est.
1954 4929 2132 5014 Significat
2162 4932 2265 5016 igitur
2295 4951 2367 5015 pro·

368 5029 433 5074 non
457 5007 587 5093 vulgari
610 5007 706 5074 modo
727 5009 941 5094 castigandos,
964 5011 1022 5076 sed
1041 5031 1175 5093 prorsus
1196 5013 1342 5097 affligen-
1393 5016 1502 5099 pheta,
1534 5014 1715 5097 quamlibet
1745 5015 1891 5098 graviter
1920 5016 2126 5098 peccaverint
2154 5016 2288 5102 Iudaei,
2317 5025 2368 5080 ts·

369 5093 436 5159 dos.
466 5094 552 5159 Nam
571 5096 722 5177 quamvis
740 5115 806 5160 non
824 5096 936 5161 omnia
953 5114 1107 5179 prospere
1126 5099 1220 5165 nobis
1238 5101 1343 5166 fluant
1394 5121 1469 5166 men
1498 5099 1606 5167 Deum
1640 5121 1706 5166 non
1740 5102 1803 5167 nisi
1837 5103 2031 5184 temporales
2064 5124 2187 5187 poenas
2220 5103 2260 5169 de
2288 5102 2368 5186 ipsis

367 5187 401 5244 et
422 5199 464 5244 ex
488 5190 573 5259 voto,
606 5180 813 5247 celebrantur
843 5191 953 5247 tamen
986 5183 1134 5264 nuptiae,
1167 5195 1201 5250 et
1230 5193 1343 5251 manet
1394 5193 1621 5271 sumpturum,
1655 5186 1732 5270 quia
1763 5195 1838 5268 post
1872 5187 1914 5251 70
1947 5209 2069 5272 annos,
2102 5195 2141 5254 ut
2173 5189 2368 5266 videbimus,

369 5263 477 5348 aliqua
506 5265 655 5334 hilaritas
678 5267 713 5332 in
736 5267 937 5334 hominibus:
971 5269 1146 5349 epulantur
1167 5272 1275 5346 simul,
1309 5278 1342 5336 et
1394 5271 1527 5338 reduoet
1563 5294 1618 5339 eos
1653 5274 1688 5337 in
1722 5273 1878 5353 patriam,
1917 5278 1951 5336 et
1983 5275 2136 5340 restituet
2171 5275 2258 5357 qnod
2294 5296 2366 5358 par·

369 5350 522 5416 trauntur
544 5350 642 5417 huius
664 5353 754 5420 vitae
783 5352 976 5431 commodis,
1010 5353 1107 5418 etiam
1131 5355 1159 5420 si
1180 5377 1199 5420 a
1221 5354 1341 5422 delitiis
1395 5357 1555 5438 diderant,
1584 5377 1702 5440 nempe
1726 5355 1960 5424 habitationem
1984 5364 2091 5426 terrae
2120 5361 2309 5444 promissae,
2337 5372 2369 5425 et
