5158 6124
230 476 294 544 389
931 477 979 542 IN
1001 475 1250 543 multumt.
1295 474 1393 540 ΟΔΡ.
1416 472 1533 540 XXII.
2168 477 2241 552 390

230 670 309 734 fleat
330 685 445 748 rapere
466 665 573 731 aliene
594 663 696 730 bonas
722 663 771 730 ita
791 675 863 749 putu
885 669 936 730 est
957 661 1087 746 proprie
1109 673 1205 744 rapa·
1256 662 1337 727 istas
1359 681 1452 744 reges
1474 659 1633 738 Iehudah,
1663 670 1697 724 et
1719 661 1819 727 duoes
1847 661 1992 744 ipsorum
2023 685 2100 730 oum
2126 670 2238 734 ourri·

230 755 322 822 nitas.
375 752 546 818 Postremo
579 751 727 833 nequitur
758 750 936 848 oppresaim
969 748 1026 847 vel·
1055 747 1204 812 afflietio:
1257 747 1326 814 bna
1357 746 1473 846 'Atqui
1495 746 1615 810 sumus
1646 745 1829 845 probibitos
1858 747 1959 814 fuisse
1988 771 2082 834 reges
2103 753 2144 819 ab
2166 754 2234 822 illis

231 857 402 991 ttttttr
418 836 676 1006 illidii&
691 855 861 1003 tlte
878 834 1206 988 tdttlitttttt
1256 829 1602 998 ttttt‘llltt
1619 851 1691 1015 ii?
1706 843 1762 982 tt
1781 833 2233 1006 tttlttlt‘ttttttl

231 1023 318 1087 ntur
341 1028 408 1073 non
427 1015 513 1074 esset
535 1007 632 1072 litere
650 1006 779 1073 servilis
800 991 897 1075 0522.
931 1003 998 1070 Sed
1017 1025 1081 1069 non
1099 1010 1207 1086 potest
1257 1002 1343 1069 dore
1381 1003 1436 1068 Ita
1457 1003 1555 1068 etiarn
1579 1002 1634 1067 uu
1657 1003 1767 1084 egitur
1789 1003 1829 1068 de
1850 1006 2025 1086 exsequiis,
2048 1027 2115 1073 non
2137 1007 2234 1075 debe·

231 1097 293 1161 bon
315 1105 412 1160 stare.
456 1094 546 1177 Ergo
567 1093 648 1158 satis
669 1091 778 1160 olarns
799 1101 851 1156 est
871 1090 1051 1175 prophetae
1078 1107 1204 1165 sensus,
1258 1109 1330 1154 mus
1357 1088 1463 1173 legem
1486 1095 1631 1154 statuere
1652 1107 1693 1152 ex
1716 1088 1824 1153 verbis
1848 1090 2035 1171 prophetae,
2064 1095 2155 1174 quasi
2183 1096 2234 1161 fas

231 1180 318 1266 qnod
351 1179 481 1244 Ioalrim
519 1185 647 1244 tantam
684 1180 832 1242 intentus
868 1177 913 1241 sit
945 1174 985 1241 ad
1018 1173 1206 1256 oooupanda
1256 1173 1300 1239 sit
1321 1173 1436 1257 lugere
1459 1180 1604 1238 mortuos
1625 1192 1701 1238 oum
1722 1172 1858 1238 ululatu.
1902 1174 1977 1240 Non
2005 1176 2141 1243 dubium
2170 1179 2233 1264 igis

231 1267 370 1332 aliorum
400 1266 502 1330 bone:
536 1263 654 1329 deinde
687 1261 773 1346 quod
805 1261 984 1346 opprimat,
1017 1269 1052 1325 et
1079 1257 1147 1324 affli
1192 1266 1206 1322 t
1257 1265 1313 1323 tur
1334 1265 1385 1324 est
1406 1259 1484 1340 quin
1507 1257 1773 1341 gesticulationes
1794 1258 1887 1340 istae,
1916 1279 1998 1342 quas
2029 1261 2130 1327 refert
2156 1284 2232 1345 pro·

230 1370 441 1436 quosnunque
476 1354 593 1432 potest.
645 1348 759 1429 Quum
791 1359 956 1430 postremo
984 1343 1118 1410 additur
1161 1344 1206 1409 od
1257 1343 1365 1426 pheta,
1386 1344 1509 1410 fuerint
1531 1364 1595 1408 non
1618 1349 1748 1409 tentmn
1771 1343 1910 1426 ineptae,
1936 1345 1993 1410 sed
2016 1348 2117 1412 etiam
2140 1369 2231 1430 pror·

229 1435 423 1522 feriendum)
452 1435 587 1501 verbum
617 1434 756 1499 faoiendi
786 1431 974 1498 extenditur
995 1428 1036 1494 ad
1058 1450 1097 1494 ea
1122 1448 1205 1512 qnae
1255 1451 1313 1494 sus
1345 1429 1554 1495 damnabiles.
1605 1427 1690 1492 Nam
1723 1449 1838 1495 sumus
1871 1451 1967 1514 saepe
1999 1431 2162 1498 ambitioni
2194 1435 2232 1500 in

231 1521 445 1607 praenednnt,
477 1519 564 1603 quod
597 1519 721 1586 soiliost
752 1518 884 1583 Ioalrim
916 1516 1058 1599 epplioet
1090 1535 1204 1580 omnes
1257 1514 1363 1590 luotn,
1396 1526 1430 1580 et
1458 1535 1557 1598 quum
1592 1513 1665 1595 plns
1698 1515 1777 1580 satie
1810 1515 2068 1598 intemperanter
2101 1517 2234 1586 doleant

231 1627 308 1674 suos
324 1627 448 1683 senam,
471 1616 504 1670 et
522 1626 558 1670 se
574 1612 680 1670 totum
698 1612 850 1670 exeroeet
867 1605 901 1667 in
920 1600 1098 1681 malefioiis,
1118 1598 1204 1682 quod
1256 1601 1407 1665 homines
1427 1600 1461 1666 in
1485 1619 1617 1666 suorum
1648 1598 1826 1680 funeribus,
1855 1599 2039 1667 aeoendunt
2067 1623 2102 1667 se
2130 1605 2232 1670 etiam

231 1715 298 1758 non
324 1701 453 1758 tentum
480 1688 643 1773 oonoipiat
670 1691 780 1756 animo
809 1687 1044 1767 eredulitatem,
1073 1695 1106 1751 et
1128 1705 1204 1750 ava·
1257 1683 1491 1768 quodammodo
1519 1685 1560 1754 ad
1589 1683 1723 1765 rabiem,
1753 1686 1808 1751 ubi
1830 1685 1879 1750 ita
1899 1687 2050 1766 alemant,
2082 1708 2121 1754 ae
2144 1691 2233 1754 roei·

230 1779 350 1856 ritiam,
367 1778 424 1842 sed
442 1776 542 1842 etiam
560 1795 659 1858 opere
674 1777 746 1858 ipso
763 1773 926 1858 eompleat
943 1770 1100 1857 quidquid
1118 1768 1205 1854 apud
1257 1772 1418 1837 ferantur:
1451 1769 1567 1837 deinde
1589 1770 1645 1834 ubi
1666 1769 1712 1834 ita
1733 1790 1804 1836 sese
1833 1783 2032 1855 oomponnnt
2061 1771 2103 1838 ed
2130 1777 2233 1840 simn-

231 1884 268 1932 se
288 1863 467 1929 meditatus
488 1870 548 1928 est
594 1859 760 1943 Sequitur,
1257 1857 1411 1922 lationem
1430 1857 1597 1932 moeroris,
1614 1855 1707 1937 quasi
1725 1861 1861 1939 egerent
1878 1857 2021 1922 fabulam
2040 1859 2074 1923 in
2092 1859 2232 1926 theatro.

1258 1940 1325 2007 Sed
1343 1942 1504 2025 propbeta
1521 1942 1574 2007 hio
1592 1942 1652 2006 sim
1677 1940 1782 2006 lioiter
1799 1940 1943 2024 loquitur
1957 1963 1999 2008 ex
2013 1945 2181 2010 oommnni
2198 1957 2234 2011 et

319 2037 371 2101 18.
395 2033 569 2114 Propterea
589 2033 636 2098 aie
656 2031 733 2097 out
754 2029 893 2096 Iebooob
914 2029 957 2094 ad
978 2027 1106 2094 Ioefeim
1129 2024 1205 2124 (vel,
1258 2035 1389 2110 reeepto
1411 2047 1511 2104 more,
1533 2047 1635 2108 quum
1653 1960 1741 2102 itote,
1765 2025 1841 2092 Non
1856 2027 2005 2110 tenebraret
2021 2049 2102 2114 mm,
2125 2051 2234 2113 qnem-

232 2121 281 2201 de,
303 2106 347 2192 brt
369 2121 498 2202 eapitur
519 2138 578 2200 pro
601 2117 651 2196 de,
673 2135 752 2199 ergo
775 2117 815 2181 de
837 2115 980 2194 Ioakim)
1007 2113 1074 2194 filio
1097 2112 1206 2178 Ioetoe
1258 2112 1433 2179 admodum
1462 2113 1536 2178 fieri
1558 2111 1655 2190 solet,
1683 2111 1740 2177 ubi
1769 2112 1853 2178 alius
1883 2115 1986 2180 alium
2015 2116 2234 2198 ampleotitnr,

230 2209 316 2292 regis
336 2203 489 2287 lebudob,
511 2223 576 2268 aon
596 2202 740 2285 fremunt
761 2221 841 2281 eam,
864 2200 955 2266 Heaa
973 2200 1076 2282 frater
1090 2198 1146 2278 mi,
1167 2201 1205 2280 et,
1259 2197 1313 2263 ubi
1343 2217 1436 2264 soror
1463 2197 1556 2275 dioit,
1587 2196 1676 2262 Heae
1700 2197 1803 2279 frater
1829 2199 1884 2282 mi,
1912 2203 1939 2264 et
1963 2199 2065 2281 frater
2091 2202 2234 2268 ebusina

231 2293 310 2359 besee
338 2312 447 2357 soror:
478 2309 543 2355 eoo
571 2287 715 2372 loom
744 2307 824 2370 um,
858 2285 935 2352 ltere
964 2283 1096 2362 mine,
1130 2281 1206 2348 beas
1258 2285 1344 2366 dieit,
1374 2302 1506 2349 osoror
1525 2303 1610 2348 meo:
1638 2282 1811 2361 ouante,
1840 2304 1945 2367 orae,
1974 2285 2030 2350 obi
2056 2291 2102 2352 est
2125 2285 2233 2370 glorio

229 2379 334 2464 yterio
357 2379 435 2443 otoo.
1258 2369 1341 2436 tuo?
1370 2368 1426 2434 ubi
1448 2367 1570 2435 deone?
1598 2365 1653 2433 ubi
1675 2367 1847 2434 diadema?
1878 2368 1935 2434 ubi
1955 2371 2146 2452 seeptrum?
2177 2374 2233 2440 nbi

319 2464 370 2528 19.
402 2461 574 2542 Sepultura
594 2458 683 2524 asiai
703 2458 877 2540 sepelietur,
899 2457 942 2524 ad
963 2453 1207 2537 &admotaet
1258 2453 1400 2522 solium?
1433 2454 1523 2520 Sunt
1548 2454 1650 2538 igitur
1677 2453 1822 2520 insulsae
1855 2453 2120 2538 lamentationes,
2152 2477 2235 2540 quas

223 2548 458 2631 petundum
486 2545 530 2612 od
556 2549 648 2611 mbo
673 2543 716 2609 ed
738 2548 852 2626 portae
883 2540 938 2628 (ad
966 2540 1113 2619 verbam,
1144 2539 1206 2605 boo
1259 2541 1314 2607 bio
1335 2539 1496 2624 prophete
1517 2540 1627 2605 refert.
1672 2537 1740 2604 Sed
1761 2539 1828 2604 iam
1850 2539 1921 2606 dixi
1944 2541 2007 2607 boo
2028 2543 2124 2608 nobis
2144 2545 2235 2609 suffi-

230 2640 290 2712 est,
310 2634 411 2718 longe
431 2638 526 2697 extra
548 2628 671 2714 portae)
694 2627 915 2712 lerosolpmae.
1258 2647 1340 2703 oere,
1367 2625 1452 2708 quod
1476 2627 1547 2691 sine
1570 2624 1804 2708 approbatione
1825 2634 1939 2690 narret
1960 2627 2044 2693 ritus
2065 2628 2147 2708 illos,
2177 2631 2234 2712 qui

1258 2721 1337 2776 tuno
1360 2722 1454 2776 erant
1475 2711 1511 2776 in
1533 2709 1664 2793 vulgari
1686 2730 1757 2775 usu.
1803 2711 1879 2776 Noa
1899 2711 2055 2794 tortum
2077 2735 2155 2798 ergo
2177 2735 2236 2780 rea

317 2803 499 2886 Postquam
520 2801 671 2866 inveotus
693 2807 745 2864 est
765 2799 927 2881 propbeta
954 2796 1109 2863 adversua
1130 2793 1205 2859 Ioa·
1258 2797 1394 2879 lankim,
1425 2805 1459 2861 et
1488 2817 1552 2862 non
1582 2795 1699 2872 dicent,
1732 2794 1796 2862 hoo
1825 2806 1884 2877 est,
1917 2797 1954 2860 in
1984 2797 2131 2864 dueendo
2160 2801 2234 2866 eius

230 2889 310 2968 kim,
333 2910 421 2955 nuno
438 2885 581 2953 ostendit
598 2884 703 2969 qualis
720 2905 795 2949 oum
816 2885 880 2950 Dei
897 2881 1042 2949 vindieta
1059 2887 1204 2946 maneat:
1256 2885 1382 2961 funere,
1412 2880 1504 2948 Heus
1525 2880 1635 2963 frater,
1665 2877 1741 2946 beru
1762 2901 1863 2965 soror,
1894 2880 1971 2947 freae
1990 2883 2126 2968 domine,
2155 2885 2234 2950 beas

231 2975 350 3058 alioqui
381 2973 560 3056 sprevisset
588 2971 849 3056 obiurgationem
880 2967 1113 3052 prophetioam,
1147 2964 1205 3030 sed
1254 2969 1361 3052 glorio
1385 2968 1470 3032 eiua:
1503 2965 1587 3032 nihil
1617 2965 1694 3042 tale,
1727 2965 1842 3048 inquit.
1894 2965 2031 3047 Quare?
2065 2969 2234 3050 sapueras

231 3061 289 3126 ubi
311 3060 404 3125 audit
432 3070 582 3141 paratam
609 3056 672 3122 sibi
692 3076 764 3120 esse
793 3055 879 3121 hano
908 3052 1102 3131 meroedem,
1133 3051 1205 3116 fieri
1257 3053 1342 3119 enim
1367 3053 1455 3119 ouini
1482 3051 1653 3134 sepultura.
1700 3049 1856 3118 Diximus
1878 3053 1997 3118 merito
2020 3053 2082 3118 boo
2103 3057 2234 3122 oenseri

231 3153 429 3297 illelmi?
452 3143 548 3312 tlt
569 3137 1206 3309 tullerit&tttttlttf
1257 3137 1711 3306 {terrueruut
1735 3137 2235 3293 tllttltltttdtttlz

230 3329 352 3400 raptus,
382 3324 419 3380 nt
439 3335 571 3380 omnem
598 3312 773 3394 aequitatis
802 3331 916 3378 euram
946 3309 1103 3386 reiioeret,
1132 3305 1205 3372 ideo
1257 3310 1454 3375 animalibus
1487 3308 1689 3392 distinguere
1721 3308 1784 3375 heo
1805 3317 1892 3385 nota.
1927 3311 2026 3375 etiam
2048 3322 2124 3394 post
2146 3335 2232 3379 mor·

230 3394 1205 3564 uulttulttt‘’atttttrttlttffittmtt
1256 3393 2234 3562 tutttttttttltttttfflltttttttlt

231 3508 465 3638 deotheriae
484 3567 893 3652 mecoenatiana
923 3567 962 3632 de
987 3585 1058 3650 repe
1079 3564 1205 3630 Ioofoim
1256 3567 1426 3650 sepultura
1469 3577 1519 3630 est
1561 3567 1656 3648 quani
1699 3530 1819 3651 pignus
1863 3567 1992 3633 futurae
2038 3569 2232 3634 immortali·

229 3659 296 3738 filio
317 3657 425 3724 Ioniae
444 3658 540 3741 regia.
580 3655 654 3721 Non
678 3664 813 3720 venatur
836 3652 922 3719 filius
944 3651 1050 3717 Iosiee
1073 3650 1203 3717 honoris
1255 3655 1341 3719 tatis.
1398 3651 1509 3732 Quum
1553 3672 1632 3734 ergo
1672 3651 1860 3718 reoonditur
1904 3653 2048 3720 hominis
2092 3655 2234 3723 oedever

230 3764 340 3823 eausa,
368 3743 425 3809 sed
447 3742 501 3809 bie
522 3742 642 3808 aeriter
663 3741 831 3824 pungitur,
865 3737 951 3822 quod
975 3736 1203 3820 degenerasset
1254 3740 1289 3804 in
1325 3749 1429 3818 terra,
1462 3737 1524 3801 bno
1557 3737 1650 3819 qnasi
1682 3735 1853 3820 apeeulum
1885 3747 1936 3804 est
1968 3738 2098 3804 futurae
2133 3741 2232 3808 vitae.

230 3837 385 3895 asanoto
407 3837 499 3911 patre
517 3848 585 3892 sno.
617 3824 683 3892 Sed
702 3825 855 3907 qnoniam
878 3822 1033 3906 sperabat
1051 3822 1202 3903 pietatem
1255 3825 1345 3907 Ergo
1374 3842 1476 3906 quum
1506 3822 1676 3905 sepultura
1704 3823 1747 3887 sit
1775 3821 1998 3888 testimoninm
2027 3826 2164 3908 gratiae,
2199 3835 2234 3892 et

230 3915 336 3980 lasiae
358 3912 418 3978 sibi
442 3914 510 3979 fore
532 3913 626 3995 quani
646 3912 920 3994 integumentum,
948 3906 1023 3973 ideo
1045 3906 1204 3991 propbeta
1255 3908 1380 3975 favoris
1402 3906 1467 3972 Dei
1496 3927 1575 3992 erga
1602 3907 1785 3972 humanum
1816 3929 1930 3991 genus,
1963 3908 2094 3991 signum
2130 3910 2232 3978 male·

230 4000 300 4065 eius
332 3997 566 4065 eonfidentiam
598 3997 725 4061 deridet
755 4015 793 4059 ao
820 3994 948 4060 refellit.
993 3993 1053 4071 Tu,
1087 3993 1203 4074 inquit,
1255 3993 1405 4060 dictionis
1426 4015 1468 4058 ex
1485 3993 1633 4077 opposito
1657 4002 1802 4068 voeatur,
1826 3993 1854 4058 si
1872 3993 2061 4076 sepulerum
2083 4007 2231 4080 negatur.

230 4084 379 4169 gloriaris
412 4093 445 4148 te
478 4104 548 4149 esse
580 4083 685 4147 filium
719 4081 806 4164 regis
838 4080 960 4146 Iosiae:
997 4077 1086 4160 atqui
1119 4078 1203 4143 nihil
1255 4079 1323 4145 Sed
1345 4079 1422 4144 alibi
1444 4080 1542 4144 etiam
1565 4079 1688 4145 dietum
1712 4080 1774 4143 fuit
1801 4078 1998 4160 temporales
2020 4101 2141 4163 poenas
2163 4104 2231 4149 non

231 4169 378 4252 proderit
406 4168 467 4235 tibi
489 4179 621 4234 sanetus
643 4177 744 4250 pater,
773 4163 1034 4250 quandoquidem
1057 4165 1148 4228 visua
1169 4185 1204 4230 es
1256 4165 1373 4231 debere
1405 4185 1534 4247 semper
1563 4165 1601 4264 ad
1626 4185 1792 4230 summum
1825 4164 1967 4247 rigorem
2001 4167 2100 4265 exigi.
2144 4166 2231 4268 iiam

231 4249 1203 4422 trttlffffltttltrtttltttt‘tttttttltt
1254 4249 1858 4417 &tltPttttrttttttdttttt
1876 4249 2122 4418 {illidet
2138 4275 2231 4406 tut

231 4433 397 4509 uteunque
419 4425 519 4489 etiem
541 4423 635 4488 Deus
657 4431 689 4487 te
710 4423 866 4488 extulerit
887 4424 922 4487 in
943 4421 1061 4486 solium
1083 4420 1203 4505 regale,
1255 4420 1388 4486 Psalmo
1405 4419 1446 4486 te
1464 4420 1509 4505 (v.
1525 4421 1560 4504 2)
1583 4420 1667 4502 quod
1689 4421 1835 4502 proiente
1855 4419 1978 4488 fuerint
1993 4423 2155 4490 oadevera
2172 4447 2232 4509 per

231 4516 342 4576 tamen
366 4530 432 4575 non
455 4507 611 4591 estquod
633 4508 776 4574 oonfidas
799 4518 831 4572 te
854 4509 922 4573 fore
951 4507 1097 4582 salvum,
1127 4507 1203 4589 quia
1254 4527 1360 4591 egros,
1383 4506 1469 4588 qnod
1491 4508 1612 4572 fuerint
1633 4507 1781 4589 exposita
1802 4507 1838 4570 in
1857 4527 1963 4574 eseam
1986 4518 2019 4574 et
2036 4509 2148 4576 bestiis
2166 4523 2231 4575 ter·

230 4595 313 4661 haee
334 4595 400 4661 Dei
429 4594 585 4660 benefitia
615 4614 681 4659 non
702 4594 880 4660 obstabunt
908 4591 1081 4676 quominus
1108 4591 1202 4676 igno·
1255 4611 1319 4672 rae,
1349 4599 1383 4657 et
1404 4594 1519 4658 nvibus
1541 4591 1631 4658 ooeli.
1676 4590 1749 4658 Illio
1778 4611 1885 4658 sermo
1914 4592 2053 4660 hebetur
2078 4595 2231 4662 deveris

230 4682 377 4757 miniosa,
405 4689 443 4746 ut
464 4679 584 4764 dignus
606 4700 651 4762 ee,
679 4679 836 4744 tracteris.
881 4678 993 4744 Primo
1016 4674 1104 4753 dioit,
1129 4677 1204 4744 Noa
1255 4688 1288 4742 et
1310 4678 1447 4744 sinueris
1467 4678 1528 4744 Dei
1550 4676 1739 4744 onltoribus.
1774 4675 1840 4744 Sed
1864 4679 1987 4745 enimus
2009 4701 2129 4764 poenas
2151 4690 2232 4746 tem·

230 4765 374 4850 lupebomt
393 4787 473 4850 eon,
496 4765 586 4830 Heus
604 4765 707 4846 frater
727 4765 782 4847 mi,
812 4763 888 4830 beas
909 4782 1008 4830 soror.
1055 4762 1121 4829 Hie
1142 4763 1203 4828 mi·
1255 4763 1383 4844 porales
1416 4784 1511 4847 saepe
1544 4783 1615 4828 esse
1647 4782 1837 4828 eommunes
1868 4775 1902 4829 et
1932 4764 2026 4832 bonis
2059 4775 2092 4832 et
2123 4767 2231 4833 malis.

230 4852 342 4916 mitioe
374 4854 475 4916 refert
507 4848 667 4934 prophete
699 4847 882 4932 lugentium
915 4869 1018 4914 voees.
1072 4847 1204 4914 Seimus
1255 4848 1347 4913 Idem
1376 4849 1478 4932 igitur
1507 4846 1682 4914 dioendnm
1710 4857 1761 4913 est
1784 4849 1823 4914 de
1843 4848 1906 4916 hae
1935 4872 2041 4934 poena
2073 4851 2159 4934 quod
2190 4851 2232 4917 de

229 4936 388 5020 populum
410 4935 504 5001 illum
527 4935 626 5000 fuisse
646 4935 721 5016 plus
742 4935 823 4999 satis
844 4932 1073 5001 vehementem
1093 4934 1128 4998 in
1150 4956 1205 4999 ex·
1254 4934 1340 4998 fame
1362 4944 1396 4998 et
1418 4934 1575 5011 nuditate,
1606 4932 1691 5016 quod
1722 4933 1763 4999 de
1789 4946 1880 5019 peste
1911 4945 1943 5000 et
1970 4936 2065 5004 bello.
2110 4937 2230 5004 Clades

229 5021 401 5104 primendo
424 5020 543 5086 dolore.
586 5020 633 5084 Et
655 5020 717 5086 hoo
739 5018 919 5084 tenendum
941 5029 1007 5100 est,
1035 5019 1111 5102 quia
1132 5019 1203 5102 qui·
1256 5020 1344 5084 urbis
1376 5019 1598 5104 lerosolymae
1632 5019 1695 5084 fuit
1726 5021 1813 5086 iusta
1845 5022 2017 5105 oestigetio
2049 5023 2229 5089 saelorum:

230 5107 307 5171 dam
325 5105 465 5188 eoquod
485 5105 632 5191 persuasi
654 5113 732 5170 sunt
753 5103 1058 5186 nibilapropbetis
1080 5105 1204 5184 referri,
1255 5104 1388 5169 interim
1410 5109 1445 5170 et
1466 5105 1586 5170 Daniel
1609 5114 1643 5170 et
1664 5104 1820 5171 Ieremias
1851 5127 1919 5171 una
1947 5128 2021 5172 eum
2052 5109 2231 5187 seeleratis,

229 5191 315 5274 qnod
339 5212 402 5256 non
426 5193 528 5274 possit
550 5190 639 5255 trahi
661 5192 695 5256 in
718 5188 921 5274 exemplam:
944 5189 991 5254 ita
1012 5190 1204 5255 existimant
1255 5197 1288 5254 et
1316 5189 1426 5271 impiis
1459 5193 1555 5256 traoti
1588 5199 1666 5256 sunt
1698 5192 1734 5253 in
1765 5192 1928 5269 exsilium,
1962 5203 1994 5256 ot
2023 5195 2232 5276 pertulerunt

228 5277 290 5342 hos
312 5277 446 5360 lugendi
470 5275 552 5342 ritus
576 5275 646 5341 Deo
669 5276 810 5358 probari.
856 5273 923 5342 Sed
946 5274 1089 5340 vidimus
1111 5283 1203 5340 ante·
1256 5274 1360 5338 multa
1386 5276 1574 5358 opprobria,
1604 5287 1636 5340 et
1666 5276 1804 5358 denique
1833 5277 1881 5342 sio
1910 5279 2044 5343 fuerunt
2073 5281 2230 5364 permixti

229 5361 292 5429 hae
314 5361 392 5445 quid
415 5361 538 5428 dioeret
559 5361 728 5446 propbeta,
757 5360 1204 5446 Ingredienturperportas
1230 5360 1381 5442 impiis,
1415 5372 1452 5428 ut
1484 5361 1626 5428 eonditio
1659 5382 1771 5427 eornm
1804 5371 1942 5428 externa
1974 5364 2058 5430 nibil
2089 5366 2230 5434 differat

1973 5467 2033 5548 aa·¹
