5158 6124
361 423 425 490 tte
1167 417 1554 485 Pununnoulouus
2300 419 2366 484 444

361 609 448 694 opud
480 631 577 694 quem
610 613 661 673 est
689 609 869 686 somnium,
903 605 955 672 tn
986 607 1130 673 narrabit
1162 607 1335 672 somntnm:
1387 608 1463 673 bere
1484 628 1547 690 quo
1570 607 1737 674 vesneris?
1769 607 1824 674 Sin
1846 608 1945 672 etiem
1967 609 2003 672 in
2027 605 2148 689 templo
2169 625 2267 705 saepe
2288 627 2363 691 per·

360 697 495 774 deiude,
530 693 689 776 Propbetu
721 692 810 774 opud
835 711 925 774 quem
954 696 999 757 est
1025 710 1126 758 nermo
1152 711 1248 775 mens,
1281 691 1334 757 ille
1387 693 1528 757 mixtum
1551 693 1615 758 erit
1638 693 1780 759 tritioum
1805 692 1927 776 pnleee,
1952 692 2029 758 dum
2053 711 2134 773 pure
2154 690 2218 756 Der
2240 693 2364 756 veritus

359 801 528 849 mntem
559 799 661 846 meum
687 779 839 862 perferet:
871 779 962 861 quusi
996 777 1119 843 dineret
1148 778 1239 843 Deus
1273 779 1334 842 hoo
1386 779 1579 862 inquinatur
1606 779 1721 844 multis
1753 779 1956 858 oommeutis,
1986 786 2020 844 et
2043 776 2155 860 previs
2176 777 2362 860 figmentis:

360 889 432 935 esse
461 867 560 932 nimis
593 865 741 947 iniquum
771 873 808 928 ut
835 861 1040 929 mendacium
1066 863 1152 928 viem
1185 864 1334 929 obstruat
1386 863 1442 929 sed
1465 863 1601 942 intereo,
1623 863 1688 929 nisi
1713 885 1770 946 per
1793 883 1852 929 nos
1874 865 2012 941 steterit,
2038 861 2220 947 poterimus
2242 861 2363 928 disoer-

359 953 503 1020 voriteti.
553 950 657 1034 Atqui
692 951 752 1015 hon
782 948 928 1015 nunidem
961 958 999 1012 ut
1032 948 1209 1031 plurimum
1242 949 1333 1030 solet,
1387 969 1465 1013 nere
1487 949 1576 1014 iuter
1599 949 1743 1014 tritioum
1766 959 1798 1013 et
1819 949 1956 1031 pelenm.
1990 948 2086 1030 Quod
2108 950 2136 1014 si
2154 944 2363 1030 negligimus,

360 1037 637 1122 quemadmodum
665 1036 750 1101 dixi:
784 1034 839 1099 ubi
862 1035 949 1098 euim
978 1033 1126 1099 diebolus
1156 1033 1253 1099 hebet
1275 1053 1334 1100 sun
1386 1044 1420 1098 et
1442 1043 1596 1115 putemus
1625 1036 1710 1100 hene
1740 1055 1810 1101 esse
1840 1035 1960 1100 iustum
1993 1034 2238 1101 exeusationem
2272 1053 2364 1116 sper·

360 1124 500 1202 flebello,
523 1121 654 1187 videtur
675 1119 879 1185 obstsoulum
902 1141 960 1184 nos
988 1121 1130 1184 retinere
1153 1141 1195 1184 ne
1216 1141 1332 1203 pergn-
1387 1119 1488 1185 nendi
1511 1121 1602 1186 verbi
1624 1120 1702 1196 Dei,
1737 1121 1891 1203 quonium
1921 1141 1962 1185 ex
1992 1120 2141 1205 opposito
2169 1118 2277 1184 Setun
2310 1120 2364 1182 in-

360 1229 435 1275 mus
456 1208 599 1290 emplius
619 1207 652 1272 iu
676 1207 738 1284 vin,
766 1226 825 1271 nen
847 1225 999 1271 euremus
1021 1205 1179 1287 profluere
1201 1205 1234 1269 iu
1258 1205 1332 1270 doe·
1386 1207 1472 1288 gerit
1494 1225 1571 1270 sune
1599 1205 1753 1283 fullonius,
1784 1225 1955 1288 pereamus
1985 1207 2086 1290 igitur
2107 1206 2142 1270 iu
2165 1204 2223 1269 ille
2251 1218 2364 1270 nostre

360 1295 448 1360 trine
469 1295 607 1378 pietetis.
640 1293 725 1358 Nem
748 1291 900 1373 quisunt
922 1301 1009 1355 rente
1030 1290 1174 1366 enimnti,
1198 1299 1235 1355 ut
1252 1290 1334 1355 dixi·
1386 1291 1529 1374 iguevie,
1560 1289 1833 1372 quemadmodum
1860 1292 1889 1356 si
1912 1293 1986 1373 quis
2008 1312 2076 1357 nou
2099 1291 2255 1374 dignetur
2277 1289 2363 1354 triti·

360 1401 444 1464 mus,
472 1399 572 1464 quum
596 1376 709 1444 vident
732 1379 818 1459 ipsos
840 1374 1015 1458 prophetes
1035 1375 1123 1440 inter
1145 1396 1180 1440 ee
1202 1375 1333 1460 litigure
1386 1395 1460 1442 unm
1495 1375 1632 1461 seligere
1664 1386 1698 1442 et
1725 1377 1885 1443 eoufinere
1919 1375 1980 1440 sibi
2014 1377 2091 1440 iude
2122 1395 2248 1458 penem.
2295 1372 2362 1440 Sed

361 1477 395 1531 et
417 1465 541 1550 iurgsri
564 1473 597 1530 et
617 1473 753 1542 uertere,
781 1461 849 1526 illio
878 1461 1072 1538 subsistunt,
1102 1460 1167 1527 imo
1196 1462 1333 1526 fleetunt
1387 1461 1467 1527 hore
1490 1482 1556 1526 nou
1579 1462 1739 1544 permittit
1761 1462 1857 1545 plure
1879 1461 1997 1527 dicere.

361 1561 451 1616 retro
473 1568 620 1617 eureum:
650 1549 742 1614 Deus
764 1557 874 1612 eutem
897 1547 1050 1612 edmonet
1073 1547 1134 1612 hoo
1157 1547 1254 1613 nimis
1276 1547 1332 1613 eb-

360 1635 498 1702 surdum
519 1656 600 1702 esse.
640 1633 849 1698 Tantundem
872 1633 973 1716 igitur
994 1632 1085 1697 velet
1107 1631 1162 1698 hio
1183 1632 1273 1698 loeus
1295 1653 1333 1698 ee
1471 1632 1625 1698 Vidimus
1656 1631 1737 1706 heri,
1771 1632 1922 1716 quemvis
1955 1630 2256 1715 pseudoprophetes
2288 1643 2360 1696 tsn-

361 1723 390 1788 si
423 1722 560 1798 dioeret,
595 1719 645 1784 Ne
677 1719 859 1802 impedient
891 1719 958 1783 suis
993 1717 1128 1783 fulleeiis
1161 1717 1332 1784 mendenen
1386 1738 1483 1801 quem
1507 1717 1626 1783 fulserii
1649 1725 1862 1801 ont-rumpent
1883 1738 1995 1782 verum
2018 1717 2218 1794 doetriuem,
2251 1727 2362 1780 temen

359 1808 548 1890 prophetes,
582 1805 759 1889 quominus
792 1815 932 1888 pergent
961 1805 1048 1869 servi
1078 1803 1142 1868 Dei
1173 1804 1206 1866 iu
1236 1822 1333 1868 numu
1386 1823 1518 1868 menore
1540 1803 1769 1886 prophetioum
1793 1823 1912 1868 munus
1933 1804 1968 1867 iu
1991 1802 2098 1886 gradu
2120 1823 2188 1880 suo,
2218 1801 2362 1884 nequid

359 1913 429 1970 suo,
451 1899 486 1959 et
506 1911 615 1957 sermo
636 1891 707 1955 eius
731 1899 918 1955 reverenter
940 1887 1101 1954 nudietur.
1136 1889 1207 1952 Nisi
1230 1897 1334 1953 etten·
1385 1909 1426 1952 ex
1444 1889 1514 1953 eius
1536 1889 1601 1953 flde
1622 1888 1773 1954 deusdet:
1797 1888 1870 1953 ideo
1890 1888 2019 1954 dinebet
2036 1888 2194 1954 Ieremias
2216 1886 2363 1952 felleoies

361 1977 469 2043 dimne
491 1976 534 2043 ed
557 1976 619 2042 hoo
639 1975 817 2059 propheten
844 1973 1034 2054 eonsilium,
1066 1973 1198 2058 frigebit
1228 1974 1333 2040 loeus:
1385 1994 1500 2039 omues
1522 1995 1588 2038 nou
1609 1974 1728 2040 debers
1750 1995 1821 2038 esse
1843 1974 2021 2046 obsteoulo,
2051 1975 2225 2056 quominus
2246 1993 2363 2056 perge·

361 2083 458 2146 saepe
481 2064 610 2140 uitetur,
639 2061 696 2127 sed
717 2061 962 2127 eireumstentin
990 2063 1078 2126 nerto
1101 2080 1167 2123 non
1190 2059 1253 2123 luit
1275 2079 1333 2123 no·
1387 2070 1460 2124 rent
1480 2060 1516 2123 iu
1538 2079 1637 2124 eursu
1660 2060 1837 2126 vooutionis
1866 2079 1947 2124 sune
1972 2058 2087 2124 fideles
2110 2060 2173 2124 Dei
2203 2059 2300 2136 serui,
2330 2067 2364 2122 et

362 2157 448 2214 tete:
477 2148 550 2213 ideo
573 2145 748 2213 videndum
779 2156 828 2212 est
854 2165 983 2228 semper
1005 2164 1063 2211 our
1083 2144 1226 2227 quidque
1248 2144 1333 2211 dion·
1386 2167 1428 2210 ue
1449 2144 1523 2228 quis
1545 2145 1719 2226 exeiperst,
1743 2146 1778 2208 in
1802 2144 1898 2210 rebus
1922 2153 1989 2209 tem
2011 2145 2155 2210 ooufusis
2178 2162 2244 2208 nou
2267 2162 2363 2226 posse

361 2243 426 2300 tur.
471 2232 609 2309 Pendet,
638 2236 784 2315 iuquem,
815 2233 896 2298 hoen
921 2231 1086 2296 sententie
1107 2251 1147 2296 ex
1170 2232 1334 2314 superiore
1387 2232 1486 2296 stetui
1509 2230 1586 2313 quid
1609 2229 1799 2313 fugiendum
1822 2231 1874 2306 sit,
1897 2228 1951 2295 vel
1974 2230 2187 2313 sequendum.
2224 2227 2364 2295 Dieebst

361 2327 527 2397 oontextu,
549 2320 687 2384 etDeus
705 2317 881 2401 respondet
898 2317 1090 2401 quaestioni,
1110 2337 1192 2399 quse
1211 2315 1334 2382 moveri
1387 2316 1480 2381 fenile
1502 2316 1677 2382 disorimeu
1699 2336 1770 2381 esse
1791 2317 1878 2380 iuter
1900 2315 2046 2380 tritioum
2071 2326 2105 2381 et
2125 2314 2242 2398 pulses,
2265 2314 2364 2380 modo

360 2409 505 2489 poteret,
536 2403 625 2484 Quid
648 2404 750 2486 igitur
772 2401 863 2468 nobis
886 2402 1059 2487 egendum,
1088 2401 1143 2466 ubi
1166 2401 1335 2467 meudeeie
1388 2401 1537 2467 homiues
1560 2423 1624 2466 non
1647 2411 1764 2484 sponte
1785 2401 1980 2468 renuntient.
2027 2401 2122 2467 Nune
2144 2400 2304 2484 ediuugit,

361 2490 544 2574 oonfligunt
565 2509 642 2554 oum
665 2489 826 2554 veritate?
855 2487 1041 2570 respondet,
1065 2488 1209 2571 inquem‚
1233 2488 1335 2567 Deus,

361 2574 423 2642 huo
440 2573 640 2660 presiudioio
658 2593 725 2638 nou
740 2571 860 2638 debere
876 2575 1009 2655 grnvnri
1026 2593 1208 2638 sermonem
1227 2592 1333 2638 suum:
1472 2573 1525 2638 29.
1555 2573 1672 2638 Annon
1693 2580 1727 2637 nt
1748 2573 1790 2637 sit
1811 2591 1913 2637 emto
1934 2591 2023 2636 menn
2051 2573 2146 2653 quusi
2172 2572 2256 2654 ipsis
2285 2569 2366 2654 (boe

362 2661 457 2744 quasi
489 2658 629 2736 dioeret,
663 2658 715 2724 Ne
747 2657 923 2741 quidquem
957 2658 1127 2741 impediet,
1160 2658 1335 2740 quominus
1387 2667 1446 2737 est,
1476 2679 1585 2724 ennon
1613 2679 1721 2724 sermo
1749 2677 1840 2722 meus
1869 2663 2027 2740 tunquem
2057 2655 2180 2741 ignis)l
2210 2657 2287 2724 dicit
2312 2655 2365 2722 Ie·

384 2745 543 2829 rophotue
564 2746 628 2810 mei
646 2743 811 2810 frontuose
833 2745 978 2820 dooeeut,
1002 2745 1096 2809 iubeo
1113 2745 1199 2827 ipsos
1220 2743 1334 2808 audiri.
1388 2743 1504 2810 soen:
1535 2749 1563 2808 et
1589 2748 1742 2824 tanquam
1772 2741 1904 2809 nullent
1935 2747 2092 2808 neem
2124 2742 2266 2808 emes?
2297 2740 2365 2826 (rel

360 2768 451 2897 llinn
467 2851 546 2916 ergo
567 2828 762 2914 nolligimus‚
784 2830 940 2894 iniurium
958 2829 1065 2895 fenore
1083 2829 1162 2910 Deo,
1184 2829 1239 2912 qui
1258 2828 1335 2894 dum
1388 2828 1528 2914 rupem).

361 2916 522 2983 obliniunt
554 2916 794 2982 oontroversies
829 2914 947 2998 quibus
983 2913 1142 2981 eeinditur
1175 2925 1209 2979 et
1241 2915 1335 2997 quusi

361 3001 523 3069 lnoeretur
546 3001 669 3085 religio,
692 3010 813 3084 putent
836 3003 897 3066 hoo
919 3000 1014 3067 modo
1035 2999 1096 3065 sibi
1118 3000 1251 3067 oouoedi
1274 3001 1335 3064 im·
1473 2999 1655 3066 Confirmet
1687 2998 1775 3082 quod
1805 2998 1892 3064 dixit
1919 2999 1960 3063 de
1983 2998 2077 3082 pelen
2097 3007 2132 3062 et
2153 2999 2272 3077 trition,
2307 2996 2366 3062 sed

362 3087 493 3171 pietatis
516 3086 699 3153 lioentiem:
723 3087 798 3168 quie
814 3106 882 3151 non
902 3085 997 3152 debet
1015 3085 1123 3152 velere
1142 3086 1223 3152 bueo
1241 3085 1335 3163 redo,
1387 3086 1460 3152 eliis
1485 3086 1604 3152 verbis.
1647 3085 1728 3149 Fuit
1749 3093 1827 3170 epte
1849 3084 1906 3150 ille
1928 3083 2119 3164 similitudo,
2149 3103 2250 3167 quum
2273 3083 2366 3148 Iere-

363 3179 402 3237 ut
419 3171 554 3255 deroget
571 3170 674 3238 Setun
694 3191 768 3236 oum
786 3172 936 3237 omnibus
954 3173 1021 3236 suis
1040 3171 1199 3238 ministris
1216 3172 1336 3237 sutori·
1387 3173 1472 3237 mies
1493 3171 1654 3238 eonferret
1676 3190 1859 3236 sermonem
1883 3169 1947 3235 Dei
1980 3169 2097 3246 trition,
2126 3171 2285 3254 figmento
2306 3187 2366 3232 eu·

362 3258 426 3322 teti
447 3256 513 3321 Dei
535 3265 568 3320 et
589 3275 758 3322 servorum
781 3257 861 3321 eius.
907 3255 1070 3336 Quemvis
1096 3277 1177 3339 ergo
1199 3256 1335 3339 pseudo·
1359 3267 1364 3335 Ι
1388 3267 1455 3323 tem
1477 3256 1622 3322 humone
1650 3254 1780 3338 polens:
1814 3255 1872 3320 esd
1902 3256 2055 3338 quonism
2084 3254 2199 3321 Iudeei
2227 3275 2288 3320 sne
2311 3254 2365 3318 in-

363 3342 542 3426 propbetee
558 3361 593 3408 ss
609 3341 792 3422 insinuent,
810 3343 959 3423 quemvis
977 3360 1048 3406 sese
1066 3351 1232 3425 opponent
1249 3343 1336 3406 veris
1388 3342 1590 3428 gretitudiue
1619 3342 1806 3422 effeeereut,
1836 3351 1872 3406 ut
1894 3342 2036 3406 frustum
2066 3361 2133 3405 non
2158 3340 2367 3423 peroipsreut

362 3439 397 3494 et
414 3427 565 3493 fidelibus
582 3425 647 3490 Dei
665 3426 779 3504 servis,
803 3425 1018 3492 nihilomiuus
1040 3427 1178 3504 somnio,
1200 3426 1262 3491 hoo
1276 3435 1335 3503 est,
1388 3451 1429 3495 ex
1452 3427 1552 3492 verbo
1574 3426 1648 3506 Dei,
1680 3447 1800 3510 nempe
1829 3437 1866 3491 ut
1895 3434 1981 3490 esset
2013 3425 2080 3490 illis
2109 3427 2144 3490 in
2173 3425 2367 3490 elimentum

362 3513 582 3579 revelationes
605 3511 812 3594 prophetioee
832 3512 1004 3577 obtineant
1025 3531 1119 3576 suum
1144 3512 1280 3594 poudm,
1309 3516 1338 3576 et
1388 3513 1569 3596 spirituale,
1602 3512 1676 3577 ideo
1706 3512 1785 3577 dinit
1813 3510 1973 3594 prophete
2000 3510 2070 3593 fore
2099 3511 2204 3576 ιἰιιιιι·
2232 3511 2239 3523 “
2281 3509 2367 3575 net

362 3598 451 3680 epod
471 3617 563 3680 wem
579 3601 625 3664 est
640 3615 740 3662 terrun
754 3597 828 3680 Dei,
850 3597 905 3663 ille
921 3597 1067 3679 lnqnntm
1083 3595 1337 3680 senmuemDee',
1388 3600 1491 3664 iretur
1511 3597 1636 3663 rubei.-
1657 3598 1750 3680 quusi
1773 3597 1904 3676 dioeret,
1929 3596 2053 3679 privnri
2075 3595 2206 3678 quidem
2245 3595 2367 3660 udeeos

362 3703 483 3766 nempe
513 3694 549 3748 ut
575 3681 739 3749 sudietur.
791 3683 921 3748 Referri
955 3684 1042 3747 euim
1076 3682 1137 3749 hoe
1170 3682 1266 3747 debet
1295 3682 1336 3747 nd
1389 3684 1518 3759 iudioio,
1551 3683 1703 3764 quonism
1736 3683 1965 3764 obstupuerint
1993 3682 2029 3745 in
2051 3703 2110 3746 sue
2140 3681 2274 3758 melitis,
2307 3679 2367 3745 sed

363 3770 450 3852 ipsos
472 3767 646 3849 auditores,
670 3777 706 3833 ut
723 3787 789 3832 nou
806 3766 967 3834 desistent
985 3769 1026 3833 eb
1043 3767 1228 3834 obedientie
1244 3768 1337 3851 legis,
1388 3769 1525 3834 verbnm
1548 3767 1613 3832 Dei
1635 3777 1747 3833 minen
1770 3787 1835 3833 non
1858 3787 1951 3850 posse
1973 3767 2147 3844 exiueuiri,
2170 3767 2226 3831 rel
2247 3765 2367 3832 seltom

364 3863 530 3937 uteunque
563 3853 668 3920 Setun
700 3861 835 3918 nouetur
867 3852 1014 3935 ipsorum
1047 3853 1146 3918 fidem
1180 3866 1336 3933 evertere,
1389 3854 1461 3920 eius
1480 3854 1659 3919 efflueoiem
1676 3875 1742 3918 non
1760 3874 1855 3936 posse
1875 3853 1956 3931 tolli,
1978 3853 2066 3935 quie.
2085 3862 2123 3917 ut
2143 3851 2223 3917 dieit
2240 3852 2368 3917 Paulus

362 3937 442 4004 dum
464 3940 512 4003 itn
533 3939 706 4005 nonturbet
729 3939 888 4003 unitotem
911 3938 996 4002 fidei.
1039 3939 1159 4005 Postee
1179 3940 1337 4021 sequitur,
1389 3939 1434 4025 (2.
1456 3939 1531 4005 (lor.
1554 3938 1584 4018 2,
1608 3937 1662 4024 lt)
1683 3940 1711 4004 si
1735 3959 1801 4004 nou
1824 3948 1875 4005 est
1895 3936 1975 4003 odor
1997 3939 2086 4002 vites
2108 3938 2143 4002 in
2166 3938 2282 4012 vitem,
2304 3937 2369 4001 ssl-

367 4024 452 4106 Qufd
468 4024 582 4104 palene
604 4024 647 4090 nd
667 4023 831 4089 tritionm?
861 4022 954 4089 Heeo
977 4024 1075 4088 etiem
1097 4024 1219 4090 edditio
1242 4023 1337 4090 vnlde
1389 4039 1456 4090 tem
1478 4033 1528 4091 est
1548 4024 1629 4088 odor
1650 4025 1765 4090 mortis
1787 4024 1821 4088 iu
1845 4033 1981 4089 mortem
2005 4023 2056 4088 his
2078 4023 2134 4105 qui
2156 4032 2310 4107 pereunt:
2332 4033 2368 4088 et

364 4109 429 4174 fuit
446 4108 645 4175 neomenia:
666 4129 743 4174 uum
762 4110 880 4173 iterum
900 4117 1052 4190 poterent
1068 4108 1162 4174 multi
1179 4111 1337 4193 exnipere,
1390 4111 1461 4176 ideo
1483 4112 1582 4176 edum
1605 4111 1692 4174 idem
1714 4109 1882 4193 spostolus
1904 4108 1980 4174 elibi
2004 4107 2048 4194 (2.
2067 4109 2142 4175 Cor.
2164 4108 2214 4187 10,
2230 4107 2265 4192 5)
2287 4107 2368 4173 dinit

365 4215 430 4259 nou
453 4203 627 4277 suppetere
649 4192 816 4270 iudioium,
845 4214 910 4276 quo
931 4194 1152 4259 disoeruereut
1173 4195 1261 4259 iuter
1281 4216 1337 4262 ve·
1392 4195 1567 4261 viudiotem
1597 4216 1668 4261 esse
1689 4196 1724 4258 iu
1747 4215 1847 4260 meuu
1869 4194 1934 4260 Dei
1964 4196 2078 4273 servis,
2110 4193 2191 4276 quie
2219 4193 2367 4275 gledium

364 4299 419 4345 ros
441 4288 475 4344 et
496 4279 594 4345 felsos
620 4279 806 4361 prophetes.
851 4280 943 4344 Deus
970 4277 1025 4343 hio
1053 4279 1242 4360 respondet,
1272 4301 1338 4345 non
1390 4281 1596 4363 spiritnelem
1615 4289 1754 4364 gestent,
1773 4289 1813 4345 ut
1826 4279 1981 4346 deiieieut
1998 4300 2128 4344 omnem
2147 4277 2368 4357 altitudinem,

365 4365 476 4430 miuus
497 4385 568 4430 esse
591 4363 799 4439 dieorlmiuis,
829 4365 951 4447 siquis
980 4373 1106 4429 notente
1137 4365 1338 4447 expenderit,
1390 4385 1474 4447 queo
1507 4385 1577 4431 esee
1614 4365 1710 4430 effert
1742 4375 1856 4432 nontre
1888 4365 2075 4431 Obristum:
2112 4363 2169 4429 sed
2206 4362 2368 4446 adiungit,

365 4451 455 4516 inter
476 4469 589 4515 verum
605 4459 640 4514 et
659 4447 773 4515 lnlsem
792 4447 973 4515 doetriunm
991 4469 1091 4532 quem
1108 4449 1195 4514 inter
1212 4449 1338 4530 peluem
1392 4461 1561 4533 postquem
1594 4451 1729 4533 impletu
1761 4450 1862 4515 fuerit
1889 4453 2017 4534 piorum
2040 4449 2234 4514 obedientie.
2280 4449 2368 4514 Nem

364 4547 399 4602 et
433 4534 588 4601 tritioum.
645 4534 690 4599 Et
723 4535 785 4600 hen
816 4533 1029 4600 similitudine
1064 4533 1206 4600 ostendit
1242 4553 1338 4616 quem
1392 4535 1446 4600 bin
1467 4545 1516 4600 est
1538 4535 1626 4618 prior
1647 4557 1727 4600 usus
1750 4534 1839 4600 verbi
1862 4535 1936 4616 Dei,
1966 4545 1998 4600 et
2019 4535 2113 4618 quusi
2135 4533 2307 4612 usturelie,
2329 4545 2368 4598 ut

366 4620 470 4687 stulte
494 4629 530 4685 et
554 4617 690 4703 indigue
719 4621 817 4684 etiem
845 4619 938 4684 multi
967 4619 1143 4684 detrehnnt
1171 4617 1338 4683 nuteriteti
1390 4620 1530 4686 sulutem
1552 4620 1739 4686 homiuibus
1761 4621 1886 4700 efferet,
1915 4623 1988 4687 ideo
2010 4629 2147 4686 venetur
2169 4619 2276 4684 nibus:
2308 4619 2366 4685 sed

366 4706 450 4790 legis
471 4704 534 4772 hon
555 4712 739 4788 prestextu,
762 4705 915 4788 quonium
938 4704 1033 4769 multi
1055 4705 1122 4768 sint
1145 4703 1217 4768 lnlsi
1239 4703 1337 4768 inter·
1391 4705 1533 4770 vertitur
1565 4706 1712 4786 reprobis
1744 4706 1779 4769 iu
1809 4726 1992 4772 venenum:
2025 4718 2059 4770 et
2086 4705 2167 4772 been
2201 4706 2286 4770 retio
2314 4717 2367 4770 est

366 4805 485 4876 protes.
530 4789 665 4874 Siquis
693 4790 780 4854 euim
812 4788 898 4854 diost
925 4809 961 4854 se
989 4790 1133 4856 tritioum
1166 4788 1340 4872 repudiare
1392 4797 1502 4855 tentes
1535 4789 1745 4855 diversitatis.
1795 4791 1896 4857 Prius
1927 4791 2057 4856 dixerut
2088 4810 2273 4856 sermonem
2302 4790 2368 4856 Dei

365 4877 521 4960 quonium
552 4885 701 4958 opertum
723 4874 767 4938 sit
789 4875 897 4957 pelen,
928 4894 1035 4941 noune
1064 4875 1185 4959 dignus
1212 4873 1339 4955 estqui
1391 4897 1462 4940 esse
1483 4875 1637 4950 triduum,
1667 4877 1745 4957 quin
1773 4877 1898 4942 soilioet
1919 4898 1957 4942 eo
1979 4885 2158 4960 pnseentur
2179 4875 2367 4941 enimenin

366 4971 481 5044 pereet
509 4960 618 5027 ieme?
648 4967 681 5026 et
702 4959 777 5044 quie
798 4961 869 5026 eius
891 4961 1099 5026 miserebitur
1120 4960 1175 5042 qui
1198 4958 1284 5024 diuet
1305 4979 1340 5024 se
1391 4958 1562 5026 eoelestem
1584 4960 1697 5026 vitem.
1730 4961 1804 5026 Hoo
1821 4962 1967 5046 epitheto
1990 4961 2073 5027 nihil
2094 4961 2231 5028 suevius
2252 4962 2366 5042 quseri

368 5047 490 5113 hebere
522 5045 654 5130 quidem
683 5045 719 5110 iu
749 5065 826 5110 eree
856 5045 1016 5124 tritioum,
1049 5043 1108 5110 sed
1139 5045 1339 5126 permixtum
1393 5050 1508 5128 potest.
1552 5044 1649 5110 Nune
1671 5067 1748 5112 vero
1775 5048 1887 5131 ignem
1916 5047 2110 5114 emonem
2130 5065 2198 5112 enee
2219 5067 2364 5130 pronun·

366 5131 489 5215 polone
510 5132 585 5198 ideo
607 5133 715 5200 eibum
738 5151 805 5196 nou
827 5133 1023 5214 suppetere?
1045 5129 1122 5212 quid
1140 5151 1218 5214 ergo
1240 5148 1340 5213 nuge-
1392 5133 1460 5196 tint.
1506 5129 1547 5195 In
1570 5129 1621 5196 his
1643 5131 1885 5216 loquutiouibus
1912 5131 2071 5214 quendum
2104 5142 2156 5197 est
2177 5151 2366 5215 repugnen-

368 5229 430 5296 tor,
459 5236 518 5282 our
544 5237 610 5283 nou
639 5217 797 5284 disoeruis
826 5215 953 5298 peleem
976 5233 995 5279 n
1017 5213 1146 5280 trition?
1181 5228 1216 5281 tu
1239 5214 1341 5299 igitur
1393 5217 1458 5281 tine
1480 5217 1613 5296 speeies.
1657 5217 1783 5284 Verum
1813 5218 2015 5301 distinguere
2043 5227 2170 5300 oportet
2198 5218 2287 5282 inter
2308 5237 2367 5282 eu·

368 5303 475 5369 meris
498 5303 605 5386 perire
627 5302 737 5370 inedie
758 5322 855 5387 quem
878 5319 1018 5386 pungere
1047 5301 1199 5378 tritioum,
1227 5309 1261 5366 et
1282 5300 1340 5366 he·
1393 5300 1523 5366 ditores.
1567 5300 1653 5367 Nem
1678 5305 1736 5384 qui
1757 5302 1893 5368 verbum
1916 5302 1979 5367 Dei
2010 5303 2242 5386 amplexentur
2271 5322 2366 5367 reve·
