5134 6124
206 462 269 526 313
892 459 940 524 IN
963 458 1212 526 IERIIMIAM.
1259 459 1358 526 osP.
1383 459 1514 526 XVIII.
1971 497 1974 502 ·
2142 467 2207 532 314

205 649 318 717 aeribit
340 649 418 734 quid
440 649 614 716 dioendum
637 649 695 726 sit,
723 650 880 730 itaquae
909 647 1009 713 abeo
1032 648 1179 730 prolaeta
1225 669 1288 730 pro
1316 649 1415 730 ipsis:
1447 654 1575 714 conatae
1606 669 1678 715 eam
1710 653 1847 716 evertere
1879 649 1963 716 iram
1992 651 2074 733 Dei,
2104 673 2205 736 quum

205 745 283 803 suut
304 755 433 819 semper
455 734 609 801 habitura
629 732 757 818 pondus
780 753 886 810 suum,
909 751 970 798 neo
992 753 1086 816 posse
1107 735 1177 800 lieri
1231 735 1422 818 supplieiter
1437 754 1489 798 me
1504 736 1710 817 apposuerim
1727 734 1969 818 deprecatorem
1985 757 2045 820 pro
2060 741 2207 822 ipsorum

205 822 320 889 mundi
342 820 590 906 ingratitudine,
620 829 658 884 ut
680 818 857 902 quidquem
881 817 921 884 de
943 817 1007 884 fide
1029 819 1178 886 eoelestis
1231 821 1345 885 salute.
1391 819 1525 901 Quanta
1547 831 1598 885 est
1619 820 1681 886 ista
1704 818 1868 888 barbaries
1890 822 1944 887 vel
1969 823 2205 908 inhumanitas,

206 908 372 976 doetrinae
395 918 520 990 pereat,
547 905 600 973 vel
627 903 805 970 minuatur.
850 905 940 989 Ergo
969 905 1095 986 quoties
1124 904 1177 972 vel
1231 905 1317 988 quod
1340 926 1393 970 me
1416 904 1680 990 persequuntur?
1707 905 1884 973 Caeterum
1901 909 2054 990 quoniam
2075 911 2206 978 videbat

206 1014 266 1063 nos
288 991 440 1059 derident
462 992 564 1075 impii,
588 991 639 1057 vel
662 990 809 1070 eludunt,
833 990 884 1055 vel
907 988 1096 1075 negligunt,
1127 1012 1177 1057 se·
1230 1013 1266 1056 se
1286 991 1409 1057 lrustra
1432 989 1531 1056 verba
1553 993 1714 1058 fauturum
1737 991 1822 1075 apud
1845 992 1973 1078 surdos,
1994 995 2068 1062 ideo
2090 1019 2206 1064 rursus

205 1101 344 1164 quamur
368 1079 547 1162 prophetae
576 1076 782 1159 exemplum:
813 1083 963 1159 petamus
992 1097 1011 1140 a
1041 1075 1113 1142 Deo
1142 1085 1179 1142 ut
1231 1076 1339 1142 Deum
1363 1075 1505 1161 appellat
1529 1085 1644 1144 testem
1667 1098 1745 1144 suae
1775 1079 1989 1164 integritatis:
2021 1081 2204 1164 Recordare,

205 1187 265 1232 nos
288 1165 450 1249 respioiat.
485 1163 557 1241 Hoo
578 1174 688 1228 autem
706 1163 779 1226 lieri
800 1182 866 1226 non
888 1170 1002 1244 potest,
1025 1163 1089 1228 nisi
1111 1165 1178 1226 sin·
1231 1164 1348 1245 inquit,
1369 1162 1450 1244 qaod
1471 1164 1609 1228 steterim
1630 1182 1733 1229 eoram
1759 1162 1841 1246 faeie
1866 1170 1921 1230 tea
1950 1166 1993 1232 ad
2021 1165 2206 1249 ῑοᾳιιειιιιιιιιι

205 1271 279 1317 aero
297 1253 406 1317 animo
423 1249 614 1316 studeamus
632 1247 765 1331 exsequi
783 1245 869 1330 quod
889 1247 982 1312 nobis
1001 1247 1178 1313 mandavit.
1226 1269 1289 1331 pro
1305 1249 1403 1331 ipsis:
1424 1248 1517 1330 quasi
1537 1248 1668 1327 diaeret,
1686 1248 1826 1314 Etiamsi
1845 1250 2032 1335 malignitas
2049 1254 2206 1336 impediat

204 1337 296 1422 Ilrgo
318 1335 516 1402 eonseiantia
531 1355 613 1417 pura
628 1333 752 1416 aperiet
767 1332 861 1400 nobis
882 1333 1024 1410 munem,
1048 1344 1083 1398 ut
1106 1354 1178 1416 poa·
1233 1334 1381 1400 hominos
1414 1354 1457 1399 ne
1489 1346 1625 1400 eernant
1657 1333 1762 1417 qualis
1795 1335 1872 1412 sim,
1911 1348 1943 1401 et
1976 1340 2116 1419 qualiter
2152 1362 2205 1406 me

205 1423 307 1490 aimus
328 1421 491 1506 intrepide
513 1422 622 1486 Deum
645 1431 762 1485 rotare
784 1426 818 1484 et
838 1437 1026 1501 sponsorem
1050 1430 1083 1484 et
1105 1420 1179 1486 rin·
1231 1421 1390 1503 gesserim
1413 1439 1492 1502 erga
1514 1421 1612 1502 ipsos,
1633 1419 1727 1486 Deus
1748 1420 1809 1486 erit
1832 1420 1912 1487 mihi
1934 1425 2077 1506 optimus
2100 1427 2204 1502 testis,

205 1509 319 1590 diuam,
340 1507 469 1592 quoties
491 1505 716 1573 eontemnitur
738 1503 829 1570 labor
851 1513 962 1570 noster
979 1506 1019 1572 ab
1039 1503 1178 1571 homini·
1232 1526 1270 1572 ae
1302 1506 1437 1588 proinde
1473 1513 1647 1572 eontentus
1684 1526 1739 1572 ero
1776 1505 1865 1572 illins
1898 1507 2026 1574 iudioio.
2085 1511 2206 1578 Postea

205 1594 274 1660 bus.
319 1591 471 1661 Seeundo
494 1591 563 1659 loeo
585 1591 739 1675 postulat,
761 1596 795 1655 ut
819 1588 910 1656 Deus
934 1591 1047 1656 audiat
1068 1591 1179 1658 elamo-
1231 1592 1388 1674 sequitur,

203 1700 271 1747 rem
292 1699 398 1746 eorem
419 1679 475 1760 qui
495 1697 564 1746 eam
586 1678 654 1759 ipso
681 1676 814 1760 litigant.
859 1674 956 1742 Unde
984 1675 1178 1760 oolligimus,

204 1766 323 1848 impios
345 1764 425 1830 adeo
448 1761 533 1828 nihil
553 1763 709 1846 profieere
737 1783 796 1828 sua
818 1761 987 1844 superbia,
1015 1769 1051 1827 ut
1072 1763 1178 1846 magis
1316 1761 1368 1827 21.
1401 1760 1571 1846 Propterea
1588 1782 1670 1846 porte
1688 1762 1773 1844 filiae
1794 1783 1901 1828 eoram
1922 1765 1965 1830 ed
1984 1762 2101 1846 famem
2129 1764 2205 1851 (boo

204 1871 241 1915 aa
264 1848 490 1936 magisDeum
514 1859 700 1932 provoeent,
723 1867 824 1930 quum
846 1848 893 1911 ita
915 1867 986 1913 sese
1008 1860 1178 1932 opponunt
1230 1860 1295 1927 eet,
1325 1847 1460 1930 proiiee,
1493 1847 1544 1912 vel
1573 1851 1734 1930 prostitue
1767 1848 1809 1913 ad
1840 1848 1974 1935 famem)
2007 1855 2036 1916 et
2063 1851 2205 1933 diffunde

204 1957 305 2020 purae
326 1937 396 2002 eius
412 1933 588 2012 doetrinae,
610 1942 644 2000 et
665 1933 815 1998 rixantur
833 1933 991 2000 adversus
1013 1933 1085 1999 eius
1107 1954 1177 2016 pro·
1246 1934 1297 1999 val
1320 1932 1468 1998 diffluere
1489 1932 1554 2018 iao)
1584 1953 1635 1998 eoa
1656 1934 1699 2000 ed
1719 1953 1835 2001 manae
1860 1935 1974 2018 gladii,
2004 1940 2032 2000 et
2052 1937 2117 2001 aiat
2135 1958 2204 2003 rau·

203 2023 320 2106 phetas
348 2031 381 2087 et
403 2022 474 2104 pios
507 2020 664 2086 doetores.
708 2016 821 2100 Quum
849 2039 927 2103 ergo
950 2017 1098 2085 videmus
1120 2020 1177 2084 im·
1243 2021 1324 2084 iares
1344 2037 1450 2083 emam
1473 2017 1566 2084 orbae
1584 2023 1612 2083 et
1633 2019 1761 2103 adum,
1791 2025 1819 2085 et
1840 2022 1903 2086 oiri
1924 2040 2033 2086 eoram
2053 2022 2119 2087 etat
2132 2043 2206 2106 per·

203 2109 273 2192 pios
296 2106 378 2173 nihil
400 2105 489 2173 aliud
510 2105 686 2188 oonsequi,
712 2105 777 2170 nisi
809 2112 846 2170 ut
874 2104 957 2170 iram
979 2103 1044 2169 Dei
1071 2105 1178 2190 magis
1229 2106 1316 2171 eaesi
1336 2105 1381 2170 od
1401 2109 1529 2170 moden
1550 2103 1752 2191 (lethaliter),
1780 2107 1905 2172 devertat
1925 2125 2033 2172 eoram
2054 2109 2119 2174 sirit
2133 2129 2207 2191 per·

203 2193 400 2271 aoeendant,
430 2212 468 2259 eo
504 2190 683 2257 animosius
717 2209 853 2274 pergere
888 2211 948 2256 nos
984 2199 1112 2274 oportet
1142 2192 1177 2256 in
1230 2191 1313 2256 atesi
1331 2190 1439 2273 plodio
1460 2191 1496 2256 ire
1511 2190 1640 2271 proelio.

203 2279 323 2345 atheio:
354 2279 431 2361 qnia
458 2277 584 2343 etiamsi
613 2276 654 2342 ad
679 2287 808 2358 tempus
831 2276 960 2360 magula
981 2276 1178 2342 elamoribus

203 2365 390 2448 opprimant
412 2363 476 2429 Dei
499 2365 687 2445 veritatem,
717 2361 879 2426 Dominus
908 2371 1091 2444 oompesoet
1112 2382 1176 2440 eos,
1317 2361 1383 2427 Hie
1406 2359 1536 2427 videtur
1558 2360 1717 2446 propheta
1739 2381 1811 2428 sese
1833 2383 1911 2447 prae
1934 2362 2206 2431 exoandasoentia

203 2461 237 2516 et
258 2451 305 2515 ita
326 2457 518 2532 oompesoet,
541 2458 577 2514 ut
599 2447 727 2514 eluoeat
744 2447 800 2512 illa
821 2446 968 2512 doetriua
987 2468 1070 2530 quae
1089 2469 1177 2514 nuno
1231 2447 1389 2532 preiioere
1422 2445 1463 2512 ad
1496 2447 1764 2529 impreoationes,
1804 2469 1887 2532 quae
1923 2448 2032 2516 absint
2065 2471 2085 2514 a
2116 2462 2206 2517 rento

202 2535 335 2602 iniustis
357 2535 529 2602 ealumniis
551 2534 720 2601 evertitur.
765 2532 885 2598 Postea
905 2531 1064 2617 adiungit,
1231 2533 1369 2599 affeetu:
1404 2533 1482 2614 quia
1515 2534 1642 2600 etiamsi
1675 2533 1822 2600 nondum
1851 2555 1907 2600 ore
1936 2556 1996 2602 suo
2026 2534 2205 2616 protulerat

514 2692 517 2699 ,
1231 2618 1396 2697 Christus,
1426 2617 1624 2700 praeandum
1654 2639 1726 2684 esse
1752 2640 1812 2703 pro
1835 2620 1887 2685 his
1909 2621 1964 2703 qui
1986 2620 2080 2687 nobis
2102 2622 2204 2687 male-

289 2707 341 2772 20.
365 2707 421 2772 Aa
442 2705 589 2772 reddetur
600 2725 662 2787 pro
678 2704 753 2770 tono
769 2703 915 2770 molam?
937 2705 1016 2786 quie
1035 2705 1179 2786 feteant
1231 2703 1359 2771 dieunt:
1390 2711 1502 2769 tamen
1532 2704 1585 2770 lex
1616 2703 1674 2770 illa
1695 2703 1758 2770 Dei
1785 2726 1916 2789 semper
1944 2708 2075 2789 oognite
2102 2708 2205 2774 luite

202 2793 324 2876 foueam
345 2793 471 2859 aniane
491 2811 593 2857 meae:
619 2791 782 2856 reoerdnre
810 2790 892 2871 qaod
920 2790 1053 2856 steterim
1074 2809 1179 2857 emam
1231 2791 1353 2856 sanetis
1380 2790 1537 2872 patribus.
1582 2789 1658 2856 Non
1681 2788 1792 2856 debuit
1821 2793 1922 2875 igitur
1943 2791 2101 2858 Ieremias
2129 2812 2205 2877 par·

202 2877 285 2959 faeie
306 2883 362 2944 tuo
384 2877 632 2959 adloquendum
649 2895 712 2957 pro
731 2876 813 2958 ipsis
830 2875 865 2940 ia
881 2874 1003 2956 borram,
1025 2876 1068 2942 ed
1089 2895 1178 2943 aver·
1202 2841 1206 2976 l
1231 2896 1382 2958 rumpere
1413 2874 1454 2940 ad
1482 2875 1570 2940 diras
1598 2877 1688 2954 istas,
1722 2887 1758 2940 ut
1786 2878 2022 2959 impreoaretur
2051 2876 2204 2943 ultimum

203 2963 326 3030 midam
348 2964 548 3029 ιναιιιιιάιαιιι
569 2967 658 3028 taem
678 2960 719 3028 ab
739 2962 831 3042 epam.
1231 2963 1401 3026 interitum
1428 2960 1497 3026 suis
1524 2960 1680 3038 hostibus,
1710 2963 1861 3044 quamvis
1882 2965 1929 3028 ita
1951 2970 2061 3028 essent
2083 2963 2203 3028 meriti.

1231 3045 1297 3114 Sed
1316 3045 1496 3112 notandum
1515 3054 1573 3129 est,
1597 3065 1661 3110 non
1679 3045 1780 3112 fuisse
1803 3048 1864 3113 nisi
1886 3048 2024 3131 spiritns
2045 3048 2204 3114 instinotu

288 3136 477 3219 Exaggerat
499 3134 561 3202 hoe
583 3154 679 3201 versu
701 3131 862 3216 propheta
890 3134 1014 3198 erimen
1044 3152 1178 3199 snorum
1231 3141 1439 3214 eommotnm,
1462 3141 1499 3197 ut
1516 3132 1563 3197 ita
1580 3131 1831 3200 exeandeseeret
1853 3140 1967 3200 eontra
1989 3132 2100 3200 hostes
2117 3154 2204 3200 snos.

203 3220 365 3287 hostium:
391 3220 467 3305 quia
489 3219 614 3286 soilieet
635 3239 702 3286 non
724 3218 821 3283 modo
843 3217 1000 3284 lerooiant
1022 3216 1178 3285 adversus
1231 3218 1346 3301 Neque
1369 3218 1456 3283 euim
1479 3215 1677 3283 exeuaabilis
1699 3227 1784 3284 esset
1806 3219 1867 3286 hoo
1888 3219 2006 3299 eolore,
2035 3219 2123 3302 qnod
2152 3221 2203 3286 lu·

202 3307 327 3387 Deum,
359 3305 416 3372 sed
447 3306 543 3371 etiam
573 3305 666 3370 obliti
693 3303 907 3369 humanitatis
935 3303 1048 3386 iniqua
1076 3324 1176 3388 eppn·
1231 3327 1287 3370 ror
1307 3304 1367 3368 fiat
1389 3303 1517 3387 saepius
1547 3303 1634 3368 laesa
1663 3304 1839 3386 patientia:
1873 3303 1993 3371 debent
2023 3306 2112 3372 enim
2141 3304 2205 3371 filii

202 3401 304 3478 guent
335 3392 444 3475 ipsum
478 3390 681 3476 prophetam.
725 3389 882 3472 Impietas
913 3389 1045 3471 quidem
1072 3392 1178 3473 magia
1232 3391 1294 3456 Dei
1323 3390 1364 3455 ad
1391 3397 1576 3455 extremum
1605 3408 1708 3472 nsque
1738 3391 1877 3456 tolerare
1910 3411 2024 3457 omnes
2055 3391 2202 3458 iniurias.

205 3486 255 3544 est
273 3477 473 3544 detestabilia
491 3497 589 3560 quem
604 3474 839 3552 inhumanitas,
863 3495 928 3558 qno
946 3473 1069 3542 soilieet
1086 3474 1177 3542 Deus
1231 3474 1309 3555 Sed,
1342 3473 1618 3558 quemadmodum
1652 3475 1716 3540 iam
1747 3473 1832 3555 dixi,
1865 3477 2026 3559 propheta
2053 3475 2107 3542 hle
2136 3487 2217 3540 uon·

202 3564 308 3648 magis
330 3563 460 3628 exeellit
482 3583 582 3645 supra
607 3569 743 3628 eunotos
766 3561 935 3626 mortales:
967 3582 1082 3626 verum
1104 3561 1177 3646 ipae
1230 3569 1353 3627 temere
1372 3559 1549 3644 quidquam
1567 3559 1715 3643 protulit,
1735 3581 1840 3645 neque
1858 3563 1957 3627 etiam
1977 3562 2038 3628 sibi
2056 3561 2205 3646 permisit

202 3649 426 3715 inhumanitas
448 3649 522 3732 plus
544 3649 580 3712 in
602 3667 638 3713 se
665 3647 812 3713 eontinet
838 3645 1068 3730 turpitudinis,
1100 3649 1177 3730 quia
1228 3645 1291 3712 hoo
1320 3645 1372 3712 rel
1404 3645 1486 3710 illud
1517 3657 1646 3728 optare,
1679 3643 1737 3712 sed
1769 3645 1858 3730 quod
1891 3647 2034 3714 dietabat
2066 3648 2204 3731 spiritus

202 3744 253 3800 est
274 3735 430 3811 erassior,
460 3745 498 3800 ut
525 3735 573 3800 ita
601 3734 731 3816 loquar,
761 3740 795 3797 at
823 3732 941 3798 melius
970 3733 1175 3816 perspioitur.
1229 3745 1371 3810 sanotae,
1400 3730 1589 3798 obedienter
1613 3731 1806 3816 promulgat,
1836 3741 1993 3815 tanquam
2015 3731 2110 3798 fidele
2132 3733 2204 3799 eius

201 3818 286 3884 Nam
310 3820 403 3902 impii
424 3841 521 3903 saepe
542 3819 707 3885 ooeultant
720 3838 814 3885 suern
831 3817 1017 3901 perfidiam:
1040 3818 1098 3884 sed
1121 3817 1175 3884 ubi
1228 3839 1399 3902 organum.
1445 3817 1598 3883 Diximus
1626 3816 1714 3898 alibi,
1745 3820 1850 3902 primo
1873 3819 1935 3882 hoo
1963 3816 2203 3884 observandum

202 3904 365 3989 agendum
388 3915 439 3972 eat
465 3926 541 3972 eum
569 3904 773 3982 hominibus,
804 3903 870 3970 illio
899 3903 1010 3970 statim
1039 3912 1175 3986 apparet
1229 3923 1300 3970 esse
1332 3923 1433 3987 quum
1466 3902 1687 3986 impreoamur
1719 3901 1842 3986 aliquid
1877 3901 2009 3969 adversi
2045 3901 2203 3988 reprobis,

202 3991 308 4056 ritene
330 4012 371 4056 an
394 4011 489 4058 seeus
514 4010 574 4056 nes
604 4008 766 4073 geramus.
811 3987 901 4073 Ergo
930 3988 1091 4072 propheta
1118 3990 1176 4054 ubi
1229 4011 1294 4054 non
1318 3988 1480 4074 agendam
1511 4008 1582 4054 esse
1609 3989 1771 4071 privatam
1794 4007 1936 4054 eausam.
1980 3988 2145 4072 Numqui
2168 4009 2204 4054 sa

202 4075 327 4142 detexit
346 4077 548 4159 Impietatem
571 4075 714 4142 hostiurn
737 4094 885 4152 suorum,
907 4093 994 4139 nune
1016 4072 1175 4159 adiungit,
1227 4075 1336 4156 ipsum
1370 4075 1518 4157 respioit,
1551 4093 1681 4157 semper
1714 4074 1894 4158 abripiatur
1927 4075 2030 4141 nimio
2061 4076 2202 4158 impetu:

201 4160 302 4244 Ipsos,
336 4161 462 4228 etiamsi
493 4171 652 4228 rotantur
685 4159 724 4226 ad
759 4159 903 4226 humana
935 4158 1071 4242 iuditia,
1104 4181 1175 4227 esse
1228 4159 1346 4226 deinde
1372 4160 1472 4226 etiam
1495 4161 1522 4226 si
1545 4169 1656 4225 essent
1683 4159 1747 4224 rite
1776 4161 1956 4243 oomposita
1979 4167 2053 4226 voto
2078 4171 2204 4241 nostra,

201 4266 337 4329 proraua
371 4245 610 4322 intolerabiles,
644 4246 797 4330 quoniam
832 4245 957 4312 seilioet
993 4244 1175 4329 rependant
1228 4254 1337 4310 tamen
1371 4245 1432 4312 hoo
1464 4265 1594 4330 semper
1631 4243 1850 4311 damnandum
1884 4258 1949 4329 est,
1987 4247 2015 4312 si
2047 4246 2201 4329 privatim

200 4331 372 4417 indignam
394 4333 577 4399 mereedem
600 4332 726 4398 homini
748 4332 899 4412 innoxio,
927 4331 1039 4415 etqui
1062 4331 1175 4398 sedule
1228 4331 1429 4398 oonsulimns
1451 4331 1572 4398 nostris
1594 4328 1782 4410 eommodis,
1806 4331 1857 4398 vel
1880 4331 2107 4416 persequimur
2127 4351 2202 4416 pro·

201 4427 372 4484 euraverat
393 4425 506 4484 eornm
529 4418 678 4484 salutem.
714 4417 811 4484 Nune
835 4427 991 4483 tenemus·
1002 4417 1175 4484 eonsilium
1227 4417 1316 4500 pries
1344 4416 1491 4483 iniurias.
1536 4417 1609 4482 Hoo
1642 4435 1745 4482 unum
1775 4425 1834 4484 est.
1885 4416 2015 4483 Deinde
2049 4417 2201 4484 aooedere

201 4502 388 4586 prophetae.
422 4502 586 4585 Quamvis
604 4514 713 4569 autem
732 4523 829 4587 saepe
851 4503 1019 4587 eontingat
1040 4502 1174 4586 rependi
1228 4501 1324 4568 debet
1356 4502 1545 4585 prudentia,
1579 4523 1664 4586 quae
1697 4502 1862 4570 diseernat
1894 4504 1983 4569 luter
2015 4503 2136 4570 eleetos
2168 4510 2203 4567 et

201 4589 323 4654 malum
347 4610 405 4672 pro
428 4590 524 4671 bono,
553 4599 587 4654 et
608 4587 811 4673 ingratitudo
839 4589 917 4653 satis
938 4589 982 4654 sit
1003 4608 1175 4655 eommune
1227 4587 1392 4671 reprobos.
1443 4587 1604 4668 Quoniam
1638 4597 1747 4655 autem
1781 4588 1873 4654 Deus
1906 4590 2106 4671 suspendere
2141 4608 2202 4653 nos

201 4674 335 4740 vitium:
365 4684 476 4742 tamen
497 4684 616 4741 natura
643 4676 715 4758 ipsa
744 4674 899 4740 abhorret
928 4674 969 4739 ab
998 4675 1173 4758 ingratitu·
1226 4676 1315 4740 iubet
1338 4673 1502 4752 iudioium,
1523 4681 1560 4740 ut
1577 4681 1666 4740 eerte
1683 4692 1748 4739 non
1768 4692 1943 4757 possumus
1961 4685 2105 4740 statuere
2122 4671 2202 4755 quid

200 4759 294 4826 dine:
317 4760 388 4825 ideo
410 4759 494 4827 dixit
516 4761 579 4839 ille,
603 4759 729 4825 nullam
751 4758 859 4843 legem
875 4760 978 4826 fuisse
994 4760 1092 4826 latum
1117 4759 1170 4826 ad·
1226 4759 1372 4826 futurum
1396 4761 1439 4826 sit
1462 4759 1514 4825 die
1536 4759 1688 4840 erastino,
1715 4758 1790 4824 ideo
1811 4781 1878 4825 non
1900 4759 2056 4826 debemus
2077 4758 2202 4823 imitari

200 4865 317 4913 versus
339 4845 503 4930 ingratos,
534 4847 610 4932 quia
638 4845 762 4912 seilieet
791 4845 873 4911 illud
906 4846 948 4911 sit
971 4847 1076 4912 instar
1096 4867 1171 4930 pro·
1225 4847 1411 4930 promisoue
1445 4845 1525 4910 haee
1557 4844 1747 4926 prophetiae
1777 4854 1862 4926 vota,
1896 4850 1935 4911 nt
1963 4844 2054 4910 Deus
2087 4843 2202 4926 perdat

200 4931 289 5013 digii.
333 4928 445 5012 Quum
468 4933 570 5018 igitur
595 4940 715 4997 natura
744 4929 858 5008 dietat,
889 4930 1025 5015 rependi
1056 4931 1173 4998 debere
1226 4932 1355 5014 impios,
1388 4939 1422 4996 et
1453 4928 1588 5013 dissipet
1621 4931 1720 4995 etiam
1754 4929 1793 4996 de
1822 4930 1939 5015 quibus
1971 4929 2201 5013 desperamus:

199 5016 381 5083 meroedem
404 5015 642 5096 benemeritis,
665 5024 698 5081 at
720 5016 780 5082 hoo
803 5014 1081 5083 debeatomnium
1105 5037 1173 5082 eor·
1225 5019 1310 5100 quia,
1342 5017 1467 5082 utiam
1491 5015 1613 5083 dietum
1637 5029 1700 5096 est,
1731 5016 1893 5083 inoertum
1922 5014 2015 5081 nobis
2043 5025 2094 5080 eat
2122 5013 2201 5098 quid

199 5102 294 5168 dibus
323 5122 395 5168 esse
423 5103 579 5184 infixum,
616 5101 828 5170 ratioeinatur
857 5104 1017 5186 propheta
1047 5104 1087 5168 ab
1115 5102 1172 5168 illo
1226 5103 1393 5169 deoretum
1426 5102 1470 5168 sit
1499 5101 1539 5168 de
1571 5101 1638 5167 illia
1664 5102 1699 5166 in
1727 5102 1825 5168 ooelo.
1869 5100 2021 5182 Denique
2053 5101 2201 5184 quisquis

198 5191 363 5254 eommuni
385 5189 457 5254 iure
479 5198 512 5254 et
534 5211 631 5255 sensu
654 5196 846 5256 eunetorum
869 5189 1067 5254 mortalium.
1104 5189 1170 5272 Aa,
1225 5188 1316 5253 volet
1337 5187 1489 5270 exemplo
1510 5187 1669 5254 Ieremiae
1691 5187 1864 5336 imgrmari
1887 5185 2043 5264 hostibus,
2067 5195 2202 5270 regatur

198 5274 321 5356 inquit,
348 5274 536 5353 rependetur
560 5295 623 5354 pro
645 5274 721 5341 boae
741 5273 887 5340 maleam?
915 5294 991 5339 aura
1017 5275 1171 5355 foderant,
1226 5273 1339 5339 aedem
1369 5274 1502 5357 spiritu,
1537 5273 1731 5357 quemadmo
1755 5294 1811 5338 um
1842 5271 1993 5338 Ohristns
2026 5272 2201 5354 distipulos

199 5359 314 5443 inquit,
335 5360 457 5441 foueam
479 5361 605 5426 animae
625 5381 719 5443 meae,
749 5365 898 5426 ettamen
922 5363 1072 5439 precatae
1100 5379 1171 5424 eam
1225 5381 1301 5427 snos
1323 5357 1485 5426 admonet.
1518 5359 1604 5426 Nam
1628 5359 1780 5442 quoniam
1803 5357 1844 5422 ad
1864 5366 1976 5424 votum
1993 5358 2089 5424 lllliae
2107 5357 2201 5424 Dana
