5118 6136
207 383 272 450 665
523 343 528 358 ’
895 383 944 449 66
966 383 1216 450 mauman.
1262 383 1361 451 666.
1385 385 1517 452 xxxi.
1694 485 1696 489 Α
2147 394 2210 459 666

206 571 349 656 reliquos
377 572 545 638 Israelitas
573 573 608 638 in
635 593 704 638 rem
734 583 954 654 praesentem,
986 592 1090 654 neque
1112 581 1184 635 tan·
1237 573 1323 640 Nam
1347 572 1537 639 Matthaeus
1571 573 1676 638 noluit
1701 574 1878 658 quidquam
1901 576 2073 646 detrahere
2096 603 2137 646 ex
2159 603 2214 648 ve·

207 663 279 723 tum
312 656 377 723 illis
411 657 560 744 depingit
592 657 810 726 calamitatem
843 677 927 740 quae
961 656 1118 740 instabat,
1152 663 1186 722 et
1237 668 1326 725 tusta
1353 657 1507 725 historia:
1537 659 1660 726 sciebat
1688 661 1776 724 enim
1806 681 1870 744 qno
1899 681 1997 729 sensu
2025 663 2214 734 1666666661

207 763 290 826 quae
321 743 387 809 iam
413 744 522 826 aliqua
545 763 586 809 ex
608 754 703 828 66666
725 743 923 827 contigerat:
952 742 1010 809 ssd
1033 743 1186 826 proponit
1238 744 1354 811 6616666
1395 743 1527 812 dietum.
1583 744 1650 810 Sed
1683 753 1812 810 tautum
1845 748 1949 812 661616
1981 769 2114 816 monere
2146 774 2215 819 non

207 839 285 893 ante
312 829 423 896 oculos
454 828 631 895 vindictam
656 830 719 895 Dei
748 848 832 912 quae
860 829 967 895 fuerat
995 830 1128 912 cognita
1149 827 1185 892 in
1238 851 1309 896 esse
1349 849 1480 897 causam
1517 851 1575 896 cur
1607 829 1721 896 Iudaei
1759 844 2015 914 expavescerent
2049 835 2090 901 ad
2123 836 2214 904 illam

206 913 335 981 excidio
356 915 451 1000 regni
472 913 586 992 Israel,
610 934 710 998 quum
733 915 838 997 primo
860 923 1002 997 quatuor
1023 913 1128 979 tribus
1149 913 1183 976 in
1237 915 1380 995 caedem,
1409 917 1485 998 quia
1514 916 1580 981 iam
1608 916 1686 981 olim
1713 915 1770 981 illa
1791 919 1882 1002 regio
1904 921 2010 984 lueret
2033 931 2160 988 6666666
2181 935 2214 990 66

206 999 362 1066 exsilium
392 1001 530 1067 luissent
559 999 729 1076 abductae,
760 998 876 1064 deinde
906 1007 1013 1065 666666
1045 1019 1185 1083 regnum
1237 1002 1352 1067 orbata
1381 1002 1531 1067 omnibus
1559 1002 1626 1067 scis
1652 1001 1775 1082 incolis,
1806 1023 1843 1068 ac
1865 1004 1893 1068 si
1915 1015 2021 1070 mater
2043 1027 2126 1090 quae
2149 1008 2214 1073 ioe-

205 1085 383 1170 pcrditum,
412 1097 445 1151 66
473 1087 571 1153 simul
594 1087 694 1152 etiam
717 1085 869 1168 proponit
890 1085 977 1169 qnod
999 1105 1066 1150 non
1090 1092 1185 1167 puta·
1237 1085 1345 1153 cunda
1373 1087 1491 1166 666666,
1521 1107 1636 1152 omnes
1664 1086 1750 1152 filios
1780 1107 1858 1153 euos
1888 1091 2064 1156 amitteret.
2116 1092 2214 1161 Nunc

207 1171 296 1254 bant,
320 1192 425 1255 neque
448 1171 639 1238 metuebant
660 1170 785 1248 Iudaei,
818 1190 937 1253 nempe
959 1170 1086 1238 cladem
1109 1169 1185 1235 ulti·
1237 1193 1315 1256 ergo
1341 1181 1492 1237 tenemus
1513 1171 1672 1255 quomodo
1694 1173 1734 1238 ad
1757 1194 1853 1238 sunm
1875 1175 2064 1241 institutum
2087 1198 2213 1244 accom-

207 1277 307 1337 mam,
329 1266 362 1322 66
384 1257 553 1322 interitum
576 1260 670 1342 regni
689 1254 850 1332 Iebudab,
874 1270 907 1322 66
929 1265 1063 1321 6666666
1085 1256 1184 1321 66616.
1237 1257 1420 1324 modaverit
1448 1257 1640 1324 Matthaeus
1673 1258 1759 1324 hanc
1792 1261 1989 1326 sententiam
2022 1263 2211 1346 prophetae.

206 1341 299 1409 Dicit
321 1363 409 1428 orgo,
441 1341 495 1408 816
515 1341 593 1409 dicit
612 1341 760 1425 16666616,
790 1340 857 1406 Voe
877 1343 913 1408 ie
934 1341 1052 1408 6666166
1075 1341 1185 1406 audeo
1237 1344 1373 1409 Retinet
1404 1345 1571 1427 proprium
1605 1364 1723 1409 nomen
1753 1343 1896 1423 Ramah,
1931 1352 1966 1410 66
1992 1347 2084 1413 16666
2114 1351 2213 1416 etiam

206 1432 261 1509 eet,
290 1448 400 1510 neapo
427 1429 604 1494 lamentatio
627 1429 720 1508 tietas
745 1428 1007 1494 amaritudinem.
1051 1424 1185 1492 Induoit
1237 1431 1284 1495 ita
1317 1434 1451 1496 vocatus
1482 1428 1563 1493 fuit:
1601 1428 1657 1496 sed
1691 1429 1888 1511 appellative
1920 1431 2029 1515 potius
2060 1435 2212 1514 sumitur,

206 1515 316 1580 Deum
344 1513 539 1597 loquentem,
569 1513 645 1596 quia
672 1512 787 1580 Iudaei
817 1533 1006 1596 quanquam
1034 1512 1186 1579 viderant
1237 1515 1318 1598 quod
1349 1534 1411 1581 coe
1443 1515 1556 1581 666666
1585 1513 1683 1598 fuerit
1711 1515 1746 1580 in
1774 1515 1906 1583 66661666
1940 1517 2212 1601 quemadmodum

206 1600 297 1665 illam
338 1599 537 1665 horrendam
577 1599 824 1682 dissipationem
863 1599 1001 1664 fratrum
1040 1618 1184 1676 suorum,
1238 1601 1309 1666 heri
1350 1600 1504 1680 vidimus,
1546 1600 1586 1666 Iu
1624 1601 1753 1666 excelso
1786 1601 1877 1667 8166.
1932 1602 2069 1669 Bditum
2110 1606 2213 1689 igitur

206 1686 314 1753 securi
343 1695 453 1751 tamen
484 1685 676 1751 manebant:
707 1691 741 1751 et
767 1685 840 1750 ideo
865 1684 1078 1784 conqueritur
1098 1683 1185 1785 61166
1237 1688 1344 1754 locum
1368 1685 1420 1751 hic
1443 1685 1549 1768 posuit
1572 1687 1739 1770 Ieremias,
1769 1686 1844 1769 quia
1865 1686 1973 1754 166666
1995 1689 2051 1754 1116
2071 1711 2212 1775 666666-

206 1769 569 1940 16666666
590 1769 1185 1922 itristittttttltt”tt
1237 1782 1332 1924 itt:
1346 1770 2213 1941 itt:l0titttltttttttttlmilitat:

205 1948 435 2025 consumptam
458 1963 529 2008 esse
543 1943 607 2008 Dei
631 1941 783 2024 vindicte,
807 1941 943 2024 perinde
964 1963 1003 2006 66
1021 1941 1049 2006 61
1065 1942 1183 2024 flagra·
1238 1954 1386 2010 tenemus
1420 1963 1580 2008 summam
1614 1942 1713 2008 huius
1742 1944 1939 2024 sententiae,
1973 1945 2060 2028 quod
2090 1948 2214 2014 66111666

207 2036 259 2094 ret
281 2027 471 2094 incendium
493 2028 584 2093 omui
606 2048 650 2093 ex
672 2036 781 2110 parte:
810 2027 939 2092 interea
960 2026 1066 2092 adhue
1090 2043 1184 2090 vaca·
1237 2030 1327 2113 regio
1349 2047 1432 2112 quae
1454 2027 1618 2112 obtigerat
1639 2027 1716 2093 filiis
1733 2028 1910 2094 Beniamin
1932 2030 2110 2114 redigenda
2127 2044 2213 2099 essct

206 2112 286 2179 bant
307 2113 376 2179 suis
398 2113 529 2191 delitiis,
565 2111 839 2197 quemadmodum
862 2115 960 2178 etiam
983 2111 1049 2176 11116
1071 2131 1185 2193 expro-
1237 2115 1271 2179 in
1302 2112 1519 2193 solitudinem,
1549 2115 1595 2177 ita
1624 2125 1663 2179 ut
1689 2124 1795 2180 mater
1820 2125 1978 2198 tanquam
2000 2116 2115 2182 orbata
2136 2120 2213 2184 filiis

207 2197 281 2264 brat
303 2198 416 2264 Isaiae.
450 2198 543 2264 Haeo
564 2199 667 2282 igitur
689 2200 771 2263 ratio
794 2205 844 2264 est
865 2219 925 2265 cur
940 2196 1032 2263 Deus
1054 2204 1185 2263 senten·
1236 2200 1304 2266 suis
1337 2200 1370 2264 in
1403 2197 1495 2264 luctu
1527 2218 1586 2264 suo
1620 2198 1813 2279 tabesceret,
1854 2201 1930 2282 quia
1968 2202 2051 2267 nihil
2084 2213 2214 2287 poterat

207 2285 289 2349 tiam
307 2285 515 2366 pronuntiet:
538 2285 616 2368 quia
632 2284 798 2369 negotium
816 2293 888 2349 erat
904 2304 978 2350 cum
998 2282 1184 2348 hominibus
1236 2295 1410 2368 suppetere
1443 2284 1551 2350 solatii
1584 2304 1686 2367 quum
1725 2291 1830 2350 totum
1865 2284 1946 2352 illud
1983 2307 2089 2371 genus
2127 2302 2214 2356 esset

207 2390 343 2454 prorsus
371 2369 520 2452 stupidis.
565 2369 655 2453 Ergo
686 2379 723 2434 ut
752 2377 916 2451 torporem
944 2369 1039 2434 illum
1067 2389 1185 2451 exper·
1237 2371 1389 2436 deletum.
1434 2363 1532 2435 Nunc
1557 2371 1707 2452 sequitur
1729 2370 1912 2451 promissio,
1943 2392 2028 2454 quae
2050 2383 2213 2457 temperat

207 2455 347 2540 gelaciat
378 2455 553 2539 propbeta,
586 2455 752 2538 praefatur
785 2455 894 2520 Deum
927 2475 998 2520 esse
1034 2453 1089 2536 qui
1123 2452 1185 2516 hoc
1236 2457 1432 2540 gravitatem
1454 2454 1543 2521 illius
1565 2455 1676 2520 cladis.
1710 2455 1755 2520 Bt
1776 2455 1981 2523 adversative
2002 2458 2069 2543 legi
2092 2459 2210 2525 debent

206 2541 409 2623 pronuntiat.
460 2540 528 2606 Vox
556 2561 634 2624 ergo
663 2540 776 2606 audite
803 2544 847 2605 eat
875 2541 910 2605 iu
938 2539 1057 2604 6666166
1079 2539 1185 2618 lidae:
1237 2542 1301 2607 duo
1326 2543 1382 2607 isti
1404 2561 1529 2619 versus,
1561 2539 1711 2622 96666616
1733 2539 1855 2607 Rachel
1875 2561 1971 2622 666666
1991 2542 2109 2626 lugebit
2127 2545 2212 2626 pilius

206 2624 392 2710 quomodo?
438 2625 564 2704 1166661,
594 2626 708 2709 iuquit
757 2625 960 2692 Existimant
987 2626 1184 2707 interpretes
1235 2647 1311 2694 saus
1331 2626 1452 2692 6611666
1465 2626 1574 2691 habaet
1587 2626 1753 2690 materiam
1767 2625 1931 2694 6616611661
1947 2632 2076 2712 tempas,
2100 2637 2212 2696 666666

207 2713 270 2779 666
303 2711 427 2778 dictum
462 2712 576 2789 fuisse,
609 2710 686 2794 quia
714 2711 840 2776 Rachel
874 2709 1004 2794 sepulta
1036 2717 1122 2775 esset
1148 2709 1183 2772 in
1237 2714 1330 2779 Deus
1357 2713 1460 2792 ipram
1490 2711 1727 2778 consolabitur:
1757 2721 1792 2775 et
1818 2712 1866 2776 ita
1894 2713 2046 2778 hortatur
2072 2713 2212 2781 Iudaeos

207 2795 422 2863 Bethlehem:
452 2797 509 2862 sod
532 2794 758 2885 6616166666,
785 2796 847 2862 hcc
869 2807 928 2875 est,
993 2796 1091 2860 eteris
1113 2794 1184 2859 eius
1236 2798 1396 2881 propheta
1417 2796 1459 2861 ad
1503 2796 1712 2861 oscitantiam
1732 2798 1961 2880 prioreversu,
1984 2799 2212 2866 altercantem

207 2883 370 2966 obtigerat
398 2891 484 2948 sorte
514 2883 605 2967 regio
632 2881 702 2948 illa:
735 2881 818 2948 mihi
846 2883 948 2965 proba
971 2881 1013 2948 ile
1040 2893 1089 2945 est
1118 2901 1183 2944 non
1237 2883 1277 2948 ad
1312 2901 1415 2966 spem.
1465 2819 1620 2964 (16666616
1650 2881 1738 2946 enim
1766 2881 1906 2948 Iudaeos
1936 2885 2141 2966 praemoneri
2171 2887 2212 2952 de

207 2970 370 3051 respicere
409 2969 464 3035 hic
496 2966 689 3052 prophetam
724 2966 764 3032 ad
799 2966 984 3050 sepulcrum
1016 2964 1183 3046 Rachelis,
1237 2967 1387 3033 horribili
1407 2965 1508 3047 clade,
1530 2975 1567 3032 66
1584 2975 1798 3050 agnoscerent
1813 2965 1878 3032 Dei
1894 2969 2070 3035 iudicium:
2092 2969 2211 3037 deinde

208 3054 266 3120 ssd
296 3053 338 3118 66
360 3054 519 3120 sobolem:
550 3055 626 3135 quia
648 3053 737 3137 regio
759 3051 936 3135 illaquam
959 3051 1069 3132 adepti
1091 3063 1184 3115 erant
1209 3037 1212 3125 1
1236 3054 1381 3136 oportuit
1408 3052 1489 3136 erigi
1519 3053 1665 3135 ipsorum
1692 3053 1818 3117 6616666
1841 3052 1969 3121 fiducia.
2014 3055 2111 3122 Nune
2133 3077 2212 3141 ergo

207 3139 263 3222 qui
303 3137 467 3205 ducebant
507 3138 667 3221 originem
710 3136 751 3202 ab
790 3137 860 3202 eius
900 3137 966 3204 filio
1007 3135 1182 3202 Beniamin
1235 3139 1395 3222 propbeta
1422 3138 1511 3203 iubet
1540 3157 1610 3202 esse
1639 3139 1724 3203 bono
1752 3138 1876 3222 animo,
1905 3141 1982 3222 quia
2007 3141 2061 3205 ubi
2083 3141 2210 3208 Rachel

206 3231 338 3290 vastata
367 3233 447 3304 erat,
476 3223 549 3289 ideo
572 3222 752 3289 Racbolem
779 3221 908 3289 inducit
937 3229 1093 3305 tanquam
1116 3242 1183 3285 ma·
1236 3222 1400 3289 61661166
1423 3243 1499 3289 suos
1522 3223 1642 3306 absque
1662 3222 1728 3288 ullo
1746 3222 1861 3288 solatio
1877 3224 2056 3306 defleverit,
2078 3217 2236 3293 6666666

207 3321 293 3376 trem
332 3310 433 3376 totius
472 3308 634 3394 regionis:
675 3317 708 3373 et
744 3318 860 3374 notum
893 3317 960 3385 cst,
1000 3308 1059 3374 sub
1094 3305 1182 3370 tribu
1234 3329 1371 3375 sensura
1403 3308 1446 3374 sit
1478 3307 1544 3373 Dei
1580 3307 1845 3374 misericordiam.
1902 3309 1994 3376 Deus
2028 3331 2106 3396 ergo
2159 3322 2212 3380 666

206 3395 370 3480 Ephraim
391 3393 625 3479 comprehendi
647 3393 728 3460 alias
750 3415 877 3459 novem.
919 3394 1004 3458 Nam
1026 3391 1183 3474 frigidum
1234 3393 1426 3460 diuturnum
1451 3395 1578 3462 luctum
1599 3394 1647 3461 sio
1667 3394 1887 3460 consolabitur
1909 3396 2097 3477 Rachelem,
2158 3419 2211 3465 ro·

207 3490 258 3547 est
285 3492 506 3546 commentum
537 3479 578 3544 de
610 3479 680 3545 loeo
707 3479 905 3562 sepulturae.
958 3477 1077 3545 Recital
1104 3497 1182 3560 ergo
1233 3479 1421 3546 6166666666
1442 3484 1530 3546 166666
1551 3480 1677 3559 afleta:
1699 3478 1941 3546 estdeduetum
1962 3494 2076 3562 6633,
2098 3502 2210 3565 quom-

200 3567 338 3648 perca:
365 3586 461 3648 66666
485 3565 566 3646 filiis
586 3565 658 3631 sais
679 3566 783 3632 666616
803 3565 1048 3645 consolationem,
1076 3581 1184 3643 nempe
1234 3563 1408 3631 admodum
1439 3565 1505 3630 iam
1534 3564 1678 3631 secundo
1704 3565 1773 3632 1666
1801 3579 1958 3650 66666666
1986 3564 2048 3633 666
2077 3586 2210 3650 nomen,

206 3653 284 3734 quio
311 3672 372 3718 aon
399 3656 482 3728 6666,
512 3650 573 3716 1666
600 3662 658 3730 666,
692 3670 756 3715 666
783 3652 891 3732 666616
912 3649 1086 3716 admittere
1107 3669 1181 3714 con·
1233 3652 1412 3718 tcmemotto
1436 3651 1529 3729 rietus
1557 3650 1824 3716 amaritudinum:
1851 3654 1899 3718 sic
1920 3653 2019 3716 etiam
2050 3675 2137 3719 nune
2159 3673 2209 3719 re·

206 3737 418 3803 solationem:
451 3737 562 3802 666666
583 3737 672 3802 enim
695 3746 927 3820 argumentum
949 3756 1047 3820 quum
1077 3734 1183 3799 deleta
1235 3737 1328 3818 petit,
1351 3735 1485 3818 prohibe
1508 3755 1579 3820 erpo
1600 3755 1702 3802 666666
1722 3738 1810 3801 tecm
1830 3757 1852 3801 a
1868 3738 1953 3817 lida,
1981 3738 2042 3804 hoc
2063 3747 2124 3815 est,
2153 3737 2209 3804 de·

207 3833 294 3889 esset
322 3829 420 3906 atque
447 3823 612 3889 exstincta
641 3821 710 3887 eius
738 3823 920 3905 posteritas.
968 3821 1100 3886 (litatur
1130 3818 1183 3883 bic
1235 3823 1324 3887 sinas
1351 3821 1505 3904 conqueri
1535 3832 1569 3887 ct
1593 3819 1746 3887 flebiliter
1770 3821 1884 3905 lugere
1906 3837 2043 3888 mortem
2066 3822 2209 3889 filiorum

206 3908 296 3975 locus
325 3930 345 3975 a
372 3908 543 3974 Matthaeo
572 3907 616 3993 (2,
647 3906 715 3993 16),
749 3908 804 3972 661
838 3914 951 3972 666666
982 3925 1103 3989 666666
1130 3907 1181 3969 16·
1233 3913 1426 3984 lucrumst
1448 3906 1550 3973 ocaioa
1573 3910 1641 3972 tace
1662 3907 1862 3989 6166666616.
1907 3905 2033 3974 Sensus
2055 3919 2112 3988 est,
2142 3929 2210 3974 uon

206 3995 313 4062 iactes
342 3994 711 4060 666166666166616666
733 3991 984 4058 1166661616666
1007 3992 1181 4057 bimatum:
1235 3993 1301 4058 6666
1328 4003 1524 4076 perpetuum
1553 3993 1677 4059 luctum
1706 3993 1871 4058 Rachelis.
1915 3992 2071 4059 Diximus
2099 3992 2210 4061 induci

206 4079 285 4148 dicit
313 4087 393 4148 tunc
420 4081 520 4147 161666
549 4080 721 4162 impletum
751 4079 814 4144 hoc
834 4077 1034 4157 vaticinium,
1065 4096 1182 4158 nempe
1232 4098 1407 4162 personam
1436 4078 1582 4144 mulieris
1609 4087 1773 4143 mortuae:
1803 4077 1860 4143 sed
1889 4079 1951 4145 boc
1974 4089 2079 4144 totum
2101 4079 2210 4146 lacere

206 4166 293 4250 quod
315 4165 443 4233 1666661
470 4167 590 4232 iterum
618 4165 748 4230 fleverit
772 4184 872 4247 super
892 4163 971 4229 filiis
993 4164 1071 4228 suis.
1115 4161 1183 4228 866
1234 4162 1275 4229 66
1304 4163 1509 4247 splenderem
1538 4174 1570 4228 et
1599 4163 1849 4238 vehementiam,
1881 4170 1919 4228 ut
1949 4164 2073 4230 scilicet
2094 4163 2208 4230 Iudaei

204 4251 312 4320 facilis
334 4250 453 4318 solutio
475 4262 533 4329 est,
556 4251 633 4334 quia
649 4251 838 4316 Matthaeus
857 4248 938 4314 nihil
957 4249 1045 4314 alind
1061 4246 1183 4314 intelli·
1234 4251 1326 4334 quasi
1347 4250 1381 4315 in
1402 4270 1472 4315 rem
1490 4258 1696 4332 praesentem
1714 4248 1844 4313 adducti
1863 4250 1967 4332 magis
1986 4249 2208 4317 afficerentur.

206 4339 268 4422 git,
309 4359 408 4421 quam
447 4336 535 4401 idem
569 4335 724 4403 accidisse
756 4335 902 4402 adventu
936 4334 1064 4401 Christi
1097 4332 1183 4417 quod
1235 4335 1301 4400 Sed
1328 4335 1357 4400 si
1384 4336 1534 4400 volumus
1563 4333 1699 4399 reddere
1726 4335 1904 4417 prophetae
1933 4355 2066 4400 sensum
2089 4335 2209 4418 absque

206 4423 333 4505 pridem
362 4422 546 4507 contigerat
575 4443 675 4504 quum
704 4421 828 4488 scilicet
855 4421 988 4486 redacta
1010 4420 1126 4486 6616666
1148 4419 1182 4482 16
1234 4423 1351 4505 figura,
1373 4441 1489 4487 sensus
1510 4420 1572 4484 erit
1593 4441 1658 4484 non
1678 4419 1747 4484 6666
1761 4431 1956 4502 perpetuum
1971 4419 2107 4500 luctum,
2131 4422 2210 4503 quia

205 4510 394 4574 vastitatem
422 4517 492 4573 tota
516 4507 573 4572 illa
599 4507 700 4590 regio.
745 4507 970 4592 Evangelistis
996 4505 1085 4572 enim
1107 4525 1182 4587 pro·
1235 4506 1391 4571 redibunt
1417 4505 1556 4584 exsules,
1586 4515 1619 4570 et
1647 4505 1764 4570 iterum
1795 4505 1996 4571 habitabitur
2025 4515 2114 4570 terra
2141 4506 2208 4586 illa,

206 4595 347 4678 pesitum
376 4594 439 4659 6616
467 4592 580 4658 6611666
607 4592 841 4658 offendiculum
864 4593 950 4675 quod
973 4593 1119 4657 nescitur
1141 4611 1183 4655 ex
1234 4613 1317 4674 quae
1357 4593 1538 4676 contigerat
1577 4598 1645 4656 tam
1680 4590 1757 4655 filiis
1791 4591 1966 4656 Beniamin
1999 4610 2099 4673 quam
2132 4589 2210 4656 filiis

206 4681 365 4746 novitate.
410 4677 542 4747 Scimus
573 4680 659 4744 enim
689 4677 860 4742 bominum
889 4689 1017 4743 mentes
1040 4696 1182 4760 expave-
1234 4676 1364 4760 Ioseph.
1408 4676 1508 4758 Dicit,
1539 4677 1622 4758 Quia
1650 4677 1710 4742 erit
1738 4695 1853 4742 merces
1881 4677 1966 4759 operi
1992 4681 2053 4740 iao.
2097 4674 2209 4759 Signi-

206 4787 297 4834 secre
330 4785 431 4850 quum
465 4764 587 4847 aliquid
620 4784 742 4829 novum
777 4773 812 4829 et
842 4763 1116 4845 inexspectatum,
1150 4770 1182 4826 66
1234 4764 1311 4829 6666
1350 4762 1532 4828 molestiam
1565 4760 1719 4828 Rachelis
1759 4760 1892 4826 tandem
1934 4781 2098 4829 cessuram
2139 4781 2211 4826 esse

206 4873 377 4935 nunquam
405 4858 482 4915 ante
506 4849 653 4915 auditum
677 4848 804 4915 accidit.
848 4849 938 4933 Ergo
960 4846 1183 4932 evangelistae
1234 4848 1379 4926 feliciter,
1410 4856 1450 4914 ut
1477 4847 1598 4931 aliquid
1628 4847 1780 4911 utilitatis
1809 4849 1922 4931 pariat.
1968 4844 2067 4930 Apud
2089 4843 2209 4911 Isaiam

206 4940 242 5004 in
269 4938 354 5003 hanc
380 4945 508 5019 partem
536 4957 632 5019 saepe
658 4936 861 5014 1666666666,
890 4945 927 4998 66
950 4935 1033 5016 quod
1057 4933 1183 4999 Christi
1235 4933 1312 4999 dum
1347 4943 1529 5016 queruntur
1560 4931 1673 4998 666166
1707 4953 1742 4997 66
1768 4933 1891 5015 absque
1917 4951 1977 5015 spe
2009 4931 2077 4996 ulle
2108 4932 2210 4998 luisse

207 5031 352 5106 tempore
383 5021 503 5087 accidit
530 5043 596 5087 nou
627 5030 748 5086 terreat
777 5020 829 5086 661
857 5022 1030 5084 conturbet
1055 5020 1183 5084 animos
1234 5040 1405 5105 oppressos
1420 5039 1578 5098 moerore,
1600 5019 1856 5096 Parturivimus,
1878 5016 2041 5099 inquiunt,
2063 5027 2097 5080 et
2111 5037 2209 5099 pepe·

207 5110 302 5192 quasi
342 5128 465 5174 novum
503 5115 537 5172 66
568 5108 788 5190 inopinatum:
828 5105 906 5187 quia
938 5106 1062 5172 scilicet
1095 5103 1183 5168 idem
1234 5107 1338 5171 616666
1372 5116 1526 5171 ventum:
1557 5105 1744 5188 significant
1772 5103 1824 5168 his
1858 5103 1966 5168 verbis
1996 5103 2210 5186 gravissimos

206 5193 335 5277 experti
356 5194 490 5260 6666666
511 5191 589 5258 olim
610 5203 731 5277 patres.
765 5192 812 5256 Iit
833 5193 953 5256 frustra
974 5213 1010 5257 se
1032 5200 1184 5273 torquent
1236 5191 1361 5257 dolores
1376 5211 1412 5256 ss
1430 5191 1587 5257 sensisse:
1609 5205 1722 5274 postea
1737 5187 1933 5273 adiungunt,
1955 5186 2076 5270 absque
2089 5187 2210 5266 fructu,

206 5281 412 5362 interpretes,
443 5278 521 5344 dum
550 5277 722 5364 allegorice
751 5284 922 5361 exponunt
948 5277 1058 5342 locum
1081 5276 1182 5341 illum.
1235 5276 1512 5360 quemadmodum
1552 5276 1581 5340 si
1613 5275 1733 5341 mulier
1765 5275 1928 5358 parturiat
1959 5295 2034 5340 cum
2066 5275 2211 5338 maximo
