5118 6136
216 449 279 515 545
896 446 943 512 IN
967 443 1217 512 launomari.
1261 443 1360 511 OAP.
1382 443 1532 510 XXVII.
2147 449 2211 515 546

215 637 321 705 Sicuti
344 658 421 722 ergo
442 637 536 701 finita
554 644 604 702 est
623 636 780 719 cuiusque
801 637 923 718 privati
945 635 1085 700 bominis
1107 634 1186 715 vita,
1239 641 1310 697 erat
1331 631 1476 714 Iudaeis,
1502 633 1627 698 hostem
1651 632 1745 700 illum
1767 633 1949 715 admittere,
1980 655 2040 701 neo
2062 644 2211 719 poterant

215 725 262 790 sio
284 724 375 788 Deus
397 723 512 788 statuit
535 720 613 805 quid
642 721 715 786 fieri
735 722 816 786 velit
844 723 883 788 de
911 720 1058 803 imperiis
1087 719 1187 785 totius
1239 717 1372 797 adduci,
1407 726 1444 784 ut
1476 739 1511 785 se
1544 719 1756 799 subiicerent,
1797 722 1941 805 oportuit
1972 720 2092 788 addere
2127 723 2210 790 banc

215 819 338 875 tarrae:
361 810 407 872 ita
425 809 494 873 vita
516 820 549 873 et
571 808 722 874 interitus
737 808 893 891 cuiusque
915 807 1008 890 regni
1031 816 1063 872 st
1080 805 1187 889 gentis
1238 805 1540 885 comminationem,
1571 805 1689 870 Videte
1717 806 1795 889 quid
1826 807 1946 891 agatis:
1983 829 2090 892 neque
2123 809 2211 874 enim

215 905 266 962 est
287 895 322 959 in
345 895 407 959 Dei
428 915 528 959 manu
550 903 584 958 et
605 895 747 960 arbitrio.
785 893 859 960 Hac
882 892 1006 959 ratione
1029 913 1116 957 nunc
1138 890 1186 955 di·
1237 890 1387 956 fortiores
1409 892 1500 957 eritis
1517 892 1597 956 Deo.
1630 891 1908 974 inclusaquidcm
1930 901 2001 960 arat
2022 892 2103 962 haec
2124 914 2211 960 com·

216 982 309 1058 citur,
329 986 493 1046 emtarum
511 1001 576 1046 cese
596 985 717 1062 umgas
741 977 923 1060 Chaldaeae,
947 977 1064 1044 deiude
1086 975 1186 1059 addit,
1239 976 1373 1042 minatio
1401 977 1434 1040 in
1465 977 1630 1060 superiore
1660 978 1838 1058 sententia,
1872 978 1929 1044 sed
1961 980 2081 1046 scimus
2113 1001 2208 1064 quam

215 1068 349 1150 strepis
369 1067 481 1150 ipsius.
526 1065 600 1131 Hoc
621 1086 685 1130 non
712 1065 806 1130 debet
836 1064 990 1150 restringi
1012 1065 1052 1129 ad
1076 1083 1186 1148 perso·
1239 1061 1322 1127 tardi
1351 1063 1418 1128 sint
1447 1063 1594 1129 homines
1625 1064 1664 1126 ad
1695 1062 1901 1145 distendam,
1935 1066 2127 1148 pracsertim
2155 1065 2210 1132 ubi

216 1174 294 1218 nam
329 1153 431 1236 ipsius
464 1151 759 1217 Nabuchadnecer:
798 1151 856 1217 sed
895 1151 1048 1234 quoniam
1086 1167 1187 1232 nepos
1239 1169 1414 1231 perversus
1447 1149 1562 1232 aliquis
1594 1150 1729 1216 affectus
1761 1165 1896 1232 occupat
1928 1171 2039 1216 eorum
2073 1153 2208 1218 animos.

215 1241 321 1322 ipsum
345 1237 621 1321 repraesentabat,
642 1236 714 1301 ideo
733 1239 881 1319 quamvis
903 1235 1089 1319 improprie,
1113 1246 1186 1317 apte
1239 1234 1348 1316 Quum
1370 1256 1449 1319 ergo
1471 1236 1658 1320 refugerent
1680 1235 1793 1302 Iudaei
1822 1237 1994 1319 imperium
2016 1237 2210 1304 Nabuchod-

216 1337 325 1391 taman
348 1323 469 1390 dicitur
491 1323 590 1390 luisse
613 1321 693 1388 illud
722 1333 867 1407 tempus,
896 1322 982 1407 quod
1005 1323 1096 1387 Deus
1126 1335 1188 1384 ter·
1239 1342 1350 1404 nezer,
1385 1321 1534 1403 quamvis
1566 1330 1704 1388 testatus
1733 1321 1799 1388 illis
1832 1335 1917 1388 esset
1946 1324 2106 1407 propheta
2138 1344 2210 1389 asse

214 1413 400 1477 ruinaverat
422 1416 490 1475 tam
514 1411 542 1474 ei
565 1430 662 1492 quam
689 1410 757 1475 eius
780 1407 911 1488 ditioni,
941 1427 1042 1491 quum
1065 1406 1188 1473 scilicet
1238 1428 1370 1472 servum
1394 1408 1467 1472 Dei:
1497 1428 1563 1472 non
1589 1419 1697 1472 tamen
1725 1407 1928 1475 dubitassent
1956 1407 2065 1475 adbuc
2086 1410 2211 1477 subter·

215 1507 309 1581 capta
331 1496 396 1562 fuit
415 1494 567 1580 Babylon
591 1517 610 1560 a
631 1493 738 1561 Persis
767 1507 800 1560 et
821 1493 937 1561 Medis.
980 1493 1054 1558 Hoc
1076 1504 1186 1558 tamen
1239 1495 1349 1578 lugere
1379 1505 1411 1558 et
1440 1493 1613 1577 refragari,
1646 1493 1709 1558 uisi
1740 1495 1840 1560 fracta
1870 1495 1984 1560 luisset
2011 1494 2148 1561 durities
2177 1503 2210 1560 at

216 1583 313 1650 simul
342 1581 383 1646 ad
413 1582 564 1647 solatium
599 1581 726 1663 piorum
755 1581 864 1646 valere
898 1580 1019 1646 debuit.
1072 1578 1186 1661 Neque
1238 1579 1410 1644 obstinatio
1444 1579 1505 1645 hac
1538 1580 1795 1646 comminatione.
1851 1580 1926 1646 Erit
1957 1601 2036 1664 ergo
2063 1586 2098 1646 at
2125 1601 2209 1665 pens,

216 1671 301 1735 enim
334 1668 437 1733 voluit
467 1669 558 1732 Deus
588 1666 719 1732 destitui
748 1666 861 1732 fideles
890 1666 1000 1750 aliqua
1025 1665 1186 1731 levatione
1237 1666 1285 1732 cel
1305 1685 1434 1749 requam
1455 1685 1534 1746 qaae
1550 1685 1611 1730 acu
1627 1666 1792 1732 serciaiut
1808 1668 1879 1749 ipsi,
1901 1687 2008 1750 nempe
2025 1666 2210 1732 Nabuchod-

216 1755 391 1832 molestiae,
414 1776 454 1819 ne
477 1753 562 1836 ipsos
585 1754 781 1835 opprimeret
803 1772 945 1832 moeror,
976 1772 1076 1834 quum
1098 1750 1187 1815 vide·
1238 1772 1336 1834 aseer,
1358 1756 1386 1816 et
1407 1771 1469 1815 nou
1491 1751 1673 1816 eabaceriat
1694 1752 1805 1818 codam
1825 1772 1917 1817 cuam
1935 1753 2007 1837 iaec
2025 1753 2103 1834 eiua,
2125 1753 2208 1818 acci·

214 1850 289 1906 rent
311 1863 346 1906 se
364 1840 503 1924 opprimi
526 1835 746 1916 aCbaldacis,
769 1849 801 1904 et
823 1838 1061 1920 quodammodo
1084 1837 1187 1916 obrui,
1239 1836 1293 1901 dat
1325 1843 1360 1901 ut
1391 1837 1511 1902 visitem
1537 1842 1653 1920 perdam
1681 1837 1779 1904 illam.
1822 1839 1984 1921 Loquitur
2012 1839 2100 1904 Deus
2134 1859 2208 1922 pro·

215 1938 301 1993 certe
334 1926 517 2009 desperatio
554 1925 708 2008 obrepere
745 1934 887 2006 poterat:
923 1923 998 1989 bino
1026 1923 1185 1998 fremitus,
1239 1925 1360 1988 miscuo
1389 1923 1428 1988 de
1457 1922 1653 2004 quibuslibet
1679 1925 1822 2006 populis:
1852 1924 1908 1989 sod
1939 1924 2125 1990 ratiocinari
2156 1923 2208 1988 de-

214 2012 291 2077 hinc
315 2012 537 2096 blasphemiae
567 2019 722 2092 sequutae
749 2021 858 2076 essent
886 2009 1045 2075 adversus
1068 2009 1185 2073 Deum.
1238 2009 1357 2074 bebant
1378 2007 1493 2073 Iudaei
1521 2009 1680 2073 aminori
1709 2009 1750 2073 ad
1781 2010 1892 2076 maius.
1937 2009 1976 2075 si
2006 2011 2093 2075 onim
2116 2009 2208 2075 Deus

215 2099 304 2180 Ergo
326 2099 431 2163 voluit
454 2096 543 2162 Deus
566 2097 716 2178 mitigare
744 2096 886 2179 aliquam
908 2099 1034 2178 partem
1063 2093 1186 2160 acerbi·
1238 2104 1304 2160 tam
1328 2116 1439 2160 severe
1461 2093 1591 2160 ulturus
1620 2105 1689 2159 erat
1718 2095 1901 2178 superbiam
1924 2097 2087 2179 gentium,
2117 2097 2143 2161 si
2174 2117 2209 2161 sc

214 2186 292 2250 tatis
314 2205 416 2267 quum
439 2182 591 2248 adiunxit
621 2181 790 2247 Venturam
811 2188 930 2264 tempus
951 2183 1055 2266 ipsias
1078 2179 1187 2246 Naba·
1238 2180 1455 2248 subducerent
1476 2201 1496 2243 a
1518 2181 1594 2263 iugo
1616 2180 1902 2259 Nabuchadnecar,
1932 2191 2053 2264 quanto
2075 2183 2208 2265 gravior

213 2269 390 2352 moeror,
413 2290 478 2352 quo
500 2269 622 2333 scilicet
644 2268 774 2352 periret.
809 2268 897 2352 Ergo
916 2289 1016 2350 quum
1035 2266 1186 2332 viderant
1240 2266 1395 2349 vindicta,
1433 2274 1466 2332 et
1506 2267 1611 2350 magis
1651 2265 1817 2332 horribilis
1856 2267 2029 2332 metuenda
2061 2281 2145 2340 erat.
2180 2269 2208 2333 si

213 2356 326 2422 fideles
348 2357 454 2440 ipsum
479 2355 576 2437 potiri
600 2354 695 2419 terris
718 2353 885 2432 omnibus,
914 2365 946 2418 et
969 2374 1039 2420 esse
1061 2355 1186 2419 crunctis
1238 2353 1360 2430 Iudaei,
1383 2351 1438 2435 qui
1458 2351 1614 2417 admoniti
1638 2353 1807 2418 lucrante
1829 2354 2002 2436 propheta,
2036 2354 2092 2437 qui
2120 2363 2209 2420 certo

214 2440 366 2526 gentibus
396 2440 650 2516 formidabilem,
680 2460 781 2522 quum
812 2439 961 2504 viderent
993 2459 1064 2505 esse
1095 2438 1186 2522 quasi
1239 2441 1393 2506 tenebant
1415 2438 1475 2504 hoc
1505 2460 1570 2503 non
1600 2441 1791 2523 contingere
1821 2441 1970 2518 fortuito,
2000 2439 2057 2504 sed
2086 2440 2207 2505 iustum

213 2538 378 2593 terrenum
402 2526 515 2608 deum,
547 2547 587 2590 ne
617 2535 728 2591 tamen
751 2533 921 2608 propterea
950 2524 1187 2608 desponderent
1239 2547 1308 2591 esse
1330 2524 1393 2589 Dei
1416 2522 1580 2602 iudicium,
1602 2545 1665 2606 quo
1689 2525 1907 2608 puniebantur
1928 2546 2040 2590 aorirm
2059 2535 2209 2608 peccata:

215 2615 352 2691 animos,
376 2613 433 2678 ssd
456 2612 564 2695 potius
581 2633 696 2678 sensus
718 2609 1023 2676 suosextendercnt
1045 2609 1086 2676 ad
1107 2617 1187 2676 tem·
1239 2614 1266 2676 si
1294 2611 1473 2696 praefracte
1503 2611 1612 2675 conati
1645 2611 1783 2676 luissent
1815 2612 1928 2694 iugum
1962 2611 2042 2676 illud
2074 2634 2094 2677 a
2126 2611 2209 2678 collo

215 2722 275 2783 pus
297 2698 380 2764 illud
402 2698 441 2763 dc
465 2719 527 2780 quo
550 2698 745 2763 vaticinatus
768 2707 838 2762 erat
860 2697 1024 2774 Ieremias,
1056 2707 1092 2762 ut
1114 2716 1186 2779 per·
1239 2718 1296 2762 suo
1319 2697 1489 2778 depellere,
1512 2717 1620 2761 nonne
1644 2698 1704 2761 hoc
1727 2699 1915 2780 eratpalam
1932 2698 2116 2782 belligerari
2135 2720 2209 2765 cum

215 2788 360 2869 ciperent
393 2786 533 2867 aliquam
572 2783 767 2848 levationem
813 2782 930 2848 doloris
963 2785 1032 2867 sui,
1070 2791 1103 2848 et
1140 2784 1187 2848 ita
1239 2782 1331 2849 Deo?
1355 2783 1450 2848 Nunc
1473 2804 1549 2864 ergo
1570 2792 1719 2848 tenemus
1742 2783 1935 2867 prophetam
1965 2785 2011 2848 sic
2039 2782 2128 2866 loqui
2157 2785 2208 2847 in-

214 2871 421 2954 aequioribue
440 2871 556 2936 animis
568 2869 752 2954 perferrent
766 2890 896 2936 crucem
912 2868 972 2934 sibi
990 2869 1185 2953 impositam.
1239 2870 1427 2934 differenter
1449 2867 1489 2932 de
1505 2867 1703 2949 quibuslibet
1726 2869 1862 2950 populis,
1885 2877 1922 2932 ut
1943 2879 2053 2933 tamen
2070 2869 2227 2935 ludaeos

215 2958 255 3021 In
278 2957 339 3022 hac
360 2958 464 3042 igitur
487 2978 565 3022 voce
591 2955 716 3020 inclusa
741 2965 790 3019 est
819 2956 1005 3038 promissio,
1035 2955 1184 3037 quoniam
1239 2957 1356 3020 acriter
1367 2965 1500 3038 pungat,
1522 2964 1555 3018 et
1572 2954 1723 3019 ostendat
1740 2954 1994 3020 inexcusabilem
2011 2954 2079 3019 fore
2097 2976 2210 3020 eorum

215 3064 289 3128 spes
322 3044 429 3107 exitus
463 3053 532 3106 erat
565 3042 746 3124 proposita,
781 3047 815 3104 ut
846 3041 1033 3124 intelligant
1064 3043 1186 3106 instare
1240 3041 1400 3119 ferociam,
1423 3041 1485 3104 nisi
1507 3061 1541 3104 se
1563 3049 1677 3122 sponte
1700 3040 1883 3106 humilient.
1928 3040 2023 3121 Quod
2047 3040 2096 3105 bis
2120 3061 2211 3124 repe·

214 3130 311 3194 etiam
341 3151 417 3194 suas
448 3131 534 3195 vices
563 3130 633 3209 regi
655 3127 940 3192 Nabuchadneaer.
987 3127 1103 3192 Postea
1130 3126 1187 3190 ad·
1239 3129 1333 3206 titur,
1362 3124 1625 3192 Nabacbadueeer
1653 3127 1736 3210 regie
1757 3125 1946 3209 Babylonis,
1980 3126 2210 3192 videturesse

214 3215 329 3297 iungit,
355 3213 495 3279 Seruieut
517 3215 690 3296 illigantes
710 3233 850 3296 magnae,
873 3213 926 3276 vel
946 3211 1069 3277 multae
1095 3211 1186 3298 (0⁸:1¹1
1239 3213 1469 3296 emphaticam.
1514 3212 1670 3276 Poterant
1691 3212 1778 3277 enim
1808 3212 1964 3292 obiicere,
1999 3211 2089 3292 Quid
2118 3215 2211 3279 nobis

214 3308 391 3382 utrumque
420 3298 596 3385 significat)
627 3304 653 3363 et
681 3318 767 3382 repes
793 3299 910 3382 magni.
964 3298 1037 3364 Hoc
1067 3297 1187 3364 diserte
1239 3321 1313 3366 cum
1337 3319 1413 3383 rege
1436 3308 1503 3363 tam
1525 3297 1724 3383 longinquo?
1748 3307 1782 3364 et
1803 3318 1864 3380 quo
1885 3299 1956 3364 iure
1974 3319 2061 3364 nuno
2083 3299 2212 3364 invadit

214 3387 418 3468 exprimitur,
443 3406 484 3449 ne
506 3385 702 3468 conspiratio
724 3385 781 3448 illa
803 3383 893 3448 fallat
915 3383 1062 3468 Iudaeos,
1085 3396 1117 3449 ct
1140 3406 1187 3449 re·
1239 3393 1368 3452 nostras
1390 3385 1559 3468 regiones?
1588 3406 1646 3450 cur
1675 3405 1740 3449 non
1769 3391 1941 3449 contentus
1968 3394 2017 3449 est
2047 3386 2115 3450 suis
2138 3386 2211 3449 fini·

214 3472 320 3555 liquas
342 3479 470 3555 gentes,
500 3471 654 3554 quoniam
684 3470 781 3535 simul
811 3471 973 3536 coniuncti
1001 3473 1189 3536 existiment
1241 3471 1323 3539 bus?
1346 3492 1405 3538 cur
1428 3491 1491 3534 non
1516 3479 1628 3535 manet
1650 3472 1683 3533 in
1712 3491 1773 3536 sua
1794 3471 1876 3534 urbe
1903 3473 1937 3534 ct
1965 3469 2074 3534 terra?
2104 3471 2148 3534 Et
2170 3471 2211 3535 si-

214 3579 249 3624 se
271 3578 366 3640 paros
394 3557 475 3622 lore·
491 3556 530 3622 ad
553 3555 790 3622 resistendum:
821 3556 1051 3630 accumulate,
1080 3557 1189 3640 iuquit
1241 3558 1306 3625 mul
1323 3566 1450 3642 poterat
1464 3555 1609 3621 odiosum
1626 3577 1696 3622 esse
1713 3575 1831 3621 nomen
1847 3555 2033 3639 Babylonis,
2057 3555 2212 3638 quoniam

214 3643 322 3723 Deus,
353 3644 441 3708 vires
463 3649 591 3708 vestras
617 3650 650 3708 et
670 3651 822 3708 conatus:
853 3648 964 3707 tamen
994 3643 1054 3708 boc
1083 3653 1187 3708 totum
1240 3645 1361 3711 bellum
1380 3651 1547 3727 gesserant
1565 3663 1639 3708 oum
1655 3641 1768 3707 multis
1786 3641 1950 3725 gentibus,
1974 3652 2006 3706 et
2020 3643 2080 3707 sub
2096 3642 2212 3727 iugum

214 3727 441 3812 dissipabitur,
476 3731 551 3812 quia
583 3729 629 3794 sio
662 3727 747 3810 apud
781 3748 834 3792 ma
862 3727 1030 3794 decretum
1060 3743 1125 3808 est,
1155 3733 1189 3794 at
1239 3751 1337 3796 suum
1359 3729 1552 3813 redegerant
1573 3728 1733 3807 Assyrios,
1760 3729 1817 3809 qui
1838 3727 1969 3792 Iudaeis
1990 3739 2085 3792 erant
2106 3729 2212 3812 magis

213 3835 300 3899 reyes
340 3815 445 3900 magui
485 3820 513 3882 et
543 3819 649 3898 paules
684 3813 799 3879 multae
837 3815 976 3880 emicui
1011 3814 1186 3880 Chaldaeis.
1241 3816 1352 3882 vicini:
1376 3813 1494 3879 deinde
1509 3813 1638 3898 Assyrii
1657 3811 1895 3896 quodammodo
1917 3813 2081 3880 coniuncti
2099 3823 2211 3878 crant:

217 3899 382 3984 Sequitur,
1240 3912 1273 3968 et
1306 3909 1438 3984 propter
1472 3899 1628 3964 diuturna
1662 3899 1746 3965 balla
1779 3919 1845 3964 uon
1877 3899 2015 3964 dubium
2048 3907 2099 3966 est
2131 3901 2212 3982 quin

1240 3988 1337 4053 luerit
1374 3983 1563 4052 detestabile
1602 3985 1732 4051 illorum
1772 4004 1892 4050 nomen
1926 3982 2066 4051 Iudaeis.
2121 3987 2211 4070 Ergo

301 4073 330 4138 8.
354 4071 429 4137 Erit
450 4075 553 4135 aream
574 4073 608 4136 ul
627 4089 703 4153 aeae
723 4074 752 4134 et
772 4090 909 4154 reanum,
938 4091 1018 4153 qaae
1038 4090 1102 4136 aaa
1123 4091 1188 4137 ecr-
1241 4075 1330 4139 Deus
1352 4073 1406 4138 hio
1435 4071 1591 4150 occurrit,
1621 4083 1654 4136 st
1682 4070 1823 4138 ostendit
1852 4070 2003 4153 quamvis
2031 4070 2141 4136 odiosa
2168 4074 2211 4138 sit

213 4158 328 4224 uate
348 4159 377 4223 ci
399 4155 542 4242 (nempe)
567 4155 830 4221 Nabacbadneeer
851 4156 917 4240 regi
939 4155 1130 4239 Babylonia,
1161 4162 1189 4222 ct
1240 4159 1370 4224 Iudaeis
1402 4157 1567 4242 Babylon,
1600 4156 1716 4222 deinde
1750 4157 1901 4239 quamvis
1934 4155 2211 4224 Nabuchadnecer

214 4245 269 4326 qai
290 4264 350 4309 aaa
368 4243 512 4324 posuerit
532 4242 641 4307 eodum
670 4261 763 4306 aaron
790 4243 847 4308 aab
875 4243 949 4325 iaao
976 4244 1060 4326 regis
1082 4241 1187 4327 Baby-
1240 4245 1478 4310 remotissimus
1501 4245 1544 4309 sit
1565 4243 1730 4322 aIudaea,
1754 4255 1862 4308 tamen
1885 4242 2039 4325 quoniam
2061 4243 2109 4308 ita
2130 4243 2212 4310 divi·

214 4330 313 4412 loru‘s,
341 4329 448 4413 gladio
477 4328 613 4410 eifaute
644 4333 671 4392 et
700 4333 786 4409 peste
817 4327 950 4396 visitabo
986 4349 1080 4413 erepet
1115 4349 1189 4412 pca-
1240 4335 1329 4398 nitus
1351 4335 1511 4397 statutum
1533 4337 1634 4411 esset,
1661 4329 1865 4395 subeundum
1895 4349 1965 4394 esse
1994 4331 2063 4395 eius
2086 4330 2211 4415 iugum.

213 4422 273 4482 mm
301 4416 409 4498 iliam,
437 4413 514 4479 dicit
536 4412 686 4492 Ielrovob,
716 4413 807 4480 dom
835 4414 1012 4495 interfecero
1040 4416 1126 4497 ipsae
1152 4417 1188 4480 iu
1240 4417 1433 4485 Haeomihi
1456 4416 1678 4481 videturesse
1705 4415 1789 4480 ratio
1819 4435 1878 4480 cur
1907 4425 2032 4499 repetat
2055 4417 2212 4484 Ieremias

213 4522 311 4567 mauu
332 4502 409 4567 ciue.
683 4501 686 4510 '
1240 4504 1409 4586 epitheton
1431 4500 1529 4582 istud,
1554 4499 1638 4583 quod
1660 4499 1784 4568 scilicet
1806 4499 2070 4568 Nabacbcdacecr
2090 4505 2134 4568 eit
2154 4524 2211 4568 rea

913 4633 915 4638 -
1240 4590 1421 4674 Babylonia.
1477 4589 1605 4653 Poenae
1639 4597 1749 4652 autem
1784 4586 1985 4652 denuntiatio
2018 4599 2084 4669 est,
2124 4589 2211 4670 quod

300 4673 477 4756 Postquam
511 4672 731 4755 promulgavit
762 4671 855 4738 Deus
887 4693 982 4738 suum
1022 4671 1187 4740 decretum
1239 4677 1329 4744 Dcite
1360 4675 1500 4740 visitami
1528 4677 1646 4758 pentem
1676 4672 1767 4739 illum
1792 4678 1895 4755 poete,
1923 4672 2008 4755 fame
2038 4680 2066 4739 et
2094 4674 2210 4757 quau.

213 4780 272 4843 per
298 4777 334 4822 os
357 4757 529 4835 leremiae,
562 4754 651 4820 addit
673 4759 975 4836 comminationem,
1007 4765 1043 4823 ut
1064 4760 1188 4828 scilicet
1240 4761 1368 4830 Scimus
1391 4761 1451 4825 has
1473 4760 1595 4842 species
1618 4759 1739 4841 passim
1767 4779 1935 4826 occurrere
1965 4762 1999 4824 in
2029 4761 2209 4842 scripturis,

213 4844 350 4928 placidis
371 4863 408 4908 ac
431 4845 610 4908 mansuetis
629 4843 747 4908 animis
763 4844 849 4910 ultro
872 4843 1051 4926 suscipiant
1072 4843 1186 4929 iugum
1239 4869 1338 4932 quum
1366 4845 1459 4911 Deus
1482 4844 1553 4910 vult
1578 4845 1672 4930 signa
1700 4845 1769 4910 irae
1798 4865 1876 4910 suae
1902 4848 2054 4928 prolerre.
2100 4845 2211 4912 Habet

213 4929 274 4994 sibi
297 4929 485 5012 impositum
508 4935 574 4992 tam
597 4929 710 4994 Iudaei
732 4950 831 5012 quam
854 4929 917 4996 alii.
962 4929 1097 5014 Propria
1119 4933 1187 5014 qui·
1239 4933 1370 5019 quidem
1404 4933 1510 4997 varios
1543 4931 1654 4998 modos
1687 4941 1720 4996 et
1756 4931 1961 5009 innumeras,
2002 4931 2119 5014 quibus
2151 4953 2211 4999 nos

214 5013 287 5080 dem
310 5015 457 5099 respexit
470 5013 608 5081 Iudaeos
626 5015 794 5097 propheta,
818 5024 857 5081 ut
874 5015 1031 5082 diximus:
1054 5017 1109 5082 sed
1130 5040 1187 5103 per
1210 5015 1211 5020 ’
1239 5021 1389 5102 castiget:
1420 5016 1476 5082 sed
1499 5015 1580 5082 haec
1600 5026 1678 5084 sunt
1705 5019 1877 5084 notissima
1905 5015 1975 5082 eius
2003 5017 2150 5103 flagella,
2177 5028 2211 5084 ot

214 5101 364 5168 accidens
393 5100 542 5165 extendit
569 5102 758 5167 vaticinium
789 5101 830 5168 ad
860 5111 1042 5168 extraneos.
1089 5103 1188 5170 Vide·
1239 5105 1440 5172 familiariter
1451 5103 1581 5188 cognita
1592 5104 1662 5186 ipso
1673 5125 1743 5182 usu,
1766 5103 1875 5185 pastis,
1898 5101 2026 5186 gladius
2049 5110 2082 5168 at
2099 5105 2209 5174 samos.

213 5207 288 5253 mus
312 5205 389 5270 ergo
412 5206 470 5251 cur
489 5185 641 5252 adiuncta
663 5188 707 5252 sit
728 5209 850 5272 poenae
873 5185 1084 5254 denuntiatio.
1116 5189 1188 5255 Hoc
1239 5191 1329 5256 Dicit
1349 5200 1460 5256 autem
1476 5209 1510 5256 se
1526 5190 1725 5256 obitabamn
1746 5194 1849 5272 aenas
1866 5209 1947 5271 qaae
1965 5209 2027 5254 aaa
2044 5194 2211 5272 paruerim

213 5273 345 5356 quidam
369 5271 517 5337 sulficere
545 5271 697 5350 debebat,
727 5273 1003 5341 Nabnohadnczer
1030 5274 1094 5338 Dei
1128 5277 1188 5341 mi·
1237 5277 1305 5362 regi
1335 5275 1600 5342 Nabucbadaeeer
1629 5276 1729 5341 tribues
1751 5276 1824 5340 istis
1847 5274 1999 5358 flagellis:
2025 5287 2059 5341 st
2085 5280 2211 5344 exitum

214 5357 866 5448 nistrumesseaddomandamludaeam:
881 5360 1188 5444 sedquiaaspsrum
1240 5362 1340 5430 simul
1363 5361 1573 5442 demonstrat,
1594 5361 1708 5440 Donec,
1731 5360 1854 5444 inquit,
1883 5361 2026 5444 occidero,
2056 5365 2109 5428 vel
2132 5384 2212 5429 oon-

319 5461 431 5516 Oaiciai
446 5475 538 5530 opera.
572 5461 631 5517 Vol.
648 5461 828 5520 XXXVIII.
1973 5465 2007 5520 35
