5134 6124
388 417 450 481 211
1193 411 1579 481 Panunnorlouns
2321 407 2382 472 212

385 624 474 671 nuno
496 603 686 686 pronuntiat
705 621 741 669 se
764 601 942 669 vindictam
965 608 1172 684 sumpturum
1196 600 1236 667 dn
1257 601 1357 667 scele-
1410 599 1508 666 cessit
1537 601 1634 666 etiam
1668 598 1857 667 crudelitas:
1889 597 1966 682 quia
1999 597 2120 664 scimus
2152 616 2221 661 non
2253 599 2382 659 tantum

386 688 477 755 ribus
506 689 588 768 illis,
623 707 704 772 quaa
732 687 797 754 iarn
825 686 954 771 sepulta
982 686 1134 753 fuerant?
1167 687 1223 752 sed
1252 685 1358 752 facilis
1380 641 1385 753 l
1411 686 1482 752 vias
1511 686 1601 752 urbis
1630 691 1797 769 coopertas
1825 685 1926 750 luisse
1954 683 2130 768 sanguine,
2164 681 2221 748 end
2250 680 2383 746 fluxisse

388 774 556 857 responsio
577 781 643 854 cst,
677 772 764 856 quod
793 771 915 839 scilicet
945 770 985 837 ab
1015 793 1052 836 eo
1081 785 1225 856 tempore
1252 771 1357 836 nihilo
1382 756 1385 867 ᾗ
1411 770 1499 837 riuos
1521 771 1699 855 sanguinis,
1723 768 1995 854 quemadmodum
2020 781 2133 834 narrat
2160 786 2254 833 sacra
2282 764 2381 832 histo·

388 859 539 925 meliores
569 859 690 925 locunt
719 857 843 924 Iudaei.
890 856 1001 938 Quum
1030 877 1109 943 ergo
1136 857 1258 924 scelera
1285 856 1358 921 Ma·
1382 878 1385 916 s
1411 856 1469 921 ria.
1526 855 1637 936 Quum
1670 877 1748 940 ergo
1782 865 1848 921 tam
1880 854 2105 920 inhumaniter
2145 853 2307 920 saevitum
2340 852 2383 916 sit

389 965 484 1011 nasse
516 945 707 1008 continuum
741 963 871 1009 cursum
905 941 1096 1021 habuerint,
1134 962 1264 1008 necesse
1297 941 1359 1006 fuit
1411 940 1567 1007 adversus
1590 941 1766 1026 prophetas
1788 950 1934 1024 tempora
1956 939 2127 1017 Manasse,
2155 948 2188 1004 et
2210 959 2274 1002 non
2297 936 2382 1002 solus

388 1029 518 1095 undem
540 1028 675 1113 rependi
697 1027 867 1094 obstinatis
889 1027 973 1109 quod
1003 1029 1110 1093 mariti
1140 1035 1250 1093 erant:
1283 1028 1359 1109 quia
1411 1046 1470 1091 rex
1492 1025 1592 1093 luerit
1614 1037 1708 1093 autor
1730 1027 1827 1092 huius
1849 1025 2022 1102 saevitiae,
2051 1024 2109 1090 sed
2137 1043 2299 1090 consensu
2327 1041 2383 1105 po·

387 1116 415 1181 si
437 1135 515 1179 rere
546 1114 685 1180 luissent
712 1114 877 1191 conversi,
910 1125 1049 1195 sequuta
1077 1115 1193 1180 luisset
1222 1111 1359 1178 mutatio
1411 1110 1480 1194 puli
1502 1131 1616 1178 omnes
1639 1114 1708 1179 reri
1731 1112 1795 1177 Dei
1816 1112 1957 1178 cultores
1980 1111 2077 1176 tracti
2102 1109 2226 1175 fuerint
2254 1107 2295 1172 ad
2326 1128 2383 1172 ne·

388 1200 497 1282 aliqua
519 1201 554 1264 in
576 1200 702 1265 melius.
746 1198 859 1279 Quum
883 1206 992 1263 autem
1015 1198 1127 1264 eadem
1150 1219 1278 1282 semper
1300 1197 1359 1262 im·
1411 1218 1491 1276 cem,
1515 1197 1592 1262 hino
1613 1208 1702 1281 patet
1719 1218 1891 1264 commune
1908 1195 2008 1262 fuisse
2023 1196 2124 1261 totius
2139 1193 2250 1279 populi
2268 1193 2382 1260 scelus.

388 1287 493 1368 pictas
515 1295 662 1370 grassata
684 1285 800 1365 luerit,
833 1292 867 1349 et
896 1284 1008 1349 iisdem
1038 1284 1213 1351 sceleribus
1240 1283 1358 1349 addicti
1412 1283 1456 1348 Et
1478 1283 1549 1349 ideo
1572 1283 1650 1348 dicit
1666 1282 1849 1362 Ierusalem,
1872 1303 1988 1364 nempe
2012 1290 2048 1347 ut
2070 1281 2257 1366 intelligant
2271 1279 2384 1345 ludaei

388 1371 514 1438 fuemnt
543 1370 670 1450 Iudaei,
704 1368 780 1436 hinc
813 1375 941 1435 constat
973 1373 1107 1454 gratim
1139 1369 1204 1436 illis
1236 1369 1359 1435 instare
1411 1380 1558 1434 sanctam
1581 1369 1671 1435 illam
1693 1369 1818 1452 urbam,
1847 1388 1911 1451 qua
1933 1367 2166 1451 gloriabantur,
2196 1366 2296 1431 luisse
2318 1366 2383 1447 pri·

388 1457 554 1533 iudicium,
577 1455 762 1538 etquidem
784 1455 912 1534 merito,
940 1454 1028 1537 quod
1049 1456 1141 1521 abusi
1162 1455 1282 1522 luerint
1303 1454 1360 1518 illa
1412 1454 1485 1520 dem
1508 1475 1682 1522 nevernum
1709 1455 1891 1529 latronum,
1921 1463 1954 1519 ot
1983 1453 2145 1536 pollutum
2172 1452 2271 1518 luisse
2300 1461 2384 1516 tem-

388 1540 452 1608 Dei
485 1541 664 1607 clementia.
708 1541 905 1624 Pepercerat
937 1541 1024 1605 enim
1059 1551 1126 1606 tam
1160 1542 1230 1626 regi
1263 1560 1359 1624 quam
1412 1540 1501 1623 plum
1524 1541 1587 1606 Dei
1610 1540 1720 1625 impiis
1741 1539 2035 1623 superstitionibus,
2059 1547 2160 1603 totam
2177 1557 2256 1604 vero
2271 1539 2383 1603 urbem

388 1628 470 1711 ipsis
492 1626 659 1704 omnibus,
692 1627 721 1692 si
754 1625 848 1692 modo
881 1625 1024 1710 amplexi
1057 1627 1196 1692 luissent
1228 1628 1358 1693 veniam
1391 1625 1542 1713 'iniustis
1568 1625 1632 1692 illis
1662 1635 1695 1690 et
1723 1625 1870 1693 barbaris
1896 1624 2057 1690 caedibus.
2103 1623 2199 1692 Nunc
2228 1624 2383 1708 sequitur,

389 1712 451 1779 sibi
478 1713 630 1779 oblatam.
674 1711 742 1778 Sed
771 1731 871 1794 quum
899 1713 946 1776 ita
971 1711 1214 1788 obduruissent,
1249 1713 1360 1778 debuit

388 1799 606 1898 iurationem
637 1797 753 1863 venire
781 1799 926 1897 ipsorum
955 1798 1157 1881 ingratitudo
1185 1809 1218 1862 et
1245 1809 1358 1864 contu·
1498 1830 1527 1897 5·
1553 1831 1641 1897 Nam
1671 1833 1743 1913 Μ
1766 1836 1877 1914 parm
1908 1829 1965 1895 mn·
1996 1829 2170 1896 Imm
2197 1827 2279 1913 (vel¹
2312 1829 2382 1911 quis

388 1903 503 1965 maora,
526 1891 563 1950 ut
584 1884 676 1950 Deus
698 1902 847 1950 severius
868 1884 942 1950 illos
965 1892 1130 1950 tractaret.
1174 1883 1280 1950 Porro
1303 1903 1359 1949 vo·

387 1982 481 2036 catur
504 1971 657 2036 Manasso
682 1968 771 2034 filius
793 1968 954 2034 Ezechiae
1004 1969 1044 2034 ad
1074 1969 1260 2053 augendum
1291 1971 1360 2035 eius
1412 1916 1713 2016 mi⁸⁰¹⁰bi⁶¹¹¹'·t¹¹i?
1737 1916 1793 1981 ⁸⁰⁶
1816 1901 2036 2015 ‘'mstimprie
2058 1916 2309 2014 ⁰⁸t.ig¹¹⁰⁸⁰⁰¹'⁰r
2331 1913 2383 1978 '⁰¹

962 2018 970 2046 '
1412 2021 1558 2085 parcere:
1598 2003 1652 2068 hrn
1686 2009 1795 2067 tamen
1830 2010 1986 2083 acnrprtur
2019 2019 2078 2085 pro
2113 1999 2298 2083 indulgere,
2334 1998 2384 2064 vel

387 2057 522 2122 mmm·
565 2055 651 2121 Nm
673 2075 774 2138 quum
796 2054 912 2137 mligi⁰
933 2054 1049 2122 suimet
1069 2064 1159 2120 ηοω
1184 2056 1360 2154 ‘munitula
1411 2087 1576 2152 misereri:
1607 2088 1679 2171 quis
1708 2107 1785 2170 ergo
1813 2085 2022 2151 miserebitur
2048 2086 2096 2151 tui
2118 2084 2299 2151 Ierusalem
2307 2082 2386 2170 ΡΜ

384 2141 549 2208 Ezechiae
572 2151 725 2225 tempore,
748 2147 782 2204 et
804 2140 877 2221 pius
895 2137 949 2205 ille
964 2160 1023 2205 rex
1039 2160 1105 2205 non
1121 2140 1242 2240 absque
1257 2161 1359 2206 maxi-
1412 2174 1484 2254 quis
1515 2173 1722 2239 mombar
1754 2173 1807 2238 te?
1840 2177 1868 2238 a
1895 2173 1967 2253 quis
1996 2170 2095 2236 locum
2121 2169 2252 2236 mmm
2272 2170 2315 2234 aa
2337 2171 2383 2233 m

387 2227 451 2327 mis
472 2225 644 2327 laboribus·
658 2233 691 2290 et
712 2224 870 2291 molestiis
884 2245 967 2325 'suas
990 2247 1103 2291 omnes
1120 2245 1208 2325 utras
1226 2247 1360 2292 conver·
1411 2257 1595 2340 quirendum
1616 2258 1654 2323 de
1671 2277 1750 2339 pm
1771 2257 1853 2323 5505?
1876 2254 1950 2340 (hoc
1973 2269 2031 2334 θη,
2055 2256 2135 2322 tua?
2158 2258 2334 2338 pungamus
2351 2267 2384 2320 οι

387 2322 483 2379 ussat
503 2313 545 2378 ad
568 2309 807 2378 restituendum
829 2312 892 2376 Der
915 2310 1050 2389 cultum,
1073 2311 1184 2377 debuit
1204 2311 1360 2377 Marassa
1411 2342 1549 2408 „lterum
1572 2343 1729 2429 vorgum),

387 2409 511 2483 patrem
533 2419 629 2462 auum
652 2396 782 2461 imitari.
823 2395 898 2478 Ipso
919 2405 1029 2462 autem
1052 2417 1118 2461 non
1142 2395 1236 2461 modo
1254 2398 1360 2462 crexit
1694 2462 1701 2474 ‚
1748 2463 1755 2476 .
1790 2463 1796 2476 ,
1951 2462 1986 2474 ,Ι

385 2483 503 2549 altaria
528 2480 640 2558 idolis,
674 2490 708 2546 et
741 2489 843 2544 totam
876 2489 998 2547 terram
1030 2481 1215 2562 inquinavit
1247 2502 1358 2564 super·
1498 2464 1527 2529 6·
1560 2463 1610 2528 Tu
1642 2462 1797 2543 'edhilballl
1828 2481 1889 2542 me,
1922 2461 1998 2528 Μ
2027 2459 2181 2542 lemida
2213 2463 2384 2524 selmum

385 2564 580 2642 stitionibus,
604 2564 661 2632 sed
685 2564 819 2631 violavit
840 2566 948 2649 ipsum
967 2586 1095 2648 quoque
1109 2564 1174 2631 Dei
1189 2565 1356 2649 templum.
1410 2547 1534 2616 allisit*
1555 2549 1627 2648 ²3⁶⁰,
1645 2547 1807 2613 mmm
1828 2567 1957 2646 ”tandm
1979 2566 2079 2612 meam
2100 2565 2194 2628 sulm
2215 2549 2250 2624 lb
2272 2549 2384 2626 elim·

385 2652 465 2717 Fuit
498 2651 600 2734 igitur
633 2648 814 2727 horribilis,
854 2658 887 2715 at
919 2651 1016 2732 plane
1049 2649 1225 2718 diabolinus
1258 2651 1357 2730 luror,
1410 2633 1484 2700 dam
1505 2640 1547 2699 5⁶³
1565 2634 1719 2718 fotcgutas
1737 2653 1807 2698 sum
1823 2632 2017 2715 poenitendo.

385 2756 486 2820 quum
510 2733 631 2800 tradita
653 2735 767 2800 luisset
789 2735 871 2800 ratio
892 2734 956 2802 Dei
978 2757 1058 2820 pure
1080 2736 1223 2819 colendi,
1254 2735 1358 2802 filium

385 2833 455 2888 tam
478 2820 623 2905 perditae
644 2820 764 2886 mantis
786 2839 868 2902 esse,
890 2823 1058 2888 utstatim
1082 2831 1245 2888 averteret
1267 2821 1358 2904 quid·
1495 2821 1561 2888 Hic
1578 2819 1738 2904 propheto
1753 2819 1965 2900 demonstrat,
1985 2839 2164 2902 poenarum
2179 2822 2382 2886 atrocitatem

386 2905 464 2990 quid
486 2926 606 2990 magno
629 2906 729 2989 patris
751 2905 861 2972 labore
883 2907 990 2973 luerat
1012 2907 1110 2989 probe
1131 2908 1356 2973 constitutum.
1412 2907 1452 2973 de
1491 2927 1556 2990 qua
1597 2906 1807 2972 concionatus
1850 2913 1899 2972 est
1938 2926 2004 2970 non
2038 2924 2134 2989 possa
2173 2904 2256 2971 vitio
2288 2905 2382 2984 verti,

385 2991 477 3058 Haec
504 2993 605 3076 igitur
635 2992 718 3058 ratio
747 2999 797 3058 est
826 3012 885 3059 cur
917 2992 1071 3076 probrose
1104 3012 1221 3060 nomen
1255 2993 1358 3075 patris
1411 2990 1683 3077 quemadmodum
1717 2990 1845 3075 queruli
1876 2999 1953 3057 sunt
1986 2989 2149 3068 homines,
2190 3001 2223 3056 et
2254 3011 2383 3073 semper

386 3084 617 3143 commemoret
638 3075 801 3142 Ieremias.
842 3077 887 3144 Et
908 3076 985 3144 hino
1007 3077 1190 3162 colligimus
1207 3079 1358 3161 graviore
1410 3079 1619 3162 expostulant
1651 3098 1725 3144 num
1753 3075 1843 3158 Deo,
1876 3085 1909 3142 et
1942 3075 2036 3140 illum
2069 3073 2261 3142 insimulant
2290 3075 2383 3140 nimii

386 3161 502 3245 dignos
524 3181 629 3244 poena
658 3181 745 3235 esso.
777 3162 834 3242 qui
866 3163 965 3245 probe
999 3162 1126 3229 educati
1160 3184 1181 3228 a
1209 3165 1359 3248 pueritia,
1411 3165 1539 3248 rigoris.
1573 3163 1663 3249 Ergo
1679 3183 1721 3227 nn
1735 3160 1924 3247 obstrepant
1938 3161 2064 3239 Iudaei,
2081 3160 2225 3228 brevitor
2240 3161 2384 3226 ostendit

385 3255 500 3330 postea
520 3255 628 3312 umen
651 3243 868 3329 degenerant,
897 3255 932 3313 et
953 3267 1054 3329 quum
1082 3248 1258 3314 habuerint
1288 3252 1360 3334 pins
1411 3250 1570 3334 propheta
1591 3246 1748 3334 quidquid
1770 3247 1836 3315 illis
1857 3247 2020 3314 malorum
2042 3247 2144 3312 instat
2164 3246 2236 3312 iuro
2263 3245 2383 3326 deberi,

386 3351 425 3397 ao
442 3340 571 3397 sanctos
597 3339 725 3414 patres,
759 3351 829 3396 sose
858 3332 1033 3413 proiiniant
1061 3332 1101 3396 ad
1132 3353 1227 3399 omne
1257 3335 1358 3401 netas.
1411 3344 1445 3400 et
1465 3335 1513 3401 ita
1534 3355 1605 3402 osse
1628 3333 1832 3418 promeritos,
1856 3341 1891 3398 ut
1907 3353 1948 3400 ne
1970 3331 2056 3416 apud
2080 3332 2227 3399 homines
2250 3331 2383 3416 quidem

386 3415 453 3498 qni
473 3435 552 3501 ergo
574 3415 622 3480 ita
643 3414 798 3482 deficiunt
820 3435 840 3480 a
861 3417 982 3483 sanctis
1031 3415 1173 3495 utribus,
1204 3438 1259 3484 nos
1287 3441 1359 3503 gra·
1410 3420 1559 3487 invenire
1592 3420 1717 3503 possint
1750 3418 2015 3485 misericordiam.
2066 3417 2196 3484 Scimus
2224 3417 2384 3501 possimos

386 3504 457 3570 rior
488 3521 594 3586 poena
627 3504 747 3567 manet.
792 3501 837 3568 Et
868 3500 929 3569 hon
961 3437 1144 3586 coliigimus
1177 3523 1218 3568 ex
1252 3505 1359 3572 verbis
1411 3507 1509 3570 ctiam
1539 3525 1701 3590 quosque,
1729 3504 1784 3570 ubi
1815 3502 1976 3570 Dominus
2005 3505 2093 3587 ipsos
2121 3502 2232 3587 punit,
2263 3501 2384 3568 habers

385 3589 575 3673 prophetae,
606 3587 663 3668 qni
686 3586 739 3652 hin
761 3607 819 3669 par
841 3587 1072 3655 contumeliam
1095 3598 1191 3656 vocat
1208 3587 1360 3656 Munere
1410 3595 1521 3656 mmen
1539 3591 1595 3674 qui
1616 3592 1696 3674 ipsis
1717 3589 1958 3658 condolescunt.
1995 3587 2100 3654 Nemo
2121 3597 2171 3654 est
2193 3597 2260 3654 tam
2282 3587 2383 3656 socle-

383 3674 489 3755 atium
510 3671 682 3740 Ezechiae:
704 3673 788 3755 quod
812 3683 921 3740 tamon
943 3675 1060 3740 luisset
1076 3673 1126 3739 illi
1146 3674 1241 3740 valde
1257 3675 1357 3741 hono·
1410 3686 1503 3742 ratus
1535 3675 1589 3742 cni
1622 3695 1688 3740 non
1723 3674 1854 3740 faueant
1886 3673 2079 3759 propinqui,
2118 3682 2152 3740 ot
2205 3694 2282 3739 usur
2316 3695 2384 3738 non

385 3759 523 3836 rifinum,
554 3760 581 3824 si
604 3759 690 3842 patri
712 3758 829 3825 luisset
849 3758 974 3836 similis,
1002 3771 1036 3824 et
1056 3769 1215 3843 sequutus
1244 3760 1358 3828 luisset
1410 3761 1509 3844 aliqui
1542 3759 1759 3828 nonsolnntur.
1811 3757 1964 3826 Ostendit
1997 3778 2076 3843 ergo
2109 3695 2281 3843 propheta,
2316 3778 2383 3824 non

385 3845 455 3910 sius
477 3845 642 3926 pietatem.
682 3843 727 3909 Et
749 3845 873 3909 interea
896 3846 1030 3910 minime
1052 3845 1184 3912 dubium
1205 3859 1256 3912 est
1277 3848 1356 3929 quin
1411 3845 1505 3912 modo
1535 3865 1644 3912 noram
1675 3844 1747 3910 Deo
1775 3844 2013 3912 inexcusabiles
2042 3864 2113 3911 asse
2142 3843 2294 3923 Iudaeos,
2324 3844 2383 3910 sed

384 3927 544 4011 propheta
566 3937 670 3994 totum
699 3928 856 4014 populum
885 3929 1015 4012 oblique
1043 3940 1181 3997 accuset.
1227 3929 1357 3999 Scimus
1410 3933 1509 3998 etiam
1531 3951 1640 3997 coram
1663 3929 1787 3996 mundo
1810 3929 1961 4015 indignos
1978 3951 2049 3996 esse
2064 3929 2153 3994 omni
2167 3929 2384 3995 humanitate.

385 4015 474 4080 onim
496 4034 593 4098 quam
622 4013 727 4081 malta
759 4013 832 4080 odia
865 4014 1061 4081 sustinuerit
1093 4017 1167 4098 pins
1188 4016 1355 4098 Ezechias,
1409 4019 1522 4083 Primo
1555 4017 1643 4083 enim
1677 4015 1773 4099 dicit,
1810 4016 1888 4099 Quis
1919 4017 1968 4081 tui
1999 4015 2219 4082 acaunus?
2254 4013 2384 4092 deinde,

382 4109 416 4167 et
438 4108 475 4165 ut
496 4099 670 4166 armaverit
692 4120 751 4182 pro
771 4100 918 4183 legitimo
935 4100 997 4165 Dei
1017 4100 1117 4179 cultu,
1139 4122 1177 4169 an
1194 4104 1223 4169 si
1242 4105 1357 4170 luisset
1412 4104 1491 4185 Quin
1523 4109 1551 4168 te
1583 4101 1814 4169 maculabitur?
1867 4101 1952 4166 Nam
1981 4114 2027 4168 ‘nt
2057 4101 2219 4185 significat
2251 4100 2385 4184 proprie

382 4189 470 4251 inter
491 4183 649 4268 Assyrios
674 4184 726 4250 val
749 4186 940 4270 Aegyptios.
986 4185 1072 4250 Nam
1094 4207 1222 4252 summa
1248 4189 1356 4272 pervi-
1410 4189 1518 4255 verbis
1551 4188 1705 4254 adhibere
1739 4186 1868 4270 aliquod
1902 4185 2069 4267 solatium,
2108 4185 2384 4270 quemadmodum

381 4271 471 4337 cacia
498 4269 609 4354 populi
637 4281 715 4336 tunc
744 4274 910 4354 apparuit,
944 4291 1045 4356 quum
1075 4271 1291 4354 periclitatus·
1308 4284 1357 4340 est
1410 4273 1466 4339 ubi
1488 4275 1688 4341 conveniunt
1712 4273 1753 4338 ad
1775 4291 1981 4339 communem
2003 4270 2127 4336 luctum
2145 4271 2327 4354 propinqui,
2349 4283 2386 4336 et

383 4356 424 4421 de
442 4376 552 4440 regno,
574 4355 651 4437 quia
665 4355 788 4421 scilicet
805 4366 939 4425 mustus
954 4358 1061 4424 fuerat
1075 4378 1216 4442 purgare
1234 4369 1356 4424 terram
1409 4359 1534 4442 affines,
1565 4372 1597 4424 at
1619 4359 1730 4438 vicini,
1752 4355 1889 4423 audiunt
1911 4357 2169 4434 lamentationes,
2198 4357 2260 4439 ipsi
2282 4355 2384 4422 etiam

382 4439 533 4506 Iehudah
554 4441 707 4508 omnibus
734 4439 884 4507 sordibus
912 4453 945 4509 et
973 4443 1240 4526 inquinamentis.
1285 4444 1357 4510 Illic
1408 4443 1535 4510 addunt
1570 4443 1698 4528 aliquod
1735 4445 1866 4529 signum
1907 4463 2092 4509 consensus.
2154 4440 2245 4507 Dicit
2281 4442 2385 4506 i'tur

384 4547 462 4612 ergo
483 4545 554 4591 saec
576 4524 717 4608 prodidit
739 4538 773 4591 st
794 4525 902 4608 palam
925 4527 1049 4595 detexit
1070 4527 1182 4611 populi
1207 4529 1357 4612 impietas
1410 4530 1575 4595 neminem
1605 4529 1683 4607 lore,
1717 4531 1773 4613 qui
1800 4528 1957 4613 fungatur
1979 4528 2040 4594 hoc
2062 4527 2168 4594 cilinio
2190 4547 2269 4610 erga
2307 4547 2384 4592 eru·

383 4620 417 4678 et
438 4610 651 4695 ingratitudo.
695 4612 768 4677 Iam
792 4611 943 4680 Marassa
965 4621 1128 4680 momento
1150 4615 1267 4681 evertit
1288 4614 1355 4682 nul·
1409 4615 1520 4682 salem.
1555 4615 1666 4681 Tertio
1689 4613 1789 4692 addit,
1813 4613 1859 4680 Et
1880 4613 1952 4696 quie
1968 4612 2094 4690 recedet,
2117 4612 2179 4677 hoo
2194 4625 2253 4692 est,
2274 4612 2383 4678 locum

384 4709 467 4798 turn·
479 4697 558 4763 Dei:
593 4705 626 4762 et
648 4717 722 4763 curn
746 4717 865 4797 magno
888 4698 1004 4782 plausu
1024 4700 1137 4766 statim
1163 4719 1280 4800 ,omnes
1302 4700 1357 4767 ab·
1409 4700 1548 4800 mutabit
1580 4700 1725 4801 proprio:
1761 4700 1841 4780 Quis
1869 4720 1946 4783 ergo
1975 4699 2073 4764 locum
2103 4697 2243 4780 mutatu,
2277 4701 2312 4762 at
2333 4697 2383 4795 iu-

383 4781 1356 4956 {tittttttlattuit?”tuditibus,t
1408 4789 1534 4954 Sili}
1557 4786 1613 4937 “0¹2¹
1632 4768 2236 4952 tutt‘ttttttltultttt
2249 4802 2384 4951 tutu?

384 4974 440 5021 ros
462 4955 563 5021 tuisse
584 4956 672 5038 regie
694 4952 859 5034 mandato,
882 4974 984 5036 quum
1007 4957 1137 5038 sequuti
1159 4967 1268 5024 essent
1285 4977 1355 5040 pcr-
1409 4955 1465 5024 Sic
1494 4977 1572 5040 ergo
1601 4955 1697 5021 multi
1727 4963 1868 5033 vertunt,
1901 4955 2063 5021 neminem
2093 4954 2161 5019 fore
2190 4953 2248 5035 qui
2270 4974 2385 5036 preces

383 5059 498 5106 versas
530 5039 787 5124 superstitiones.
842 5038 969 5123 Sponte
1002 5041 1088 5106 enim
1121 5043 1245 5108 assensi
1279 5051 1355 5108 sunt
1409 5061 1484 5108 suus
1511 5049 1653 5126 opponat
1680 5061 1739 5125 pro
1767 5040 1907 5108 Iudaeis.
1960 5039 2026 5106 Sed
2056 5039 2084 5106 si
2113 5038 2271 5123 syntaxis
2305 5059 2382 5121 pro-

384 5126 469 5211 regi:
504 5131 536 5190 et
558 5133 670 5191 tamon
692 5125 749 5192 vix
771 5129 803 5188 et
825 5124 934 5208 longis
956 5123 1200 5195 difficultatibus
1223 5128 1355 5195 adducti
1408 5127 1525 5211 phetae
1548 5127 1773 5213 expendimus,
1795 5127 1904 5211 potius
1926 5124 2069 5208 loquitur
2091 5123 2131 5190 do
2153 5122 2210 5190 illc
2228 5123 2383 5190 humani·

384 5211 515 5276 luerunt
538 5214 576 5275 ut
597 5217 788 5293 paterentur
810 5210 938 5276 restitui
961 5210 1025 5276 Dei
1054 5209 1181 5277 cultum
1211 5222 1355 5298 tompore
1408 5213 1485 5280 tatis
1514 5214 1635 5297 officio,
1669 5210 1754 5296 quod
1783 5211 1933 5278 homiues
1962 5213 2050 5277 inter
2079 5231 2114 5276 se
2144 5209 2256 5278 colunt
2283 5213 2383 5293 atquc

384 5294 555 5362 Ezechiae.
600 5295 772 5362 Caeterum
796 5295 836 5362 ad
859 5295 1106 5379 superstitiones
1129 5297 1282 5365 Manasse
1303 5320 1355 5366 an·
1408 5308 1576 5379 exercent,
1610 5300 1688 5366 dnm
1721 5298 1892 5382 inquirunt
1925 5296 1964 5364 de
1997 5316 2093 5381 pace:
2127 5294 2259 5362 Satisne
2290 5293 2385 5362 salva
