5158 6124
220 466 286 533 409
916 461 967 528 IN
988 460 1240 528 maumeth.
1285 460 1382 528 CAP.
1406 459 1542 528 XXIII.
2170 469 2236 536 410

226 656 296 723 ullo
320 656 453 722 homine
474 652 617 731 mortali,
639 652 666 718 si
689 650 724 716 in
746 671 783 716 se
799 649 1034 716 consideretur.
1065 647 1207 731 Deinde,
1258 652 1308 714 est
1329 648 1518 732 prodentia:
1545 671 1621 716 nam
1644 647 1792 732 probitas
1813 672 1879 717 non
1901 654 2067 721 sullioeret
2087 657 2121 721 in
2146 679 2233 745 rege.

227 743 302 827 llgo
323 761 380 807 ero
403 739 451 805 illi
473 741 508 804 in
574 748 669 815 trem,
698 744 732 802 et
751 737 822 819 ipse
843 735 908 801 erit
929 735 1013 800 mihi
1033 738 1066 800 in
1089 735 1205 801 lilium.
1257 733 1297 800 In
1330 735 1470 817 privatis
1507 735 1640 818 quidem
1678 733 1865 804 hominibus
1904 747 1996 805 tenet
2036 742 2233 812 medioerem

223 828 308 912 Hoo,
330 825 506 910 quemadm
551 844 606 890 um
630 821 799 906 apostolus
820 821 989 898 admonet,
1012 841 1078 886 non
1100 830 1208 904 potest
1257 818 1365 886 laudis
1384 821 1539 904 gradum:
1562 819 1621 886 sed
1643 822 1678 886 in
1701 841 1788 906 rege,
1811 824 1838 888 si
1854 825 1939 890 desit
1953 826 2134 910 ingenium,
2155 851 2231 914 pro·

223 912 352 998 angelis
373 912 454 995 ipsis
483 908 655 993 quadrare.
700 905 814 988 Quum
842 927 922 992 argo
951 906 1034 973 haeo
1062 905 1207 990 dignitas
1258 904 1343 970 bitas
1365 925 1478 989 parurn
1501 905 1633 972 valebit.
1667 906 1757 989 Ergo
1778 909 1986 976 commendat
2009 912 2233 998 hiepropheta

223 999 374 1098 ⁸¹¹l⁰³⁵⁹³
395 997 439 1062 ⁵³
460 994 609 1146 ‘'il-ll
622 991 1142 1144 “ilitil‘llm‘lbillim
1159 1011 1207 1143 ti
1257 989 1835 1145 ill‘t?„tits‘tltlltttlt
1856 994 1975 1145 ΨΘ
1990 998 2087 1100 'dli
2115 1000 2140 1064 ‘³
2161 1011 2231 1068 'l'

224 1083 629 1235 ildhthnlhhrilomgliiihhuhs
640 1100 758 1230 diuolitur
779 1099 906 1230 Iti‘aillunt
925 1098 1205 1247 queamdm-
1256 1183 1322 1227 nou
1351 1097 1430 1228 sati}
1457 1127 1628 1246 splerldida
1657 1165 1767 1229 ornari
1790 1101 2232 1254 Offihtusgnnlqiqufogffl

122 1301 125 1308 ι
226 1275 335 1337 qnam,
358 1261 396 1320 ut
409 1273 516 1336 nuper
531 1251 695 1328 admonui,
718 1248 851 1316 videtur
866 1249 1026 1333 propheta
1040 1268 1205 1333 opponere
1256 1247 1389 1313 formis:
1421 1248 1478 1314 sed
1511 1248 1691 1314 similitudo
1724 1261 1853 1333 sumpta
1886 1261 1936 1318 sat
1968 1253 2010 1318 ab
2043 1255 2231 1325 hominibus

223 1341 387 1407 sinoaram
411 1338 538 1405 Christi
563 1337 787 1422 integritatem
814 1354 928 1403 eorum
957 1334 1119 1418 impietati
1149 1333 1204 1418 qni
1255 1335 1333 1416 quia
1352 1334 1459 1417 prima
1481 1331 1541 1401 dos
1562 1355 1679 1418 regum
1709 1345 1759 1402 est
1786 1337 1975 1419 prudentia:
2004 1339 2121 1407 deinde
2148 1345 2231 1410 iute-

225 1427 287 1492 snb
316 1425 435 1491 umbra
462 1433 495 1489 et
523 1422 630 1489 lallaoi
659 1426 834 1505 praetextu
865 1421 1025 1486 dominati
1063 1422 1203 1502 ineram,
1256 1421 1360 1503 gritas
1382 1420 1507 1485 aooedit
1523 1419 1666 1486 seeundo
1680 1420 1760 1487 looo.
1794 1420 2047 1492 Soimueautem
2059 1426 2229 1496 Christum

225 1511 319 1595 quasi
345 1519 457 1576 essent
485 1530 526 1574 ex
553 1527 647 1574 saoro
677 1506 736 1571 illo
765 1527 885 1591 genere
919 1505 960 1571 do
989 1527 1054 1590 quo
1081 1506 1202 1572 dietum
1256 1525 1353 1588 saepe
1375 1506 1515 1572 conferri
1545 1507 1684 1572 terrenis
1713 1506 1859 1591 regibus,
1888 1509 1943 1575 vel
1969 1514 2106 1595 proponi
2135 1515 2231 1581 nobis

225 1605 308 1676 erat,
329 1595 400 1662 Ero
421 1595 469 1660 illi
491 1595 525 1659 in
548 1602 677 1679 patrem
699 1601 734 1657 at
754 1592 827 1677 ipse
850 1593 913 1658 erit
933 1591 1016 1657 mihi
1034 1592 1069 1657 in
1088 1592 1202 1657 lilium.
1256 1591 1377 1656 terreni
1416 1591 1504 1676 regis
1543 1593 1734 1677 imaginem,
1781 1595 1816 1658 in
1860 1614 1925 1677 qna
1971 1601 2231 1683 oontemplemur

224 1681 398 1765 Sequitur,
430 1679 475 1746 Et
504 1677 649 1764 agnobit
678 1697 747 1746 rea.
797 1678 871 1744 Hoo
902 1679 1001 1744 stiam
1034 1698 1100 1743 non
1133 1678 1204 1744 aine
1255 1676 1443 1742 Christum:
1458 1678 1535 1760 quia
1545 1678 1635 1743 Deus
1646 1697 1718 1744 sese
1729 1687 1925 1764 attemperat
1936 1682 2072 1748 ruditati
2082 1695 2228 1754 nostrae:

223 1787 324 1834 naum
345 1766 410 1832 fuit
431 1765 594 1832 additum:
623 1764 819 1848 paulopost
845 1771 973 1829 maetas
994 1763 1029 1827 in
1051 1763 1202 1828 exsilium
1255 1773 1289 1827 at
1311 1763 1387 1845 quia
1412 1783 1478 1827 non
1507 1764 1655 1845 oapimus
1684 1764 1774 1831 illam
1805 1767 2077 1835 inaestimabilem
2102 1771 2228 1839 Christi

226 1853 291 1919 luit
312 1851 467 1918 Ielrania:
494 1850 611 1916 deinde
633 1848 723 1916 omni
745 1869 865 1948 genem
886 1848 1086 1932 ignominiae
1108 1848 1203 1914 aliea·
1254 1847 1423 1926 iustitiam,
1447 1847 1563 1914 deinde
1580 1849 1791 1932 sapientiam:
1814 1851 1887 1918 ideo
1907 1861 1945 1917 ut
1962 1854 2119 1937 paulatim
2136 1857 2228 1927 Deus

226 1949 298 2038 tam
327 1937 390 2003 luit
417 1945 523 2038 totum
549 1957 655 2037 genus
689 1955 827 2020 reguum.
880 1933 1043 2036 Diadema
1071 1933 1201 2017 quidam
1253 1951 1314 1999 nos
1336 1933 1377 1998 ad
1400 1932 1570 2033 Christum
1588 1955 1695 2035 ⁸usque
1718 1935 1869 2016 deduoat‚
1897 1958 1977 2037 oum
1999 1940 2091 2006 nohis
2114 1941 2228 2008 adum·

223 2023 620 2192 {inutilitati
639 2027 848 2173 :tilla
868 2027 1075 2171 {lambibi
1102 2019 1203 2190 tlt
1253 2019 1755 2189 blitllrtlbltl‘tt
1771 2028 2229 2191 tlttljttttttttltl

223 2215 299 2278 spes
335 2204 407 2259 erat
439 2193 543 2261 futuri
572 2193 684 2277 regni,
716 2201 888 2274 postquam
918 2210 1039 2256 nomen
1067 2192 1201 2258 seminis
1254 2191 1358 2255 rideri
1380 2189 1521 2256 absurda
1536 2194 1746 2276 comparatio,
1770 2215 1887 2278 nempe
1907 2197 1985 2278 quia
2002 2196 2093 2264 Deus
2112 2198 2228 2282 loquu-

223 2280 381 2345 Abrsbae
409 2279 516 2345 inerat
544 2279 638 2361 quasi
668 2277 877 2344 exstinetam.
919 2277 1013 2342 Haeo
1040 2279 1125 2342 ratio
1151 2287 1203 2343 est
1254 2285 1309 2342 tus
1331 2285 1381 2341 est
1396 2296 1455 2359 pro
1469 2276 1599 2343 modulo
1613 2277 1767 2345 ruditatis
1783 2291 1925 2364 nostrae,
1947 2289 1980 2348 et
1995 2283 2101 2348 noluit
2116 2286 2228 2351 rtatim

224 2385 283 2431 our
305 2366 398 2431 Daue
420 2365 592 2448 promittat
614 2361 699 2446 quod
722 2383 810 2428 nuno
832 2361 984 2428 audimus
1006 2362 1048 2427 de
1074 2364 1203 2428 restitu-
1255 2361 1366 2444 pauois
1404 2361 1514 2428 verbis
1560 2366 1744 2446 exprimere
1789 2367 1895 2449 qualis
1938 2376 2025 2433 esset
2064 2368 2227 2436 Christus.

224 2452 315 2516 tione
336 2449 426 2517 solii:
450 2459 484 2515 ot
504 2451 586 2516 satis
607 2447 760 2532 oolligera
782 2448 858 2513 lieet
879 2469 921 2512 ax
943 2447 1113 2532 prophetis
1133 2469 1201 2514 om·
1254 2446 1428 2513 Caeterum
1453 2448 1593 2513 tenenda
1620 2460 1670 2516 est
1698 2470 1846 2535 anagoge
1874 2470 1895 2516 a
1923 2452 2056 2537 regibus
2088 2458 2228 2523 terranis

225 2537 334 2617 nibus,
357 2535 499 2602 salutem
520 2533 634 2620 populi
657 2534 758 2600 fuisse
778 2534 921 2618 positam
950 2535 984 2598 in
1014 2535 1102 2620 ragis
1130 2555 1201 2618 per·
1254 2532 1296 2599 ad
1329 2533 1508 2600 Christum.
1565 2535 1713 2602 Tametsi
1743 2538 1832 2601 enim
1871 2539 2039 2604 oonlsrtur
2071 2539 2229 2607 Christus

224 2641 320 2688 sona:
357 2629 393 2688 et
423 2622 609 2703 ubieunque
641 2617 736 2686 Deus
770 2619 927 2704 populun
957 2618 1040 2685 bene
1072 2640 1203 2702 sperare
1256 2620 1394 2685 terrenis
1416 2618 1555 2703 regibus,
1579 2639 1644 2686 non
1669 2629 1779 2687 tamon
1797 2631 1931 2688 notatur
1953 2625 2147 2708 aequalitas:
2170 2626 2228 2692 ssd

226 2707 326 2791 iubat,
349 2707 448 2774 aienti
470 2707 593 2772 dietum
614 2705 687 2785 fuit,
715 2705 884 2790 proposuit
905 2703 972 2769 illis
993 2713 1071 2771 ante
1093 2706 1202 2771 oeulos
1254 2716 1426 2788 postquam
1448 2705 1656 2788 oonoepimus
1678 2707 1712 2772 in
1734 2709 1841 2793 figura
1858 2709 1942 2792 qnod
1961 2731 2078 2793 oapere
2093 2723 2228 2795 possunt

224 2813 349 2878 regom.
400 2792 475 2858 Rex
508 2791 573 2858 erit
604 2791 640 2855 in
672 2792 779 2875 eapite
811 2810 943 2869 eorum,
977 2810 1078 2872 quum
1111 2790 1203 2858 Deus
1254 2803 1381 2856 mentes
1411 2801 1551 2870 nostrae,
1580 2790 1735 2858 debemus
1765 2794 2013 2861 transsosndere
2041 2797 2171 2881 longius
2194 2805 2228 2864 et

224 2877 424 2966 gubernabit
441 2897 506 2944 eos.
546 2877 805 2943 Nunotenamus
827 2876 1000 2942 eonsilium
1013 2876 1201 2961 prophetae,
1255 2875 1362 2941 altius.
1417 2876 1506 2957 Ergo
1538 2875 1593 2942 hio
1624 2877 1803 2943 notandum
1840 2891 1889 2945 eet
1931 2880 2106 2946 disorimen
2139 2885 2228 2950 inter

125 2989 132 3008 ·
224 2965 281 3031 ubi
314 2964 392 3030 diait
431 2982 535 3064 swam
566 2967 781 3048 regnaturum·
837 2960 979 3042 Quidam
1013 2962 1203 3028 existimant
1254 2961 1414 3027 iustitiam
1431 2960 1563 3038 Christi,
1586 2971 1620 3026 et
1642 2962 1798 3027 iustitiam
1822 2965 1960 3030 aliorum
1983 2987 2107 3050 regum.
2140 2968 2227 3034 Nam

223 3049 345 3135 opponi
377 3069 465 3132 regis
498 3069 617 3114 nomen
648 3045 836 3132 tyrannidi,
868 3047 946 3130 quia
978 3048 1075 3113 multi
1108 3068 1201 3132 reges
1254 3047 1309 3129 qui
1333 3046 1415 3112 bene
1438 3056 1604 3129 praesunt,
1634 3056 1744 3114 tamen
1767 3070 1834 3114 non
1846 3061 1995 3200 dpossunt
2017 3053 2112 3117 aliter
2133 3053 2226 3119 iusti-

224 3135 431 3202 deseivarant
460 3135 501 3200 ab
529 3132 651 3211 oifioio,
689 3141 723 3198 et
750 3139 967 3198 exercuerant
994 3133 1200 3200 latrooinium
1255 3135 1334 3197 tiam
1356 3140 1391 3198 at
1411 3129 1564 3197 iudioium
1581 3152 1741 3211 exeruere,
1764 3135 1828 3201 nisi
1869 3157 1923 3202 um
1945 3137 2077 3202 student
2092 3138 2228 3205 reddero

223 3222 285 3287 sub
316 3219 373 3285 illo
405 3220 553 3302 epaoioso
578 3217 724 3283 nomine.
779 3216 846 3285 Sed
877 3239 942 3283 non
977 3217 1091 3284 dubito
1121 3219 1200 3303 quin
1253 3219 1368 3301 auique
1388 3218 1440 3284 ius
1455 3238 1561 3299 sunm,
1576 3218 1632 3284 ubi
1648 3231 1798 3286 ooaroent
1813 3221 2036 3306 improborum
2049 3223 2228 3306 audaoiam,

224 3325 344 3371 nomen
366 3306 454 3390 regis
475 3303 575 3369 luerit
596 3323 791 3386 expressum
813 3325 855 3370 ue
877 3303 1042 3370 dubitaret
1063 3304 1201 3388 populus
1254 3311 1390 3370 tuentur
1422 3302 1523 3369 bonos
1555 3314 1589 3370 et
1613 3305 1780 3371 innoxios:
1814 3307 1875 3374 hoo
1911 3317 2042 3374 tentum
2073 3314 2228 3392 potesta

222 3393 264 3456 da
285 3392 524 3475 oomplemento
546 3388 645 3454 huius
667 3389 825 3467 vatioinii,
854 3390 933 3473 quia
959 3390 989 3454 si
1010 3389 1201 3473 eimplioiter
1252 3390 1384 3474 regibus
1406 3389 1546 3455 terrenis
1577 3389 1763 3458 desiderari.
1808 3392 1963 3460 Christus
1988 3403 2099 3460 autem
2128 3396 2227 3479 longe

224 3477 347 3543 dietum
370 3489 473 3554 esset,
505 3471 678 3542 Susoitabo
700 3474 826 3541 Devidi
855 3495 990 3560 germen
1020 3475 1145 3541 iustum
1167 3485 1200 3542 et
1253 3476 1365 3542 aliter:
1399 3476 1476 3559 quia
1509 3497 1573 3540 non
1606 3487 1737 3541 tantum
1771 3480 1857 3560 sapit
1889 3486 1926 3544 ut
1958 3478 2108 3563 dispioiat
2140 3480 2226 3565 quod

225 3563 386 3648 regnabit,
409 3568 561 3646 poterant
582 3560 712 3644 quidem
736 3580 828 3644 spem
851 3561 994 3643 aliquam
1017 3563 1200 3644 oonoipere,
1254 3561 1412 3644 optimum
1436 3569 1485 3627 est
1508 3571 1540 3626 et
1561 3571 1696 3639 reolum,
1724 3563 1781 3628 sad
1804 3564 1906 3629 donat
1928 3565 2026 3629 etiem
2049 3585 2126 3631 suos
2148 3587 2226 3649 pru·

224 3649 280 3714 sed
311 3649 466 3731 exiguam
494 3657 529 3712 at
554 3666 621 3712 non
649 3646 729 3712 satis
755 3646 898 3729 plenam.
952 3645 1083 3714 Soimus
1111 3648 1200 3714 anim
1254 3647 1363 3712 dantia
1384 3657 1417 3711 et
1440 3645 1675 3730 intelligentia:
1706 3647 1863 3714 iudioium
1889 3657 1922 3716 et
1951 3650 2109 3714 iustitiam
2137 3652 2225 3733 lauit,

221 3733 404 3800 Zerubabel
426 3733 564 3798 stallos
586 3731 1201 3816 exoelluisseetiamaliquapraestan·
1253 3755 1319 3799 non
1341 3741 1470 3798 tanturn
1493 3733 1569 3814 quia
1598 3732 1744 3798 defendit
1770 3734 1920 3800 innoxiae
1948 3742 1981 3800 et
2006 3734 2140 3802 adiuvat
2169 3757 2225 3802 eos

223 3822 279 3897 tia,
302 3820 403 3885 luisse
424 3817 553 3884 habitos
575 3818 611 3882 in
633 3817 741 3901 pretio
763 3817 804 3882 ob
830 3819 1021 3883 memoriam
1044 3818 1199 3885 Davidis:
1253 3819 1308 3902 qui
1338 3818 1583 3902 opprimuntur,
1612 3819 1794 3900 opitulatur
1825 3822 1951 3886 miseris
1984 3828 2018 3886 et
2049 3821 2227 3904 oompesoit

223 3906 280 3972 sod
303 3903 432 3970 nullum
456 3915 535 3970 tuno
560 3904 623 3968 suit
648 3922 798 3986 regnum.
842 3901 935 3968 Deus
964 3924 1041 3988 argo
1070 3903 1132 3970 baa
1155 3905 1201 3968 lo·
1254 3903 1426 3987 improbos,
1451 3901 1507 3968 sest
1533 3909 1649 3969 meet
1675 3905 1846 3984 iristitiam,
1877 3906 1954 3989 quia
1983 3915 2136 3990 regnarat
2165 3928 2225 3974 uos
2366 3941 2379 3967 ι

222 3993 381 4074 quntioue
404 3991 519 4056 testari
549 4008 703 4072 expresse
730 3989 837 4054 voluit
863 3990 932 4054 fore
954 3998 1078 4055 tantam
1107 3989 1202 4073 regni
1253 4009 1313 4056 suo
1331 3989 1464 4072 spiritu:
1488 3987 1605 4054 deinde
1627 3995 1744 4056 exord
1764 3992 1928 4068 iudicitur,
1959 3993 2111 4074 quoniam
2142 3993 2225 4059 frae-

221 4076 452 4144 axoellentiam
485 4084 523 4140 ut
554 4073 639 4139 nibil
672 4072 850 4151 desiderari
884 4083 985 4157 queat
1013 4093 1032 4138 a
1060 4074 1201 4154 Iudaeis,
1254 4095 1330 4139 num
1360 4074 1464 4138 iniioit
1494 4072 1630 4140 diabolo.
1673 4075 1771 4142 Nune
1800 4097 1878 4160 ergo
1906 4077 2120 4162 intelligimus
2146 4077 2227 4161 quid

223 4164 302 4246 quia
333 4183 399 4227 non
433 4161 497 4227 erit
533 4161 680 4242 putentia
713 4158 841 4226 Christi
880 4159 1016 4226 inferior
1056 4161 1202 4244 potentia
1254 4159 1315 4225 sibi
1337 4160 1418 4225 velit
1438 4158 1523 4242 quod
1547 4159 1701 4239 dioebam,
1723 4163 1900 4228 notandam
1923 4183 1996 4229 esse
2013 4183 2226 4248 anagogena

222 4248 373 4316 Davidis.
423 4245 582 4330 Regnobil
609 4245 713 4329 igitur
740 4265 814 4329 rea,
844 4245 906 4312 hoo
936 4256 1001 4325 est,
1028 4247 1203 4330 magnifiee
1253 4245 1386 4311 Christo
1408 4244 1449 4309 ad
1472 4265 1566 4329 regas
1586 4255 1742 4326 terrenos,
1764 4256 1797 4313 et
1812 4248 1908 4314 simul
1923 4249 2126 4334 analogiam:
2149 4253 2226 4335 quia

221 4334 383 4419 regnabit,
407 4342 444 4396 ιιι
466 4352 533 4396 non
552 4341 682 4396 tantum
700 4341 881 4414 appareant
898 4331 1026 4415 aliquae
1043 4332 1201 4415 reliquiae
1254 4330 1376 4413 aliquid
1399 4330 1505 4395 simile
1527 4340 1587 4408 est,
1617 4340 1650 4397 et
1679 4332 1802 4416 aliquid
1831 4333 2016 4400 divorsum:
2046 4336 2145 4420 longa
2175 4341 2227 4402 est

223 4417 575 4505 pristinaedignitatis,
589 4416 647 4482 sad
667 4426 707 4482 ut
720 4436 782 4481 rex
796 4417 955 4482 floreatet
969 4419 1081 4501 vigeat
1095 4428 1129 4484 et
1146 4420 1201 4484 ob·
1253 4419 1340 4482 inter
1363 4415 1532 4483 Christum
1561 4427 1594 4482 et
1619 4417 1700 4484 alios
1729 4438 1823 4501 reges
1850 4418 2023 4500 distentia,
2053 4430 2086 4486 et
2115 4430 2225 4486 tamen

222 4508 326 4571 tineat
347 4504 584 4588 perlootionem
607 4503 712 4585 qualis
734 4502 797 4567 luit
817 4503 879 4569 sub
900 4502 1032 4568 Davide
1054 4513 1087 4568 et
1109 4502 1202 4570 Solo·
1254 4502 1363 4586 aliqua
1384 4505 1418 4567 in
1441 4511 1533 4586 parte
1555 4511 1629 4584 apta
1651 4512 1700 4569 est
1714 4504 1922 4586 oomparatio,
1946 4505 2024 4570 dum
2040 4526 2227 4591 proponun-

221 4611 331 4671 mona,
344 4610 382 4656 ao
392 4590 497 4655 multo
504 4587 733 4673 praestantior.
757 4586 1202 4674 aequuquruueaarapet,
1255 4595 1310 4653 tur
1331 4589 1426 4654 nobis
1449 4609 1484 4653 ra
1508 4607 1543 4653 as
1564 4590 1687 4654 terreni
1710 4597 1865 4673 tanquam
1895 4591 2021 4674 figurae
2051 4601 2085 4656 et
2114 4592 2227 4674 imagi-

220 4677 317 4760 suaet
348 4676 504 4742 iuditium
531 4679 558 4740 et
586 4674 744 4738 iustitiam
771 4673 808 4739 in
835 4678 934 4752 terro,
968 4675 1019 4740 vel
1049 4695 1202 4758 prospere
1254 4695 1312 4740 nes
1332 4675 1445 4756 ipsius.
1485 4609 1648 4756 {equitur
1668 4687 1796 4758 postea,
1826 4674 1984 4742 Ieltttdam
2011 4676 2133 4742 aulum
2158 4677 2227 4758 sore

223 4771 310 4849 aget.
347 4761 435 4828 Nam
450 4748 521 4832 bau
543 4769 720 4842 utrumque
741 4758 920 4842 signifieat:
943 4759 1074 4827 videtur
1091 4769 1207 4845 tamen
1253 4761 1288 4824 ia
1307 4759 1415 4826 diebtts
1432 4758 1525 4825 illius
1545 4760 1636 4842 repis.
1680 4761 1746 4826 Per
1767 4762 1836 4828 dieo
1856 4763 1940 4847 repis
1967 4784 2034 4828 non
2057 4759 2154 4827 debet
2176 4761 2226 4827 in·

222 4847 278 4916 hio
300 4848 410 4932 potius
432 4847 521 4933 loqui
544 4843 703 4930 propheta
725 4845 765 4910 de
789 4857 880 4911 reato
901 4846 1019 4912 iudioio
1041 4867 1139 4929 quam
1163 4846 1203 4912 de
1254 4845 1358 4930 talligi
1381 4844 1509 4911 Christi
1531 4843 1611 4922 vita,
1641 4867 1737 4929 quam
1760 4850 1923 4933 transegit
1951 4849 1985 4912 in
2008 4848 2069 4914 hoo
2091 4847 2226 4929 mundo,

223 4933 310 5000 ielioi
332 4951 502 5013 suooessn,
532 4933 608 5016 quia
629 4930 711 4997 haeo
732 4930 932 4997 ooniunotim
954 4931 1094 5017 legenda
1116 4941 1204 5013 sunt,
1254 4931 1311 4999 sed
1333 4929 1549 5014 perpetuitas,
1582 4929 1622 4996 de
1644 4953 1707 5015 qua
1727 4932 1832 4999 Isaiae
1855 4934 2014 5018 loquitur,
2045 4952 2144 5015 quum
2167 4953 2227 5016 per

309 5023 390 5084 mter
411 5025 495 5104 ogei,
526 5017 658 5097 deiude,
685 5017 780 5099 faciet
809 5017 963 5084 iuditium
991 5018 1202 5084 etiualiliam.
1254 5017 1504 5083 admirationem
1522 5016 1711 5102 interrogat,
1733 5022 1886 5084 Aetatem
1908 5019 1978 5084 eius
1999 5018 2072 5100 quis
2093 5037 2225 5083 enarra·

259 5105 369 5171 idetur
391 5125 470 5190 ergo
491 5107 526 5171 in
550 5124 680 5168 summa
709 5103 771 5170 hoo
800 5103 904 5188 vella,
935 5103 1105 5171 Christum
1135 5105 1204 5168 lore
1253 5103 1301 5168 bit
1321 5101 1399 5186 (Ira.
1422 5102 1474 5182 53,
1496 5100 1553 5189 8)?
1584 5103 1669 5168 Nam
1698 5104 1799 5170 semel
1828 5111 1978 5168 mortuus
2007 5110 2058 5168 est
2086 5112 2124 5167 ut
2152 5102 2226 5168 Deo

225 5191 414 5275 praeditum
451 5198 519 5257 tam
556 5187 751 5275 prudentias
785 5209 884 5272 quam
925 5187 1131 5257 reatitudinis
1170 5199 1204 5254 et
1255 5191 1360 5268 vivat,
1392 5188 1666 5271 quemadmodum
1697 5190 1775 5255 dioit
1800 5189 1924 5255 Paulus
1954 5187 2063 5272 (Rom.
2092 5190 2130 5269 6,
2159 5187 2226 5275 10).

223 5276 1204 5448 titttlntllteltltt,amititia
1255 5275 1356 5444 ,Elii
1378 5274 1870 5428 ilittlhllntttltt
1892 5274 2095 5427 tilithi
2114 5275 2224 5428 ,lit

588 5407 596 5424 ⁸
1703 5407 1705 5412 ·
2023 5409 2032 5445 ²
2211 5397 2225 5410 ⁸
