5158 6124
219 431 283 499 345
935 434 983 500 IN
1007 434 1256 502 IEREMIAM.
1293 435 1392 502 CAP.
1415 436 1505 502 qu
2151 440 2217 506 346

223 624 296 706 quis
319 623 420 691 Deus.
465 625 576 706 Quum
598 624 700 709 igitur
721 625 871 690 videmus
900 644 966 689 uon
995 644 1067 690 esse
1097 623 1195 689 talem
1245 645 1398 707 cuperem
1432 627 1621 692 renuntiare
1654 626 1816 692 vocationi
1848 648 1951 706 meae,
1986 635 2108 695 tractus
2141 651 2215 696 sum

222 711 376 774 effectum
407 711 587 788 doetrinae,
614 712 721 794 qualis
750 710 911 795 optandus
939 719 1033 786 esset,
1063 729 1196 776 necesse
1246 722 1364 787 tamen,
1395 721 1427 775 et
1449 713 1540 778 Deus
1563 712 1722 778 violenter
1743 733 1870 780 mecum
1893 717 1973 798 egit:
2013 715 2096 796 uoto
2116 737 2215 784 serm

221 803 272 861 est
294 816 350 860 eus
371 798 429 878 qui
452 797 573 881 alioqui
596 799 682 862 firmi
710 809 796 876 sunt,
826 796 958 862 tandem
983 797 1035 861 vel
1057 796 1196 874 concuti,
1246 798 1315 863 aare
1335 797 1400 880 fait
1420 802 1569 880 tanquam
1590 799 1673 881 ipsis
1695 801 1809 866 ardeas
1826 801 1861 865 in
1878 801 1967 866 corde
1983 802 2126 882 menits
2143 807 2214 867 tau·

220 881 274 948 vel
296 881 471 949 labascere.
516 884 596 950 Ideo
619 884 672 951 hio
694 884 784 949 loeus
809 883 914 966 mame
943 881 1109 948 notandus
1135 890 1195 958 est,
1247 886 1319 950 dem
1344 883 1519 949 ebulliente
1541 885 1597 950 illa
1621 884 1778 950 violentia
1807 886 1951 968 spiritus,
1982 899 2110 953 coactus
2140 908 2214 954 sum

220 987 320 1051 quum
343 969 465 1035 latetur
486 969 643 1036 Ieremias
665 991 699 1036 ss
721 967 821 1035 luisse
843 977 1096 1044 consternatum,
1120 969 1195 1049 quia
1245 970 1397 1054 progredi
1418 971 1455 1034 iu
1477 971 1682 1036 officiumne.
1720 971 1806 1038 Diei
1825 973 1932 1056 igitur,
1953 993 2016 1040 noc
2035 975 2215 1040 recordabor

220 1052 353 1121 ridebat
373 1076 560 1122 sermonem
582 1057 645 1122 Dei
669 1076 740 1122 esse
762 1055 909 1133 ludibrio,
931 1065 964 1120 et
986 1056 1032 1118 ita
1055 1053 1195 1119 voluerit
1246 1056 1392 1138 amplius,
1425 1061 1454 1122 et
1483 1075 1545 1122 aon
1572 1057 1687 1138 loquor
1713 1058 1748 1122 ia
1779 1059 1900 1124 nomiae
1920 1058 1999 1139 Dei,
2029 1081 2095 1125 uon
2128 1060 2214 1144 quud

221 1161 362 1206 eoursu
384 1143 563 1209 vocationis
584 1163 663 1208 suae
686 1140 850 1207 desistere.
894 1139 1046 1208 Sciamus
1068 1140 1194 1222 quoties
1244 1141 1404 1225 propheta
1437 1142 1536 1208 vellet
1568 1143 1631 1207 sibi
1663 1151 1696 1208 et
1728 1142 1801 1208 aliie
1833 1144 1987 1211 inducere
2015 1144 2213 1212 oblivionem

219 1226 305 1292 idem
327 1229 362 1291 in
383 1239 528 1294 mentem
550 1229 643 1293 nubis
666 1228 767 1311 venit,
797 1225 925 1292 fortiter
946 1246 1018 1292 esse
1040 1225 1193 1291 resisten-
1244 1229 1316 1306 Dei,
1339 1227 1397 1294 sed
1418 1230 1493 1312 quia
1514 1226 1652 1313 putabat
1675 1249 1710 1294 se
1739 1229 1874 1312 perdere
1901 1251 2043 1314 operam,
2071 1231 2214 1316 adeoque

218 1312 308 1378 dum.
361 1315 407 1381 Et
437 1314 509 1382 ideo
536 1315 617 1380 baeu
646 1314 745 1380 simul
776 1313 924 1378 connecti
952 1311 1082 1388 debent,
1113 1309 1194 1392 qaod
1244 1316 1368 1380 frustra
1398 1314 1603 1394 tumultuari,
1636 1335 1737 1398 quum
1769 1314 1924 1382 clamaret
1955 1318 2026 1382 sine
2058 1319 2213 1400 proiectu,

218 1399 337 1465 dicerit
357 1419 420 1466 nura
441 1401 624 1466 recordabor
644 1400 792 1482 amplias,
817 1419 914 1480 aeqm
934 1399 1049 1480 loquor
1069 1399 1105 1463 ira
1126 1398 1195 1462 eius
1244 1421 1352 1484 neque
1384 1401 1417 1466 id
1449 1399 1554 1478 modo,
1586 1400 1644 1466 sad
1676 1401 1775 1466 etiam
1808 1410 2016 1486 exasperaret
2048 1403 2214 1487 improbus

220 1487 362 1552 comice:
394 1487 450 1552 aad
478 1487 577 1568 faerit
604 1507 704 1552 sumo
732 1485 797 1551 Dei
829 1485 922 1566 quusi
954 1485 1038 1568 ipaie
1070 1485 1195 1550 ardeas.
1244 1489 1351 1571 magis
1380 1509 1418 1554 ao
1448 1488 1569 1571 magis:
1601 1485 1873 1569 quemadmodum
1906 1489 1999 1555 ulcus
2032 1488 2109 1555 dum
2142 1511 2213 1573 pre·

219 1571 382 1638 Videmus
404 1592 483 1657 ergo
501 1580 539 1638 ut
556 1572 648 1640 Deus
670 1572 850 1639 adhibuerit
868 1590 1000 1635 servum
1024 1590 1130 1644 suum,
1152 1591 1194 1636 ne
1244 1574 1347 1638 mitur
1367 1573 1472 1656 egerit
1493 1572 1703 1656 purulentam
1720 1575 1900 1655 materiam,
1922 1575 1970 1640 sio
1987 1575 2087 1640 etiam
2108 1579 2213 1661 magis

217 1679 374 1743 praeceps
401 1667 529 1743 rueret,
562 1659 614 1724 vel
644 1657 870 1724 succumberet
899 1657 1081 1722 tentationi.
1125 1654 1194 1720 Ab·
1245 1679 1283 1725 au
1312 1661 1417 1744 magis
1448 1657 1661 1742 detegebatur
1686 1659 1836 1743 impietas
1865 1662 1983 1744 populi,
2013 1682 2113 1745 quum
2140 1682 2213 1745 pru·

219 1754 351 1829 surptus
374 1744 463 1810 enim
483 1745 598 1810 luisset
620 1744 733 1809 statim
751 1745 812 1810 hoc
827 1742 919 1826 quasi
942 1740 1102 1826 profundo
1120 1763 1195 1826 gur·
1244 1745 1345 1827 pheta
1366 1755 1556 1829 coargueret
1577 1745 1709 1826 scelera,
1728 1765 1809 1827 quae
1831 1747 1922 1828 prius
1944 1747 2096 1814 latebant.
2140 1748 2212 1812 Iam

218 1832 297 1915 gite,
327 1830 392 1896 nisi
414 1851 585 1897 occursum
607 1830 723 1896 luisset
744 1829 913 1895 divinitus.
958 1829 1037 1894 Ideo
1067 1829 1195 1911 quoties
1243 1852 1322 1914 ergo
1354 1831 1516 1897 discamus
1547 1831 1697 1913 exemplo
1729 1830 1922 1914 prophetae,
1962 1833 2089 1915 quoties
2120 1833 2213 1899 nobis

217 1917 311 1983 nobis
342 1915 507 2002 'obrepunt
540 1915 701 1982 eiusmodi
739 1917 956 1994 tentationes,
995 1919 1143 1998 petamus
1175 1934 1195 1979 a
1244 1917 1354 1984 obiicit
1374 1915 1493 1995 Satan,
1515 1917 1567 1982 vel
1595 1919 1692 1982 etiam
1720 1937 1795 1982 caru
1828 1928 1957 1996 nostra,
1992 1918 2212 1985 desistendum

222 2003 293 2068 Deo
330 2011 370 2068 ut
401 2002 497 2069 nobis
533 2003 682 2068 fraenum
718 2001 862 2068 inliciat:
908 2000 1024 2066 deinde
1060 2005 1099 2065 ut
1133 2020 1194 2066 nus
1245 2024 1316 2069 esse
1344 2024 1364 2068 a
1395 2003 1636 2087 praedicatione
1668 2002 1817 2070 eoelestis
1849 2003 2026 2078 doctrinae,
2059 2006 2213 2088 quoniam

222 2090 392 2167 sustineat,
415 2089 471 2154 vel
492 2089 522 2154 si
543 2089 609 2154 iam
631 2088 790 2154 fuerimus
813 2087 906 2171 lapsi,
928 2095 966 2152 nt
987 2107 1048 2152 nos
1064 2085 1195 2151 attollat
1244 2111 1310 2155 non
1333 2090 1440 2174 pariat
1462 2091 1564 2155 iustos
1585 2097 1619 2154 et
1639 2089 1803 2173 legitimos
1831 2090 1970 2167 fruetus,
1999 2090 2214 2156 nihilominus

215 2193 363 2240 sursum:
386 2173 504 2240 deinde
525 2177 696 2240 ounfirmet
718 2174 835 2257 spiritu
856 2192 926 2238 suo.
963 2173 1062 2238 Ratio
1084 2181 1193 2237 autem
1245 2196 1315 2242 esse
1347 2175 1479 2242 odorem
1511 2175 1630 2240 bonnm
1660 2195 1767 2241 curam
1796 2174 1883 2255 Deo,
1920 2177 2047 2241 etiamsi
2083 2175 2214 2242 lethalis

215 2260 410 2338 ostenditur,
433 2281 498 2345 qua
511 2259 605 2327 Deus
619 2260 796 2343 opitulatus
812 2268 862 2326 est
876 2279 971 2326 servo
985 2278 1055 2337 suo,
1076 2278 1193 2342 nempe
1245 2263 1288 2326 sit
1309 2261 1476 2345 improbis.
1509 2261 1649 2327 Necesse
1667 2269 1717 2326 est
1737 2261 1840 2346 igitur
1854 2261 2017 2347 evangelii
2033 2262 2213 2328 doctrinam

215 2348 297 2430 qaod
315 2347 413 2430 fuerit
432 2367 535 2413 sumu
551 2345 616 2412 Dei
637 2353 789 2428 tunquam
809 2346 894 2430 ipsis
910 2346 1027 2412 ordeo
1047 2345 1084 2410 tn
1104 2345 1194 2410 corde
1244 2347 1357 2413 multis
1379 2367 1449 2413 ease
1471 2348 1689 2412 mortiferam:
1712 2347 1769 2413 sed
1788 2357 1898 2414 tamen
1915 2368 1983 2414 non
1997 2347 2070 2412 ideo
2085 2347 2214 2414 vilescit

216 2436 303 2499 aiae:
325 2431 453 2513 deinde,
475 2433 558 2514 qaod
573 2432 713 2498 nataae
733 2434 831 2515 faerit
851 2432 887 2496 in
906 2431 1028 2498 ossibus
1046 2431 1123 2513 eiua,
1145 2430 1193 2495 ita
1243 2455 1341 2516 opera
1363 2442 1476 2499 nostra
1497 2453 1606 2500 curam
1626 2434 1706 2500 Deo.
1742 2431 1871 2500 Scimus
1888 2434 1976 2500 enim
1997 2456 2059 2500 nos
2082 2442 2213 2518 gratum

216 2531 253 2584 ut
274 2521 403 2586 fervore
425 2518 482 2584 illo
504 2518 738 2602 impelleretur,
760 2539 864 2601 neque
879 2519 930 2584 sui
945 2527 1034 2583 esset
1050 2537 1191 2599 compos,
1244 2520 1361 2585 offerre
1382 2519 1456 2585 Deo
1487 2519 1699 2586 sacrificium:
1733 2529 1767 2584 et
1800 2521 1948 2603 quemvis
1980 2519 2071 2585 labor
2103 2528 2213 2585 noster

216 2605 320 2670 doneo
347 2607 494 2689 perrexit
522 2605 557 2669 in
587 2604 688 2670 officii
715 2605 768 2671 sui
796 2625 903 2670 eursu
956 2601 1131 2669 Gonuludit
1159 2622 1192 2668 se
1244 2606 1288 2671 sit
1308 2605 1444 2688 inutilis,
1467 2616 1616 2688 respectu
1639 2604 1818 2685 hominum,
1843 2627 1914 2672 esee
1936 2613 2045 2670 tamen
2068 2607 2213 2672 fructuu-

216 2693 318 2774 faieaa
338 2692 516 2776 fatigatam,
540 2691 592 2757 vel
616 2713 651 2756 se
672 2709 771 2773 aegre
794 2690 907 2756 tulisse
927 2689 1071 2772 secedo:
1098 2688 1192 2771 quasi
1244 2712 1316 2758 sum
1339 2693 1374 2756 in
1397 2691 1535 2774 gloriam
1557 2691 1633 2757 Dei:
1657 2699 1690 2755 et
1708 2691 1786 2757 dum
1809 2713 1922 2757 sumus
1939 2691 2018 2758 odor
2039 2692 2155 2756 mortis
2176 2692 2212 2756 in

215 2777 354 2855 diceret,
387 2798 453 2843 nun
475 2777 578 2842 luisse
607 2776 736 2842 arbitrii
766 2777 817 2842 sui
847 2777 901 2842 vel
928 2773 1140 2859 supersedere
1173 2793 1193 2838 a
1243 2787 1382 2842 mortam
1411 2778 1452 2842 iis
1483 2778 1539 2859 qui
1568 2786 1715 2858 pereunt,
1745 2777 1816 2844 Deo
1846 2790 1955 2844 teman
1985 2787 2113 2863 gratam
2143 2797 2214 2843 esse

213 2863 376 2941 doctrina,
406 2863 458 2932 vel
489 2864 623 2947 exsequi
653 2861 738 2945 quud
767 2862 944 2929 mandabat
973 2860 1084 2926 Deus:
1113 2879 1191 2942 quo-
1244 2874 1387 2928 nostram
1411 2883 1541 2945 operam
1565 2861 1626 2928 hau
1655 2883 1781 2945 quoque
1809 2865 1844 2928 in
1873 2873 1976 2947 parte.
2020 2861 2212 2930 Cavendum

214 2950 305 3014 niam
328 2950 440 3016 lervur
460 2949 516 3014 ille
537 2949 655 3032 ignens
676 2949 785 3030 ipsum
807 2948 975 3032 impulerit
992 2947 1033 3010 ed
1051 2965 1191 3030 pergen·
1243 2949 1340 3014 etiam
1364 2957 1415 3014 est
1443 2969 1485 3013 ne
1504 2947 1577 3013 Deo
1609 2968 1668 3012 nus
1697 2949 1938 3026 subtrahamus,
1966 2948 2024 3014 sed
2055 2951 2154 3014 etiam
2184 2948 2214 3014 si

212 3035 303 3101 dnm.
347 3036 481 3101 Interea
503 3031 638 3100 dubium
660 3055 729 3099 nun
753 3043 803 3100 est
821 3035 899 3118 quin
919 3033 1102 3116 respexerit
1119 3051 1192 3097 oon·
1242 3033 1347 3099 multa
1376 3045 1557 3111 oouurrant,
1585 3053 1668 3116 quae
1694 3044 1865 3099 morentur
1893 3055 2025 3100 cursum
2053 3043 2214 3114 nostrum,

213 3127 395 3204 temptores
416 3121 490 3187 illos
508 3121 701 3204 quibuscum
724 3119 868 3186 habebat
887 3120 1066 3204 negotium.
1104 3119 1192 3182 Tan·
1242 3129 1282 3184 ut
1303 3129 1414 3186 tamen
1435 3140 1629 3204 superemus
1646 3119 1780 3203 spiritus
1798 3122 1868 3186 eius
1885 3121 2015 3186 virtute.
2051 3121 2098 3188 Et
2115 3119 2214 3186 simul

214 3208 353 3273 tundam
380 3207 482 3292 igitur
504 3215 555 3272 est
577 3227 615 3272 ao
635 3208 663 3270 si
686 3206 809 3272 moeret
833 3227 869 3271 se
891 3213 1063 3290 expertum
1093 3202 1192 3269 fuisse
1243 3205 1454 3271 metuendum
1478 3213 1527 3271 eet
1549 3226 1591 3272 ne
1611 3215 1723 3272 nuens
1740 3207 1873 3290 ignavia
1890 3207 2086 3290 sepeliamus
2106 3207 2214 3272 fervo-

215 3294 293 3375 quid
315 3293 361 3358 sit
382 3293 503 3358 habere
525 3300 631 3357 totum
654 3291 817 3357 mundum
839 3290 900 3358 sibi
922 3290 1117 3356 adversum:
1138 3288 1193 3354 sed
1242 3312 1323 3372 rem,
1346 3290 1385 3358 da
1408 3311 1472 3374 qno
1493 3290 1547 3358 hiu
1575 3293 1734 3375 propheta
1755 3294 1907 3376 loquitur.
1952 3293 2111 3358 Videmus
2133 3291 2213 3376 quid

217 3381 323 3447 Deam
343 3381 445 3463 faisse
472 3378 676 3460 superiorem.
720 3377 794 3444 Huo
822 3385 932 3443 autem
961 3374 1034 3440 ideo
1063 3375 1191 3451 dicitur,
1243 3378 1306 3462 ipsi
1329 3377 1428 3443 lunae
1449 3377 1611 3444 acciderit.
1655 3379 1704 3443 Eo
1731 3379 1900 3461 prolapsas
1928 3389 1986 3456 est,
2017 3387 2053 3444 ut
2079 3399 2213 3461 prorsus

215 3468 371 3550 qnoniam
391 3466 520 3548 profani
538 3464 686 3529 homines
704 3463 782 3530 hinc
796 3472 929 3548 captant
944 3483 1058 3528 ansam
1073 3463 1194 3528 securi·
1243 3471 1329 3530 esset
1350 3463 1496 3529 desertor
1515 3463 1614 3529 olfioii
1636 3464 1698 3542 sui,
1720 3465 1918 3545 suffocando,
1941 3474 2097 3546 quantum
2120 3465 2156 3529 iu
2178 3486 2214 3531 se

216 3556 306 3632 tatis,
329 3552 407 3618 dnm
431 3551 656 3635 imaginantur
683 3550 860 3634 prophetas
887 3558 922 3614 et
950 3548 1099 3616 ductores
1121 3568 1193 3613 esse
1243 3558 1323 3629 erat,
1347 3549 1409 3615 Dei
1432 3549 1597 3616 iudicium.
1630 3552 1680 3615 Ao
1701 3569 1802 3631 quum
1824 3564 1908 3616 esset
1929 3552 2096 3634 prologus,
2118 3554 2213 3632 puta·

214 3641 309 3720 quasi
336 3636 501 3722 stupidus:
536 3635 577 3716 Ο,
599 3635 677 3719 quid
707 3635 907 3700 morabimur
934 3634 1103 3713 fanaticus,
1135 3635 1192 3716 qui
1242 3636 1294 3700 vit
1315 3656 1351 3701 se
1372 3655 1443 3702 esse
1466 3643 1560 3701 extra
1587 3635 1777 3717 periculum,
1808 3656 1846 3702 ac
1867 3638 1895 3701 si
1917 3645 2061 3702 remotus
2089 3636 2214 3702 loreta

214 3747 282 3790 non
306 3736 384 3790 sunt
405 3721 547 3808 praediti
569 3720 735 3788 communi
757 3721 879 3788 sensu?
924 3721 993 3786 Neo
1023 3740 1102 3786 vero
1129 3721 1190 3785 mi·
1243 3723 1306 3788 Dei
1334 3731 1517 3805 conspectu.
1562 3720 1653 3787 Deus
1681 3722 1812 3804 quidem
1836 3721 1974 3802 videbat,
2003 3721 2060 3786 sed
2087 3722 2215 3787 interea

215 3833 289 3876 rum
315 3820 376 3889 est,
409 3811 438 3876 ei
464 3825 525 3892 pro
555 3829 615 3873 sno
644 3817 776 3889 stupore
806 3809 853 3872 ita
883 3804 1132 3884 excandescant,
1164 3807 1192 3871 si
1243 3827 1350 3874 sermo
1366 3806 1431 3872 Dei
1452 3828 1519 3872 non
1541 3807 1603 3872 luit
1624 3809 1718 3889 quasi
1736 3809 1821 3892 ignis
1841 3807 1968 3873 ardens.
2002 3805 2112 3887 Quum
2135 3828 2213 3892 argu

212 3897 279 3962 sint
301 3897 486 3978 impetuosi,
509 3896 537 3961 si
552 3915 671 3976 susque
686 3894 791 3977 deque
809 3894 954 3959 habeant
969 3912 1083 3957 omues
1101 3891 1190 3969 alios,
1243 3902 1354 3958 tantus
1376 3893 1429 3958 vir
1451 3911 1511 3958 sua
1539 3893 1682 3976 ignavia,
1715 3903 1874 3976 quantum
1904 3894 1939 3957 in
1973 3914 2008 3958 se
2041 3903 2122 3969 erat,
2156 3915 2213 3958 ex·

211 3984 243 4050 si
270 3983 355 4048 nihil
384 3983 544 4064 resipiant
570 3981 763 4046 humanum.
808 3979 973 4061 Quoniam
1000 3978 1102 4060 igitur
1129 3979 1191 4042 lin·
1242 3979 1397 4045 stinxerit
1419 3978 1525 4044 lucem
1549 3980 1683 4062 spiritus
1705 3980 1817 4057 saneti,
1841 3988 2041 4062 quantopere
2064 3989 2213 4044 metuen-

214 4079 300 4154 gunt
321 4067 384 4134 sibi
406 4066 564 4150 quosdam
594 4067 733 4151 stipites,
762 4065 840 4130 dum
862 4065 1043 4148 loquuntur
1065 4063 1105 4129 de
1126 4083 1192 4129 ser·
1242 4064 1321 4130 dum
1344 4073 1403 4144 est,
1424 4086 1467 4130 ne
1484 4065 1571 4130 idem
1590 4065 1684 4130 nobis
1701 4064 1893 4149 contingat?
1926 4065 2016 4148 Ergo
2034 4065 2213 4130 excitemus

214 4157 264 4220 vis
286 4153 363 4237 Dei,
390 4154 446 4235 qui
474 4153 595 4234 privati
617 4164 695 4218 sunt
716 4153 882 4218 communi
904 4148 1088 4234 prudentia,
1117 4148 1191 4214 ideo
1242 4150 1402 4216 suintillae
1431 4151 1569 4217 fervoris
1596 4151 1695 4230 illius,
1726 4152 1828 4216 donec
1857 4172 1918 4217 uos
1946 4151 2138 4230 inflammet,
2167 4152 2214 4216 ita

214 4241 296 4306 dicit
321 4238 492 4324 propheta,
528 4237 626 4304 Certe
659 4238 744 4303 fallit
772 4258 830 4303 vos
858 4237 978 4320 opinio,
1011 4255 1071 4318 ego
1102 4237 1190 4300 enim
1242 4243 1279 4300 ut
1301 4256 1361 4301 nos
1383 4243 1470 4303 totos
1487 4236 1558 4301 Deo
1580 4235 1719 4302 fideliter
1736 4235 1926 4303 addicamus
1949 4237 1984 4301 in
2002 4238 2211 4319 obsequium:

214 4349 281 4392 nun
315 4347 389 4391 sum
422 4327 469 4390 ita
500 4326 641 4403 ferreus,
674 4327 753 4406 quin
786 4332 893 4389 tactus
926 4321 1044 4387 luerim
1076 4321 1191 4388 multis
1242 4331 1275 4386 et
1296 4321 1325 4387 si
1346 4321 1477 4404 quando
1499 4324 1621 4388 erimus
1642 4324 1738 4406 pigri,
1760 4343 1821 4388 nos
1843 4324 1929 4407 ipsos
1952 4323 2212 4400 exstimulemus,

215 4410 474 4498 cogitationibus.
519 4409 592 4475 Imo
615 4409 713 4476 didici
735 4417 768 4475 et
798 4411 864 4475 solu
893 4411 1017 4491 quanta
1045 4408 1089 4473 sit
1117 4428 1191 4472 mea
1242 4417 1340 4490 atque
1361 4408 1407 4473 ita
1430 4419 1577 4492 emergat
1598 4409 1678 4475 haee
1694 4410 1744 4476 vis
1762 4409 1896 4493 spiritus
1912 4409 2026 4487 sanati,
2049 4418 2212 4492 utusque

215 4499 403 4575 infirmitas,
432 4515 539 4579 neque
561 4495 732 4561 dissimulo
753 4517 807 4560 me
828 4495 930 4560 fuisse
956 4493 1135 4558 obnoxium
1158 4506 1190 4558 et
1241 4492 1404 4559 adfinem
1427 4514 1663 4577 persequamur
1684 4516 1803 4561 munus
1832 4505 1990 4572 nostrum,
2018 4515 2123 4578 neque
2152 4517 2213 4561 un·

215 4585 339 4656 timori.
362 4593 395 4647 et
413 4581 620 4666 aegritudini,
641 4590 674 4646 et
692 4581 765 4646 aliis
783 4581 1003 4665 passionibus:
1026 4579 1080 4644 aad
1101 4577 1191 4644 Deae
1240 4598 1337 4662 quam
1359 4580 1568 4646 resistemus:
1591 4580 1672 4662 quin
1692 4584 1791 4646 etiam
1809 4581 2005 4646 insultemus
2023 4589 2212 4646 constanter

210 4669 392 4752 prowalail
434 4668 510 4733 Non
543 4677 595 4732 est
625 4668 729 4752 igitur
760 4667 844 4749 quod
877 4666 1001 4750 putetis
1034 4685 1087 4728 me
1119 4669 1191 4730 tam
1241 4666 1301 4730 toti
1324 4665 1456 4742 mundo,
1484 4664 1538 4730 ubi
1562 4667 1684 4732 suimus
1705 4668 1811 4732 Deum
1841 4668 1933 4733 nubis
1959 4675 2209 4749 sescentorum,

213 4754 378 4838 intrepide
399 4754 497 4837 loqui,
520 4753 673 4836 quonism
696 4752 777 4817 nihil
797 4749 978 4818 humanum
999 4749 1049 4814 vel
1073 4750 1189 4832 patiar,
1241 4761 1273 4814 et
1295 4753 1467 4835 exigeres
1489 4750 1580 4817 nobis
1602 4752 1756 4836 quidquid
1779 4752 1836 4817 alii
1856 4753 2056 4837 improbant.

211 4841 267 4909 vel
290 4841 449 4906 sentiam:
470 4839 527 4906 sed
550 4851 721 4922 postquem
737 4837 878 4905 luctatus
893 4858 976 4903 sum.
1010 4835 1188 4918 Postquam

211 4927 295 4992 mihi
317 4927 427 4990 omnia
449 4927 484 4990 in
508 4937 651 4989 muntem
674 4933 847 5001 venerunt,
877 4943 958 5005 quae
981 4933 1114 5005 pussant
1136 4921 1190 4986 de·
1327 4923 1377 4988 10.
1404 4923 1487 5004 Quia
1504 4923 1616 4989 audivi
1635 4923 1848 4989 costumiam
1865 4923 2041 5002 marcum,
2063 4927 2211 4988 terrorem

212 5011 345 5078 bilitare
367 5013 468 5076 animi
496 5013 560 5075 mei
590 5010 832 5075 fortitudinem:
862 5010 953 5075 Deus
984 5021 1093 5072 tamen
1121 5027 1188 5072 ma·
1239 5010 1386 5090 audique,
1411 5009 1571 5092 Nuntiate,
1602 5009 1867 5075 eradicabimus
1886 5011 1931 5074 ei:
1960 5009 2062 5074 omnis
2082 5009 2134 5073 eir
2162 5007 2209 5094 (id

212 5118 295 5163 num
318 5097 401 5162 mihi
427 5097 591 5180 porrexit:
621 5117 728 5178 neque
757 5097 790 5160 id
813 5101 951 5173 tuntum,
980 5092 1036 5158 sed
1059 5106 1188 5160 coactus
1239 5104 1297 5170 est,
1319 5114 1433 5159 omnes
1454 5094 1611 5171 homines,
1644 5094 1743 5162 homo
1772 5097 1860 5179 pacis
1887 5093 2098 5171 adverbum,
2130 5107 2209 5164 mitt
2301 5100 2304 5105 ’

132 5223 134 5226 -
212 5203 306 5249 sum:
338 5205 381 5248 ne
403 5183 527 5249 scilicet
555 5182 609 5248 hio
638 5192 768 5266 arroget
797 5181 869 5257 sibi,
901 5189 933 5244 et
961 5178 1120 5262 glorietur
1148 5181 1188 5244 de
1240 5201 1351 5244 omnes
1373 5180 1535 5266 homines)
1561 5182 1653 5264 pacis
1674 5200 1760 5248 meua
1781 5180 1827 5267 (id
1848 5189 1907 5256 est,
1936 5180 2112 5246 familiares
2134 5183 2208 5257 mei,

212 5268 345 5335 heroica
377 5269 489 5350 aliqua
521 5268 721 5333 fortitudine.
771 5267 857 5351 Epo,
890 5266 1012 5348 inquit,
1045 5284 1106 5330 noa
1136 5265 1188 5347 fui
1239 5267 1295 5348 qui
1326 5265 1505 5331 debuerant
1534 5267 1641 5332 colere
1668 5288 1795 5333 meeum
1825 5265 2015 5352 amicitiam)
2048 5265 2210 5334 deuocat

212 5356 367 5437 superior,
395 5354 453 5420 sed
476 5374 577 5436 quum
598 5353 671 5419 Deo
694 5373 747 5419 me
777 5354 1001 5434 subducerem,
1030 5359 1064 5414 et
1085 5370 1187 5431 quum
1239 5353 1323 5418 lohes
1344 5372 1445 5418 mecm
1467 5351 1534 5438 (vel
1556 5352 1821 5419 claudicationem
1837 5353 2068 5436 metaphorice,
2090 5363 2123 5419 et
2145 5373 2211 5418 me-
