5158 6124
227 451 290 518 453
917 449 967 515 IN
990 446 1240 514 mattulam.
1276 445 1376 512 OAP.
1399 447 1534 514 XXIII.
2166 457 2233 522 454

228 641 394 721 patientur
416 641 550 724 impune
566 641 681 706 violari
699 661 832 708 omnem
850 638 1016 715 iustitiam,
1040 647 1074 702 et
1093 635 1202 700 Deum
1255 634 1503 699 amarulentlam
1534 640 1710 718 provocet?
1741 659 1858 721 nempe
1883 639 1961 723 qnia
1982 662 2097 706 sumus
2119 643 2231 710 inlaeti

227 728 334 809 ipsum
361 726 550 791 eontemni‘l
588 727 739 793 Solemus
770 745 848 809 ergo
885 725 1014 806 eulpam
1042 723 1075 785 in
1110 720 1203 786 nobis
1254 741 1409 802 perversa
1431 721 1540 804 alique
1567 723 1752 804 eupiditate,
1784 745 1867 806 quae
1894 725 2051 792 iuditium
2082 742 2229 795 nostrum

227 809 386 888 residere,
416 811 472 876 ubi
494 811 587 878 Deus
614 813 743 878 ridetur
771 831 850 896 erga
880 831 940 875 nos
963 828 1034 874 esse
1056 807 1202 892 rigidior,
1254 826 1387 888 prorsus
1410 809 1598 888 eorrumpit.
1644 808 1726 873 Vult
1753 810 1856 891 igitur
1878 810 1970 876 Deus
1992 833 2052 878 nos
2077 814 2231 882 aonedere

228 898 390 980 quianon
414 898 616 964 admittimus
637 909 811 981 paternum
841 898 934 960 illum
957 893 1110 976 loquendi
1134 912 1201 956 mo·
1254 911 1354 972 puros
1376 893 1466 956 omni
1491 892 1581 972 vitio,
1611 901 1645 958 et
1666 895 1712 958 ita
1733 915 1806 960 esse
1828 894 1948 963 doeiles
1972 909 2009 962 ut
2036 919 2231 981 quaeramus

228 1002 307 1060 rem,
339 1004 401 1065 quo
423 1003 551 1066 semper
575 984 673 1050 vellet
696 984 754 1062 uti,
782 984 845 1048 nisi
868 984 903 1047 in
926 981 1019 1046 nobis
1041 985 1128 1044 esset
1149 977 1202 1042 ob·
1256 989 1384 1040 tantum
1408 978 1521 1042 audire
1550 979 1628 1061 quid
1654 980 1775 1057 doeeat,
1803 981 1879 1063 quid
1903 985 2099 1064 respondeat
2129 988 2230 1052 nobis.

227 1067 399 1133 staeulum.
446 1069 548 1133 Addit
569 1072 664 1134 etiam
690 1070 857 1151 propheta,
884 1068 971 1148 Quia
993 1063 1202 1146 eorrupistis:
1256 1061 1340 1126 Nam
1364 1063 1513 1146 quisquis
1534 1065 1581 1130 ita
1602 1067 1664 1130 erit
1686 1066 1812 1130 solutus
1835 1079 1868 1130 et
1895 1068 1986 1147 liber,
2016 1069 2103 1134 haud
2133 1071 2231 1137 dubie

228 1173 305 1218 nam
328 1155 445 1235 eopula
469 1155 564 1220 debet
593 1157 638 1220 ita
667 1155 805 1219 resolvi:
833 1153 1018 1234 corrupistis
1040 1171 1119 1233 ergo
1140 1169 1204 1214 ser-
1256 1147 1377 1212 sentiet
1398 1147 1581 1215 doctrinam
1603 1151 1825 1234 propheticam
1856 1153 1918 1219 sibi
1940 1174 2011 1219 esse
2041 1155 2230 1224 salutarem.

227 1259 330 1304 moues
353 1239 415 1305 Dei
436 1241 517 1323 uiui,
549 1241 683 1306 Ieltoooe
704 1241 896 1306 exercituum
919 1237 983 1303 Dei
1004 1236 1121 1317 uestri,
1151 1235 1202 1297 in·
1255 1233 1330 1298 Une
1359 1234 1462 1318 igitur
1490 1254 1588 1300 eausa
1614 1244 1665 1302 est
1693 1257 1752 1302 eor
1780 1237 1916 1303 verbum
1947 1239 2012 1304 Dei
2041 1240 2135 1306 nobis
2166 1263 2230 1308 non

228 1325 307 1406 quit.
353 1325 417 1391 Hie
451 1328 567 1391 merito
602 1347 657 1392 eos
690 1337 837 1408 aoeusat,
866 1323 949 1407 quod
984 1321 1202 1405 perverterint
1255 1318 1369 1400 prosit,
1403 1320 1459 1384 sed
1492 1322 1601 1402 potius
1630 1323 1674 1386 sit
1704 1322 1840 1386 noxium
1864 1335 1898 1387 et
1920 1325 2120 1405 pestiferum,
2155 1329 2231 1410 quia

227 1431 394 1476 sermones
412 1413 483 1491 Dei,
501 1413 598 1494 idque
618 1414 659 1477 ob
675 1413 895 1493 duaseausas,
915 1428 1032 1490 nempe
1048 1406 1201 1488 quoniam
1256 1423 1321 1468 non
1354 1407 1541 1488 quaerimus
1569 1407 1646 1489 quid
1676 1407 1827 1490 loquatur
1850 1409 1952 1487 Dens,
1982 1410 2044 1476 hoe
2074 1423 2133 1491 est,
2165 1433 2232 1478 non

227 1517 285 1562 sua
318 1501 479 1578 pravitate
512 1498 622 1563 Deum
652 1499 820 1581 coegerint
856 1497 952 1560 aliter
980 1493 1070 1575 loqui
1103 1511 1201 1574 quam
1255 1510 1367 1556 sumus
1401 1491 1529 1575 dooiles,
1565 1513 1626 1556 nee
1658 1493 1842 1559 assedimus
1865 1495 1905 1560 ed
1939 1495 2139 1573 discendum,
2174 1499 2231 1563 sed

227 1582 344 1647 vellet:
376 1582 493 1648 deinde
524 1585 600 1665 quia
629 1583 830 1667 praeposteri
859 1588 968 1646 essent
996 1580 1201 1660 interpretes.
1254 1574 1441 1641 dominatur
1473 1579 1508 1641 in
1542 1579 1635 1643 nobis
1663 1579 1716 1644 vel
1750 1579 1892 1662 ignaria,
1927 1581 1978 1646 vel
2012 1591 2231 1665 eontemptus,

227 1668 311 1733 Nam
342 1671 492 1751 quamvis
514 1667 607 1736 Deus
637 1690 697 1735 nos
726 1690 839 1734 severe
868 1668 1021 1750 eaetigst,
1054 1675 1201 1729 nestrum
1254 1661 1307 1724 vel
1342 1662 1554 1746 ingratitudo,
1588 1664 1642 1728 vel
1680 1664 1875 1748 pervieaeia,
1909 1665 1961 1732 vel
1998 1667 2122 1750 aliquid
2155 1669 2232 1735 tale.

227 1763 340 1818 tamen
367 1763 417 1820 est
446 1765 616 1820 mansueto
644 1756 763 1838 spiritu
792 1755 966 1818 admittere
993 1752 1063 1816 eius
1091 1749 1200 1814 obiur·
1253 1747 1319 1813 Hie
1341 1759 1451 1812 autem
1471 1749 1557 1833 dioit,
1580 1748 1747 1832 Rependat
1764 1769 1830 1814 este
1844 1751 2026 1834 prophetes,
2049 1753 2129 1834 quid
2143 1755 2233 1822 Deua

228 1840 390 1922 potiones,
414 1851 452 1905 ut
480 1850 558 1906 sunt
580 1841 675 1906 nobis
699 1842 911 1908 neeessariae.
956 1838 1067 1917 Quum
1090 1839 1200 1900 autem
1253 1831 1409 1914 ῑοᾳιιαιιιν,
1442 1838 1470 1899 ei
1497 1835 1575 1916 quid
1602 1836 1795 1918 respoudeat,
1825 1835 1945 1919 quibus
1975 1839 2084 1904 verbis
2113 1852 2233 1924 purgat

228 1924 455 2006 ohstrepimus.
479 1935 516 1990 ut
532 1927 655 1992 laoiunt
677 1925 867 2000 retraetarii,
890 1933 969 1989 tuno
983 1920 1202 2005 pervertimus
1253 1918 1366 1984 fideles
1390 1919 1452 1984 Dei
1474 1940 1603 1986 servos:
1626 1922 1751 2003 quiesi
1775 1921 1903 1986 auditor
1925 1932 2012 1987 esset
2033 1935 2168 2005 paratus
2185 1925 2227 1990 ad

227 2011 290 2076 Dei
324 2031 519 2076 sermonem.
575 2012 736 2078 Videmus
765 2032 844 2095 ergo
875 2032 940 2075 non
975 2028 1040 2073 uno
1070 2013 1201 2070 tantum
1253 2003 1454 2087 obsequium,
1484 2006 1644 2089 reperiret
1666 2007 1752 2089 apud
1784 2006 1918 2089 probum
1949 2007 2111 2074 doctorem
2140 2011 2226 2093 quod

227 2096 322 2162 modo
345 2117 528 2162 sermonem
551 2097 614 2162 Dei
638 2100 799 2182 perverti,
829 2097 886 2162 sed
915 2096 971 2161 ubi
1001 2115 1060 2158 nos
1081 2091 1201 2156 furiose
1248 2091 1371 2166 ¹merito
1412 2091 1564 2173 plaeeret.
1623 2092 1775 2175 Denique
1808 2091 1952 2158 ostendit
1988 2095 2022 2158 in
2060 2097 2227 2177 prophetis

226 2183 436 2264 opponimus,
467 2205 509 2248 ne
541 2183 721 2249 elementer
750 2194 783 2248 et
812 2183 998 2248 humaniter
1033 2179 1200 2242 nobiseum
1253 2175 1337 2240 nihil
1359 2197 1431 2242 esse
1453 2177 1536 2259 vitii,
1555 2178 1609 2244 ubi
1633 2199 1746 2243 eorum
1770 2178 1917 2244 doetrina
1939 2181 2034 2244 nobis
2056 2201 2121 2245 non
2145 2183 2226 2246 arri·

227 2277 319 2352 agat:
350 2267 465 2333 deinde
495 2269 551 2334 ubi
580 2291 643 2334 non
668 2290 840 2351 possumus
868 2287 928 2333 nos
950 2266 1108 2332 eubiioere
1129 2264 1200 2328 eius
1254 2261 1316 2341 det,
1339 2263 1395 2328 sed
1419 2262 1481 2329 hoo
1503 2284 1575 2329 esse
1596 2263 1814 2330 aonideutale:
1845 2265 1922 2346 quia
1951 2285 2017 2329 non
2041 2277 2226 2347 speetamus

227 2354 527 2436 obiurgationibus,
567 2354 624 2420 sed
670 2357 839 2420 tremimus
883 2352 1040 2418 adversus
1082 2351 1199 2432 ipsum,
1253 2348 1339 2430 quod
1364 2349 1417 2415 hio
1434 2347 1588 2414 admonet
1602 2348 1770 2427 Ieremias,
1793 2350 1993 2414 audiendum
2010 2351 2133 2416 seilioet
2154 2373 2226 2418 esse

228 2440 354 2521 quoties
377 2438 418 2502 ad
441 2439 597 2505 iuditium
621 2461 682 2506 nos
706 2449 807 2506 voest.
853 2440 898 2504 tte
926 2436 1078 2520 quoniam
1108 2445 1200 2498 tanta
1252 2434 1370 2510 Deum,
1404 2441 1443 2499 ut
1475 2434 1647 2513 diseamus,
1688 2445 1720 2500 et
1752 2445 1790 2501 ut
1821 2434 2006 2501 obediamus
2039 2436 2109 2502 eius
2142 2437 2225 2505 voni.

226 2536 275 2589 est
304 2525 340 2588 in
368 2524 429 2590 hae
455 2535 547 2608 parta
577 2526 747 2592 homiuum
776 2524 920 2602 lieentia,
953 2521 1114 2607 propheta
1147 2521 1200 2586 hie
1253 2518 1420 2602 Sequitur,

227 2610 409 2692 emphatice
452 2612 586 2694 opponit
619 2610 685 2677 Dei
724 2613 913 2694 potentiam.
969 2609 1082 2673 Primo
1122 2606 1200 2672 dioit

225 2697 332 2778 ipsum
353 2716 419 2762 esse
441 2696 545 2762 Deum
565 2697 685 2764 vivum:
707 2719 769 2780 quo
791 2697 937 2780 epitheto
958 2694 1111 2759 admonet
1133 2713 1200 2756 non
1337 2691 1388 2757 38.
1428 2691 1514 2772 Quod
1546 2692 1577 2756 si
1606 2711 1684 2757 eous
1713 2690 1843 2757 Ietouoe
1871 2692 2035 2771 dixeritis,
2059 2697 2226 2773 propterea

226 2784 360 2864 impune
382 2803 549 2848 sessurum
573 2785 690 2866 impiis,
722 2783 798 2848 dum
828 2783 875 2846 ite
897 2791 1053 2846 evomunt
1083 2778 1200 2843 adver·
1251 2778 1297 2842 sie
1317 2778 1395 2842 dieii
1415 2775 1559 2852 Ieltouolt,
1584 2777 1634 2842 Ne
1654 2778 1769 2842 diruis
1789 2775 1843 2842 λοι
1860 2778 1984 2842 vebum
2006 2776 2082 2862 (hoo
2100 2786 2160 2850 nst,
2183 2799 2226 2843 ne

227 2889 284 2934 sus
305 2888 382 2932 eum
405 2889 481 2933 suas
504 2868 740 2951 blasphemias:
765 2868 886 2949 videte,
914 2866 1031 2948 inquit,
1059 2883 1199 2947 quotum
1252 2862 1426 2944 proferatis
1442 2861 1532 2926 hune
1548 2863 1746 2947 sermonem)
1767 2881 1847 2927 ortus
1869 2861 2018 2929 Ieltoooe:
2038 2867 2067 2927 et
2086 2864 2162 2928 misi
2183 2863 2227 2929 od

226 2954 271 3018 sit
295 2952 389 3020 robis
416 2955 600 3037 negotium:
636 2975 713 3023 nam
744 2955 878 3020 certatis
904 2974 978 3020 num
1009 2950 1082 3015 Deo
1112 2950 1199 3026 vivo,
1250 2967 1304 3012 uos
1326 2946 1397 3032 (sed
1420 2946 1514 3012 debet
1532 2947 1651 3012 resolvi
1672 2949 1784 3026 oratio,
1807 2968 1907 3029 quum
1923 2949 2069 3012 miserim
2085 2947 2125 3012 ad
2142 2948 2224 3034 vos),

226 3039 307 3105 haee
329 3039 464 3104 audacia
485 3039 609 3105 renidet
630 3043 664 3104 in
686 3049 783 3123 eaput
806 3048 960 3112 vestrum,
984 3056 1063 3120 ergo
1085 3033 1199 3099 exitia·
1251 3032 1746 3115 etuedioolia,ottue1etoooe.

225 3125 301 3189 liter
323 3126 487 3208 pugnatis.
534 3126 662 3191 Deinde
685 3125 835 3209 adiungit
856 3145 923 3190 esse
945 3121 1093 3188 ledouom
1115 3139 1200 3184 exer-
1337 3119 1390 3184 39.
1413 3118 1580 3200 Propterea
1600 3139 1664 3184 esee
1682 3138 1744 3202 epo,
1766 3123 1796 3182 et
1811 3118 1918 3184 tellum
1934 3119 2136 3185 sustollendo
2157 3118 2225 3205 (vel

226 3211 357 3286 rituum,
389 3231 453 3296 qua
476 3231 554 3276 voee
576 3211 697 3277 iterum
720 3213 894 3277 eonlirmat
915 3209 986 3274 eius
1008 3206 1198 3290 potentiam.
1252 3204 1427 3272 oblivisear
1444 3205 1544 3270 vestri
1568 3203 1799 3280 obliviseendo,
1824 3215 1861 3268 nt
1882 3205 1938 3269 alii
1954 3217 2104 3270 vertunt:
2128 3208 2225 3271 tertie

226 3297 397 3361 Postremo
429 3295 534 3378 addit,
573 3317 638 3362 ease
671 3297 774 3364 Deum
813 3295 904 3362 illius
937 3293 1067 3378 populi:
1106 3291 1198 3373 quasi
1252 3300 1302 3356 est
1330 3291 1502 3368 sententia,
1532 3289 1705 3356 oblivisoar
1731 3290 1841 3367 vestri,
1871 3299 1908 3354 ut
1940 3290 2062 3369 tollam,
2094 3291 2155 3366 vel,
2183 3291 2224 3357 ad

226 3380 362 3458 ditaret,
393 3403 457 3447 non
486 3382 580 3446 modo
602 3382 760 3448 furiosam
782 3403 853 3448 esse
875 3381 966 3446 illam
989 3379 1199 3461 impietatem,
1251 3375 1455 3462 tollendum),
1488 3380 1516 3441 el
1544 3376 1672 3441 wellam
1699 3395 1753 3442 eos
1782 3375 1851 3460 (rel
1880 3376 2058 3457 proiioiam,
2090 3377 2225 3442 melius:

226 3468 303 3532 dum
326 3468 374 3533 ita
396 3465 518 3533 audent
540 3489 614 3533 oum
636 3468 709 3534 Deo
738 3469 931 3552 confligere,
961 3465 1017 3531 sed
1046 3484 1119 3528 eom
1148 3463 1199 3527 in·
1251 3463 1305 3527 elii
1329 3469 1473 3537 vertunt,
1496 3462 1689 3542 relinquam,
1711 3461 1824 3546 male):
1855 3461 2009 3526 eturbem
2030 3461 2111 3526 tane
2131 3482 2226 3544 quom

226 3552 427 3637 gratitudine
457 3573 528 3619 asse
557 3555 787 3632 eoniunetum,
815 3554 893 3636 quia
914 3551 1007 3617 Deus
1034 3549 1107 3616 illos
1137 3548 1200 3614 sibi
1250 3549 1322 3616 dett
1343 3548 1436 3630 vohis,
1459 3553 1488 3614 et
1504 3545 1650 3630 pultibus
1670 3547 1794 3631 vestu,
1815 3568 1837 3612 o
1855 3547 1938 3628 faeie
1958 3567 2035 3612 meo.

225 3639 261 3702 in
285 3638 439 3722 populum
463 3639 684 3724 adoptaverat,
708 3650 742 3705 et
765 3639 928 3722 pollicitus
951 3638 1056 3702 luerat
1078 3656 1113 3700 se
1136 3633 1200 3698 illis

225 3724 294 3789 fore
315 3725 349 3788 in
373 3723 491 3789 Deum.
537 3725 634 3791 Nono
656 3746 735 3809 ergo
758 3739 906 3791 tenemus
929 3723 1102 3790 eonsilium
1125 3741 1199 3804 pro·
1335 3720 1401 3784 Hie
1423 3719 1593 3782 eonfirmat
1620 3738 1676 3800 pro
1701 3717 1778 3782 heta
1808 3719 2009 3801 superiorem
2033 3717 2223 3785 dootdnam.

226 3810 359 3891 phetae:
396 3811 502 3891 ptimo
529 3811 600 3878 loeo
628 3810 797 3889 admonet,
824 3833 865 3876 ne
893 3809 1019 3874 animos
1046 3828 1122 3872 suos
1152 3807 1199 3869 in·
1251 3807 1385 3870 Poterat
1418 3804 1505 3868 enim
1541 3802 1645 3868 rideri
1713 3824 1771 3869 eus
1808 3803 1946 3869 nimium
1980 3804 2226 3882 exoundeeeera,

225 3896 339 3961 fioiant
370 3896 443 3961 odio
478 3895 685 3980 prophetissa
725 3897 908 3963 doetrinae:
949 3893 1090 3959 seeundo
1129 3892 1200 3956 loeo
1251 3890 1336 3972 quod
1367 3889 1407 3954 de
1439 3889 1572 3955 verbulo
1606 3909 1672 3954 uno
1702 3891 1748 3954 ito
1780 3890 1928 3974 graviter
1957 3889 2100 3953 offensus
2129 3903 2225 3957 esset.

225 3980 368 4046 ostendit
397 3991 498 4046 totam
531 3983 658 4064 eulpam
694 3983 729 4047 in
763 3981 843 4065 ipsis
877 4001 957 4057 esse,
990 3977 1077 4062 quod
1111 3978 1200 4041 Deus
1251 3977 1336 4042 Nam
1374 3985 1583 4058 sumpserant
1615 3975 1728 4039 Iudaei
1766 3976 1826 4040 hoe
1858 3974 1899 4039 ab
1933 3974 2011 4056 ipsis
2044 3976 2224 4057 prophetis,

225 4068 268 4130 sit
290 4067 452 4149 asperior:
479 4078 513 4131 et
541 4068 691 4152 adiungit
719 4089 772 4133 eos
800 4076 990 4151 pervertere
1016 4083 1198 4129 sermonem
1251 4082 1353 4144 quum
1373 4071 1527 4126 vetarent
1545 4061 1734 4144 prophetias
1758 4081 1867 4140 onera,
1889 4061 1984 4127 sieuti
2008 4060 2130 4126 dietum
2154 4061 2227 4141 fnit,

227 4150 301 4228 Dei,
326 4151 552 4235 quia‘sinlstri
577 4155 645 4218 sint
668 4156 879 4236 interpretes:
909 4150 1027 4215 deinde
1054 4150 1131 4231 quia
1153 4149 1200 4212 ia·
1252 4158 1286 4212 et
1319 4147 1433 4212 multis
1465 4147 1543 4212 loeis
1577 4147 1768 4211 videbimus.
1823 4147 1895 4211 Iam
1929 4147 2005 4228 quia
2038 4147 2142 4210 multa
2175 4157 2226 4212 est

227 4258 326 4302 nuam
350 4237 504 4302 eleudant
526 4239 596 4304 eius
619 4238 826 4318 humanitati,
856 4258 922 4320 qua
944 4237 1066 4301 invitat
1087 4253 1201 4298 omnes
1252 4234 1382 4318 linguae
1412 4232 1588 4306 lubricitas,
1619 4232 1746 4296 etiamsi
1775 4233 1809 4296 in
1840 4253 1907 4296 una
1929 4253 2007 4298 vona
2037 4244 2227 4314 peoeassent

227 4323 296 4404 pios
327 4335 360 4387 et
390 4322 518 4389 doeiles.
568 4325 738 4390 Postremo
767 4323 886 4389 attollit
916 4321 980 4387 Dei
1010 4320 1200 4403 potentiam,
1252 4319 1374 4395 Iudaei,
1409 4326 1519 4382 tamen
1552 4319 1658 4400 potuit
1692 4317 1797 4382 videri
1830 4339 1895 4382 non
1930 4337 2000 4382 esse
2032 4316 2113 4382 haee
2146 4320 2226 4383 satis

227 4419 261 4472 et
282 4408 489 4474 eommendat
511 4410 581 4474 eius
604 4411 790 4490 bonitatem,
813 4418 852 4475 ut
874 4410 921 4474 ita
942 4407 1065 4472 eriman
1089 4406 1200 4489 populi
1252 4406 1340 4470 iusta
1362 4405 1445 4468 ratio
1473 4424 1532 4470 ear
1561 4413 1627 4467 tam
1658 4402 1827 4468 minaoiter
1850 4402 1941 4468 Deus
1971 4404 2161 4485 pronuntiet
2190 4425 2226 4470 se

227 4493 1200 4663 tttttttlttltttllmtltttttllttttl
1252 4490 1301 4641 ii
1314 4487 2228 4657 ⁵t³tt⁰⁰ttttmtl⁰lettltttlitlltttt

980 4629 987 4643 ·
1193 4629 1201 4656 t
2068 4625 2075 4653 r

1252 4663 1404 4744 quoniam
1427 4661 1468 4726 ad
1491 4673 1550 4725 eor*
1569 4660 1704 4737 miserit,
1735 4668 1769 4724 et
1794 4659 1923 4741 saepius
1946 4658 2161 4738 admonuerit,
2184 4681 2227 4724 ne

313 4751 364 4816 37.
390 4749 544 4818 Studiose
560 4749 742 4834 prophetoe,
764 4751 841 4834 quid
857 4751 1015 4832 respoudit
1033 4749 1090 4814 tibi
1113 4748 1200 4814 Ieito·
1252 4755 1426 4812 uterentur
1448 4747 1510 4810 hae
1532 4744 1683 4827 loquendi
1703 4746 1817 4828 iorma,
1838 4766 1921 4828 quae
1937 4745 2062 4812 seilieet
2077 4754 2227 4826 apertum

225 4835 312 4902 oola?
336 4839 460 4920 etquid
482 4839 629 4922 hquutus
651 4843 695 4904 esi
716 4837 772 4902 libi
795 4835 953 4903 Ieltooolt?
1252 4844 1323 4899 erat
1355 4831 1577 4896 testimoninm
1610 4852 1722 4896 eorum
1762 4831 1949 4914 impietatis.
2005 4830 2115 4910 Quum
2149 4852 2228 4914 ergo

1251 4920 1299 4983 ite
1321 4917 1394 4982 Deo
1416 4927 1449 4983 et
1471 4918 1540 4981 eius
1563 4917 1799 4982 monitionibus
1828 4927 2062 5000 repugnarent,
2092 4936 2135 4980 an
2164 4917 2227 4982 tuit

314 5007 447 5091 Repetit
469 5007 555 5090 quod
578 5012 643 5074 iam
667 5007 738 5072 heri
761 5008 897 5084 dixerat,
928 5017 961 5071 et
988 5008 1055 5073 lere
1085 5007 1200 5073 iisdem
1252 5002 1449 5069 exeusabilis
1479 5001 1594 5067 error?
1640 5003 1682 5067 In
1712 5023 1860 5080 summa,
1889 5000 2034 5066 ostendit
2060 5000 2227 5082 Ieremias,

227 5092 344 5159 verbis.
389 5091 528 5158 Summa
550 5105 607 5174 est,
637 5097 664 5158 si
687 5095 834 5177 sopimus
855 5094 1009 5175 profitere
1031 5095 1066 5158 in
1088 5092 1202 5157 sehola
1254 5111 1319 5154 non
1342 5089 1430 5174 ipsos
1453 5088 1517 5153 labi
1539 5088 1791 5168 ineensiderate,
1825 5085 2100 5171 quemadmodum
2129 5109 2228 5171 saepe

227 5179 299 5257 Dei,
330 5179 512 5246 serendum
543 5201 613 5246 esse
643 5201 685 5245 ne
714 5189 840 5244 mentes
869 5188 999 5243 nostrae
1028 5189 1201 5262 oeeupetae
1252 5176 1335 5241 solet
1357 5173 1502 5241 assidere
1524 5174 1576 5239 his
1593 5174 1650 5257 qui
1674 5183 1795 5239 temere
1818 5185 1850 5238 et
1872 5173 2009 5238 futiliter
2030 5172 2227 5257 loquuntur:

226 5265 295 5331 sint
317 5265 384 5330 ullo
408 5285 560 5349 perverso
584 5266 713 5331 affeetu.
757 5263 854 5331 Unde
884 5263 971 5332 enim
1001 5267 1040 5329 fit
1068 5273 1104 5328 ut
1126 5285 1200 5328 rer·
1253 5260 1310 5326 sed
1351 5259 1441 5326 nasei
1480 5261 1567 5325 hune
1604 5280 1796 5344 perversum
1832 5258 1990 5341 loquendi
2025 5278 2149 5324 morem
2187 5281 2229 5324 ex

227 5353 305 5418 bum
330 5351 394 5418 Dei
423 5351 518 5416 nobis
548 5371 613 5416 non
645 5352 761 5434 sapiat,
791 5351 844 5415 rel
874 5351 974 5416 etiam
1003 5361 1042 5415 ut
1071 5371 1131 5415 nos
1160 5349 1200 5414 ad
1253 5346 1417 5414 destinata
1449 5345 1589 5425 malitie,
1624 5345 1718 5428 ,quod
1760 5344 1883 5412 soilieet
1917 5345 2021 5412 velint
2055 5365 2230 5428 aspergere

1970 5447 2021 5500 291
