<?xml version="1.0" encoding="UTF-8"?>
<!DOCTYPE html PUBLIC "-//W3C//DTD XHTML 1.0 Transitional//EN"
    "http://www.w3.org/TR/xhtml1/DTD/xhtml1-transitional.dtd">
<html xmlns="http://www.w3.org/1999/xhtml" xml:lang="en" lang="en">
 <head>
  <title>
</title>
<meta http-equiv="Content-Type" content="text/html;charset=utf-8" />
  <meta name='ocr-system' content='tesseract 3.04.00' />
  <meta name='ocr-capabilities' content='ocr_page ocr_carea ocr_par ocr_line ocrx_word'/>
</head>
<body>
  <div class='ocr_page' id='page_1' title='image "./corpusreformato14melagoog_0135.png"; bbox 0 0 5134 6124; ppageno 0'>
   <div class='ocr_carea' id='block_1_1' title="bbox 376 443 2384 520">
    <p class='ocr_par' dir='ltr' id='par_1_1' title="bbox 376 443 2384 520">
     <span class='ocr_line' id='line_1_1' title="bbox 376 443 2384 520; baseline -0.004 0"><span class='ocrx_word' id='word_1_1' title='bbox 376 455 440 520; x_wconf 82' lang='lat'>239</span> <span class='ocrx_word' id='word_1_2' title='bbox 1187 443 1576 514; x_wconf 69' lang='lat' dir='ltr'>Pusuuuomouus</span> <span class='ocrx_word' id='word_1_3' title='bbox 2321 446 2384 512; x_wconf 79' lang='lat'>240</span> 
     </span>
    </p>
   </div>
   <div class='ocr_carea' id='block_1_2' title="bbox 376 633 2395 4684">
    <p class='ocr_par' dir='ltr' id='par_1_2' title="bbox 376 633 2395 4684">
     <span class='ocr_line' id='line_1_2' title="bbox 377 633 2383 739; baseline -0.005 -31"><span class='ocrx_word' id='word_1_4' title='bbox 377 653 432 708; x_wconf 90' lang='lat' dir='ltr'>tur</span> <span class='ocrx_word' id='word_1_5' title='bbox 454 641 552 708; x_wconf 89' lang='lat' dir='ltr'>ratio:</span> <span class='ocrx_word' id='word_1_6' title='bbox 576 638 661 739; x_wconf 81' lang='lat' dir='ltr'>quod</span> <span class='ocrx_word' id='word_1_7' title='bbox 683 638 807 705; x_wconf 89' lang='lat' dir='ltr'>scilicet</span> <span class='ocrx_word' id='word_1_8' title='bbox 828 656 941 703; x_wconf 88' lang='lat' dir='ltr'>omnes</span> <span class='ocrx_word' id='word_1_9' title='bbox 960 634 1136 702; x_wconf 88' lang='lat' dir='ltr'>adiudicati</span> <span class='ocrx_word' id='word_1_10' title='bbox 1159 637 1225 700; x_wconf 90' lang='lat' dir='ltr'>sint</span> <span class='ocrx_word' id='word_1_11' title='bbox 1243 633 1353 700; x_wconf 86' lang='lat' dir='ltr'>exitio.</span> <span class='ocrx_word' id='word_1_12' title='bbox 1406 635 1488 701; x_wconf 91' lang='lat' dir='ltr'>bunt</span> <span class='ocrx_word' id='word_1_13' title='bbox 1509 636 1591 702; x_wconf 88' lang='lat' dir='ltr'>haec</span> <span class='ocrx_word' id='word_1_14' title='bbox 1613 636 1727 714; x_wconf 78' lang='lat' dir='ltr'>officia,</span> <span class='ocrx_word' id='word_1_15' title='bbox 1756 636 1832 720; x_wconf 86' lang='lat' dir='ltr'>quia</span> <span class='ocrx_word' id='word_1_16' title='bbox 1857 636 1968 703; x_wconf 91' lang='lat' dir='ltr'>multis</span> <span class='ocrx_word' id='word_1_17' title='bbox 1991 633 2136 702; x_wconf 87' lang='lat' dir='ltr'>millibus</span> <span class='ocrx_word' id='word_1_18' title='bbox 2158 654 2222 700; x_wconf 94' lang='lat' dir='ltr'>nou</span> <span class='ocrx_word' id='word_1_19' title='bbox 2251 645 2383 716; x_wconf 90' lang='lat' dir='ltr'>possent</span> 
     </span>
     <span class='ocr_line' id='line_1_3' title="bbox 376 719 2382 810; baseline -0.005 -15"><span class='ocrx_word' id='word_1_20' title='bbox 376 728 467 795; x_wconf 89' lang='lat' dir='ltr'>Hinc</span> <span class='ocrx_word' id='word_1_21' title='bbox 489 726 671 810; x_wconf 77' lang='lat' dir='ltr'>colligimus</span> <span class='ocrx_word' id='word_1_22' title='bbox 694 745 763 790; x_wconf 90' lang='lat' dir='ltr'>nou</span> <span class='ocrx_word' id='word_1_23' title='bbox 784 723 910 790; x_wconf 89' lang='lat' dir='ltr'>laudari</span> <span class='ocrx_word' id='word_1_24' title='bbox 938 721 991 789; x_wconf 92' lang='lat' dir='ltr'>bic</span> <span class='ocrx_word' id='word_1_25' title='bbox 1014 720 1219 804; x_wconf 88' lang='lat' dir='ltr'>caelibatum,</span> <span class='ocrx_word' id='word_1_26' title='bbox 1242 741 1353 804; x_wconf 88' lang='lat' dir='ltr'>quem·</span> <span class='ocrx_word' id='word_1_27' title='bbox 1406 721 1554 805; x_wconf 91' lang='lat' dir='ltr'>sepulcra</span> <span class='ocrx_word' id='word_1_28' title='bbox 1577 722 1742 788; x_wconf 85' lang='lat' dir='ltr'>sufficere:</span> <span class='ocrx_word' id='word_1_29' title='bbox 1767 722 1885 790; x_wconf 90' lang='lat' dir='ltr'>deiude</span> <span class='ocrx_word' id='word_1_30' title='bbox 1907 723 1935 789; x_wconf 89' lang='lat' dir='ltr'>si</span> <span class='ocrx_word' id='word_1_31' title='bbox 1957 723 2030 806; x_wconf 89' lang='lat' dir='ltr'>quis</span> <span class='ocrx_word' id='word_1_32' title='bbox 2052 720 2165 807; x_wconf 89' lang='lat' dir='ltr'>lugere</span> <span class='ocrx_word' id='word_1_33' title='bbox 2184 719 2274 799; x_wconf 86' lang='lat' dir='ltr'>velit,</span> <span class='ocrx_word' id='word_1_34' title='bbox 2298 719 2382 786; x_wconf 92' lang='lat' dir='ltr'>uude</span> 
     </span>
     <span class='ocr_line' id='line_1_4' title="bbox 377 805 2381 891; baseline -0.005 -11"><span class='ocrx_word' id='word_1_35' title='bbox 377 813 553 880; x_wconf 78' lang='lat' dir='ltr'><strong>admodum</strong></span> <span class='ocrx_word' id='word_1_36' title='bbox 577 811 669 876; x_wconf 90' lang='lat' dir='ltr'>stulti</span> <span class='ocrx_word' id='word_1_37' title='bbox 691 810 842 876; x_wconf 85' lang='lat' dir='ltr'>homines</span> <span class='ocrx_word' id='word_1_38' title='bbox 864 807 958 873; x_wconf 86' lang='lat' dir='ltr'>abusi</span> <span class='ocrx_word' id='word_1_39' title='bbox 981 815 1058 875; x_wconf 92' lang='lat' dir='ltr'>sunt</span> <span class='ocrx_word' id='word_1_40' title='bbox 1074 808 1138 872; x_wconf 90' lang='lat' dir='ltr'>hoc</span> <span class='ocrx_word' id='word_1_41' title='bbox 1158 807 1352 873; x_wconf 91' lang='lat' dir='ltr'>testimonio.</span> <span class='ocrx_word' id='word_1_42' title='bbox 1406 806 1561 891; x_wconf 74' lang='lat' dir='ltr'>incipiet?</span> <span class='ocrx_word' id='word_1_43' title='bbox 1599 816 1632 874; x_wconf 93' lang='lat' dir='ltr'>et</span> <span class='ocrx_word' id='word_1_44' title='bbox 1669 809 1790 874; x_wconf 88' lang='lat' dir='ltr'>scimus</span> <span class='ocrx_word' id='word_1_45' title='bbox 1830 809 1929 874; x_wconf 89' lang='lat' dir='ltr'>etiam</span> <span class='ocrx_word' id='word_1_46' title='bbox 1967 808 2181 874; x_wconf 88' lang='lat' dir='ltr'>obdurescere</span> <span class='ocrx_word' id='word_1_47' title='bbox 2210 805 2381 871; x_wconf 89' lang='lat' dir='ltr'>hominum</span> 
     </span>
     <span class='ocr_line' id='line_1_5' title="bbox 379 890 2381 982; baseline -0.005 -15"><span class='ocrx_word' id='word_1_48' title='bbox 379 899 446 968; x_wconf 88' lang='lat' dir='ltr'>Sed</span> <span class='ocrx_word' id='word_1_49' title='bbox 468 895 602 982; x_wconf 79' lang='lat' dir='ltr'>perinde</span> <span class='ocrx_word' id='word_1_50' title='bbox 623 908 675 961; x_wconf 89' lang='lat' dir='ltr'>est</span> <span class='ocrx_word' id='word_1_51' title='bbox 696 917 734 962; x_wconf 88' lang='lat' dir='ltr'>ac</span> <span class='ocrx_word' id='word_1_52' title='bbox 756 897 783 962; x_wconf 91' lang='lat' dir='ltr'>si</span> <span class='ocrx_word' id='word_1_53' title='bbox 811 893 933 961; x_wconf 89' lang='lat' dir='ltr'>diecret</span> <span class='ocrx_word' id='word_1_54' title='bbox 955 895 1056 972; x_wconf 89' lang='lat' dir='ltr'>Deus,</span> <span class='ocrx_word' id='word_1_55' title='bbox 1084 892 1159 957; x_wconf 91' lang='lat' dir='ltr'>Non</span> <span class='ocrx_word' id='word_1_56' title='bbox 1187 903 1238 960; x_wconf 90' lang='lat' dir='ltr'>est</span> <span class='ocrx_word' id='word_1_57' title='bbox 1268 892 1353 976; x_wconf 91' lang='lat' dir='ltr'>quod</span> <span class='ocrx_word' id='word_1_58' title='bbox 1407 892 1542 975; x_wconf 90' lang='lat' dir='ltr'>animos,</span> <span class='ocrx_word' id='word_1_59' title='bbox 1572 915 1674 977; x_wconf 91' lang='lat' dir='ltr'>quum</span> <span class='ocrx_word' id='word_1_60' title='bbox 1705 895 1750 960; x_wconf 90' lang='lat' dir='ltr'>ita</span> <span class='ocrx_word' id='word_1_61' title='bbox 1779 895 1903 977; x_wconf 88' lang='lat' dir='ltr'>passim</span> <span class='ocrx_word' id='word_1_62' title='bbox 1930 896 2117 960; x_wconf 89' lang='lat' dir='ltr'>moriuntur</span> <span class='ocrx_word' id='word_1_63' title='bbox 2138 892 2191 960; x_wconf 81' lang='lat' dir='ltr'>vel</span> <span class='ocrx_word' id='word_1_64' title='bbox 2213 903 2305 976; x_wconf 85' lang='lat' dir='ltr'>peste</span> <span class='ocrx_word' id='word_1_65' title='bbox 2328 890 2381 956; x_wconf 86' lang='lat' dir='ltr'>vel</span> 
     </span>
     <span class='ocr_line' id='line_1_6' title="bbox 378 975 2382 1071; baseline -0.004 -20"><span class='ocrx_word' id='word_1_66' title='bbox 378 987 548 1071; x_wconf 86' lang='lat' dir='ltr'>quiequam</span> <span class='ocrx_word' id='word_1_67' title='bbox 571 984 707 1065; x_wconf 90' lang='lat' dir='ltr'>posthac</span> <span class='ocrx_word' id='word_1_68' title='bbox 729 1000 861 1065; x_wconf 89' lang='lat' dir='ltr'>operam</span> <span class='ocrx_word' id='word_1_69' title='bbox 884 979 939 1044; x_wconf 91' lang='lat' dir='ltr'>det</span> <span class='ocrx_word' id='word_1_70' title='bbox 960 980 1145 1065; x_wconf 78' lang='lat' dir='ltr'>gignendae</span> <span class='ocrx_word' id='word_1_71' title='bbox 1167 977 1278 1057; x_wconf 88' lang='lat' dir='ltr'>soboli,</span> <span class='ocrx_word' id='word_1_72' title='bbox 1302 978 1353 1044; x_wconf 86' lang='lat' dir='ltr'>vel</span> <span class='ocrx_word' id='word_1_73' title='bbox 1406 980 1491 1045; x_wconf 91' lang='lat' dir='ltr'>bello</span> <span class='ocrx_word' id='word_1_74' title='bbox 1513 981 1620 1046; x_wconf 90' lang='lat' dir='ltr'>multi.</span> <span class='ocrx_word' id='word_1_75' title='bbox 1654 979 1795 1046; x_wconf 81' lang='lat' dir='ltr'>Summa</span> <span class='ocrx_word' id='word_1_76' title='bbox 1812 989 1872 1061; x_wconf 92' lang='lat' dir='ltr'>est,</span> <span class='ocrx_word' id='word_1_77' title='bbox 1895 980 1980 1046; x_wconf 89' lang='lat' dir='ltr'>iram</span> <span class='ocrx_word' id='word_1_78' title='bbox 1998 979 2063 1046; x_wconf 91' lang='lat' dir='ltr'>Dei</span> <span class='ocrx_word' id='word_1_79' title='bbox 2082 1000 2146 1044; x_wconf 94' lang='lat' dir='ltr'>non</span> <span class='ocrx_word' id='word_1_80' title='bbox 2168 979 2237 1044; x_wconf 83' lang='lat' dir='ltr'>lore</span> <span class='ocrx_word' id='word_1_81' title='bbox 2259 975 2382 1043; x_wconf 92' lang='lat' dir='ltr'>medio·</span> 
     </span>
     <span class='ocr_line' id='line_1_7' title="bbox 377 1064 2382 1158; baseline -0.005 -21"><span class='ocrx_word' id='word_1_82' title='bbox 377 1079 472 1158; x_wconf 90' lang='lat' dir='ltr'>putet</span> <span class='ocrx_word' id='word_1_83' title='bbox 493 1070 556 1135; x_wconf 91' lang='lat' dir='ltr'>hoc</span> <span class='ocrx_word' id='word_1_84' title='bbox 578 1069 639 1134; x_wconf 89' lang='lat' dir='ltr'>sibi</span> <span class='ocrx_word' id='word_1_85' title='bbox 661 1069 730 1134; x_wconf 85' lang='lat' dir='ltr'>lore</span> <span class='ocrx_word' id='word_1_86' title='bbox 751 1065 947 1133; x_wconf 89' lang='lat' dir='ltr'>iucundum:</span> <span class='ocrx_word' id='word_1_87' title='bbox 979 1067 1126 1150; x_wconf 88' lang='lat' dir='ltr'>quisquis</span> <span class='ocrx_word' id='word_1_88' title='bbox 1155 1066 1268 1150; x_wconf 83' lang='lat' dir='ltr'>sapiet,</span> <span class='ocrx_word' id='word_1_89' title='bbox 1299 1065 1352 1130; x_wconf 92' lang='lat' dir='ltr'>ab·</span> <span class='ocrx_word' id='word_1_90' title='bbox 1406 1085 1504 1150; x_wconf 88' lang='lat' dir='ltr'>orem,</span> <span class='ocrx_word' id='word_1_91' title='bbox 1528 1068 1682 1150; x_wconf 85' lang='lat' dir='ltr'>quoniam</span> <span class='ocrx_word' id='word_1_92' title='bbox 1705 1075 1826 1133; x_wconf 88' lang='lat' dir='ltr'>terrum</span> <span class='ocrx_word' id='word_1_93' title='bbox 1845 1065 2083 1150; x_wconf 88' lang='lat' dir='ltr'>quodammodo</span> <span class='ocrx_word' id='word_1_94' title='bbox 2101 1064 2280 1147; x_wconf 73' lang='lat' dir='ltr'>exinaniet,</span> <span class='ocrx_word' id='word_1_95' title='bbox 2302 1064 2382 1128; x_wconf 86' lang='lat' dir='ltr'>dum</span> 
     </span>
     <span class='ocr_line' id='line_1_8' title="bbox 378 1149 2382 1238; baseline -0.003 -18"><span class='ocrx_word' id='word_1_96' title='bbox 378 1155 513 1225; x_wconf 89' lang='lat' dir='ltr'>stiuobit</span> <span class='ocrx_word' id='word_1_97' title='bbox 535 1177 555 1221; x_wconf 89' lang='lat' dir='ltr'>a</span> <span class='ocrx_word' id='word_1_98' title='bbox 577 1154 738 1238; x_wconf 88' lang='lat' dir='ltr'>coniugio,</span> <span class='ocrx_word' id='word_1_99' title='bbox 762 1151 899 1236; x_wconf 86' lang='lat' dir='ltr'>perinde</span> <span class='ocrx_word' id='word_1_100' title='bbox 921 1171 959 1217; x_wconf 90' lang='lat' dir='ltr'>ao</span> <span class='ocrx_word' id='word_1_101' title='bbox 981 1155 1010 1219; x_wconf 92' lang='lat' dir='ltr'>si</span> <span class='ocrx_word' id='word_1_102' title='bbox 1040 1159 1177 1218; x_wconf 88' lang='lat' dir='ltr'>mortem</span> <span class='ocrx_word' id='word_1_103' title='bbox 1208 1153 1273 1216; x_wconf 90' lang='lat' dir='ltr'>iam</span> <span class='ocrx_word' id='word_1_104' title='bbox 1297 1151 1353 1215; x_wconf 91' lang='lat' dir='ltr'>ba·</span> <span class='ocrx_word' id='word_1_105' title='bbox 1407 1171 1522 1217; x_wconf 90' lang='lat' dir='ltr'>omnes</span> <span class='ocrx_word' id='word_1_106' title='bbox 1543 1151 1620 1218; x_wconf 93' lang='lat' dir='ltr'>inde</span> <span class='ocrx_word' id='word_1_107' title='bbox 1642 1153 1837 1237; x_wconf 86' lang='lat' dir='ltr'>profligabit.</span> <span class='ocrx_word' id='word_1_108' title='bbox 1868 1153 1915 1219; x_wconf 90' lang='lat' dir='ltr'>ita</span> <span class='ocrx_word' id='word_1_109' title='bbox 1945 1163 1982 1218; x_wconf 91' lang='lat' dir='ltr'>ut</span> <span class='ocrx_word' id='word_1_110' title='bbox 2010 1151 2093 1217; x_wconf 90' lang='lat' dir='ltr'>nihil</span> <span class='ocrx_word' id='word_1_111' title='bbox 2123 1151 2167 1216; x_wconf 89' lang='lat' dir='ltr'>sit</span> <span class='ocrx_word' id='word_1_112' title='bbox 2195 1151 2231 1214; x_wconf 92' lang='lat' dir='ltr'>iu</span> <span class='ocrx_word' id='word_1_113' title='bbox 2260 1149 2382 1234; x_wconf 92' lang='lat' dir='ltr'>populo</span> 
     </span>
     <span class='ocr_line' id='line_1_9' title="bbox 377 1235 2382 1323; baseline -0.004 -14"><span class='ocrx_word' id='word_1_114' title='bbox 377 1243 471 1310; x_wconf 89' lang='lat' dir='ltr'>beret</span> <span class='ocrx_word' id='word_1_115' title='bbox 485 1249 561 1308; x_wconf 87' lang='lat' dir='ltr'>aute</span> <span class='ocrx_word' id='word_1_116' title='bbox 575 1239 860 1323; x_wconf 88' lang='lat' dir='ltr'>oculos,velquasi</span> <span class='ocrx_word' id='word_1_117' title='bbox 877 1240 1180 1323; x_wconf 89' lang='lat' dir='ltr'>propinquusesset</span> <span class='ocrx_word' id='word_1_118' title='bbox 1194 1237 1353 1321; x_wconf 88' lang='lat' dir='ltr'>sepulcro.</span> <span class='ocrx_word' id='word_1_119' title='bbox 1406 1237 1463 1303; x_wconf 92' lang='lat' dir='ltr'>illo</span> <span class='ocrx_word' id='word_1_120' title='bbox 1486 1237 1662 1304; x_wconf 88' lang='lat' dir='ltr'>residuum.</span> <span class='ocrx_word' id='word_1_121' title='bbox 1707 1239 1793 1305; x_wconf 86' lang='lat' dir='ltr'>Nam</span> <span class='ocrx_word' id='word_1_122' title='bbox 1817 1239 1910 1304; x_wconf 89' lang='lat' dir='ltr'>Deus</span> <span class='ocrx_word' id='word_1_123' title='bbox 1932 1239 2080 1305; x_wconf 84' lang='lat' dir='ltr'>servavit</span> <span class='ocrx_word' id='word_1_124' title='bbox 2100 1236 2231 1321; x_wconf 90' lang='lat' dir='ltr'>quidem</span> <span class='ocrx_word' id='word_1_125' title='bbox 2254 1235 2382 1313; x_wconf 83' lang='lat' dir='ltr'>eleetos,</span> 
     </span>
     <span class='ocr_line' id='line_1_10' title="bbox 377 1322 2383 1411; baseline -0.005 -16"><span class='ocrx_word' id='word_1_126' title='bbox 377 1327 555 1395; x_wconf 87' lang='lat' dir='ltr'>Interitum</span> <span class='ocrx_word' id='word_1_127' title='bbox 574 1327 676 1411; x_wconf 89' lang='lat' dir='ltr'>igitur</span> <span class='ocrx_word' id='word_1_128' title='bbox 694 1325 796 1390; x_wconf 90' lang='lat' dir='ltr'>totius</span> <span class='ocrx_word' id='word_1_129' title='bbox 813 1323 933 1409; x_wconf 91' lang='lat' dir='ltr'>populi,</span> <span class='ocrx_word' id='word_1_130' title='bbox 952 1337 986 1389; x_wconf 90' lang='lat' dir='ltr'>et</span> <span class='ocrx_word' id='word_1_131' title='bbox 1004 1326 1199 1402; x_wconf 84' lang='lat' dir='ltr'>vastitatem,</span> <span class='ocrx_word' id='word_1_132' title='bbox 1223 1345 1260 1389; x_wconf 92' lang='lat' dir='ltr'>ac</span> <span class='ocrx_word' id='word_1_133' title='bbox 1279 1322 1352 1389; x_wconf 89' lang='lat' dir='ltr'>soli·</span> <span class='ocrx_word' id='word_1_134' title='bbox 1406 1325 1463 1390; x_wconf 91' lang='lat' dir='ltr'>sed</span> <span class='ocrx_word' id='word_1_135' title='bbox 1486 1323 1699 1390; x_wconf 90' lang='lat' dir='ltr'>mirabiliter:</span> <span class='ocrx_word' id='word_1_136' title='bbox 1728 1324 1845 1391; x_wconf 90' lang='lat' dir='ltr'>deiude</span> <span class='ocrx_word' id='word_1_137' title='bbox 1867 1327 2013 1392; x_wconf 82' lang='lat' dir='ltr'>servarit</span> <span class='ocrx_word' id='word_1_138' title='bbox 2035 1344 2090 1390; x_wconf 88' lang='lat' dir='ltr'>eos</span> <span class='ocrx_word' id='word_1_139' title='bbox 2112 1325 2147 1388; x_wconf 92' lang='lat' dir='ltr'>iu</span> <span class='ocrx_word' id='word_1_140' title='bbox 2170 1322 2286 1388; x_wconf 86' lang='lat' dir='ltr'>exsilio</span> <span class='ocrx_word' id='word_1_141' title='bbox 2310 1333 2383 1386; x_wconf 90' lang='lat' dir='ltr'>tau·</span> 
     </span>
     <span class='ocr_line' id='line_1_11' title="bbox 378 1407 2383 1495; baseline -0.003 -16"><span class='ocrx_word' id='word_1_142' title='bbox 378 1414 527 1480; x_wconf 82' lang='lat' dir='ltr'>tudinem</span> <span class='ocrx_word' id='word_1_143' title='bbox 561 1412 662 1477; x_wconf 90' lang='lat' dir='ltr'>totius</span> <span class='ocrx_word' id='word_1_144' title='bbox 695 1419 802 1476; x_wconf 88' lang='lat' dir='ltr'>terrac</span> <span class='ocrx_word' id='word_1_145' title='bbox 836 1409 928 1475; x_wconf 86' lang='lat' dir='ltr'>Dens</span> <span class='ocrx_word' id='word_1_146' title='bbox 967 1409 1019 1476; x_wconf 89' lang='lat' dir='ltr'>his</span> <span class='ocrx_word' id='word_1_147' title='bbox 1051 1411 1158 1477; x_wconf 84' lang='lat' dir='ltr'>verbis</span> <span class='ocrx_word' id='word_1_148' title='bbox 1193 1410 1353 1492; x_wconf 84' lang='lat' dir='ltr'>designat.</span> <span class='ocrx_word' id='word_1_149' title='bbox 1406 1430 1506 1495; x_wconf 87' lang='lat' dir='ltr'>quam</span> <span class='ocrx_word' id='word_1_150' title='bbox 1529 1411 1563 1476; x_wconf 90' lang='lat' dir='ltr'>in</span> <span class='ocrx_word' id='word_1_151' title='bbox 1586 1411 1745 1493; x_wconf 90' lang='lat' dir='ltr'>sepulcro,</span> <span class='ocrx_word' id='word_1_152' title='bbox 1774 1431 1877 1494; x_wconf 90' lang='lat' dir='ltr'>quum</span> <span class='ocrx_word' id='word_1_153' title='bbox 1903 1411 2002 1476; x_wconf 92' lang='lat' dir='ltr'>simul</span> <span class='ocrx_word' id='word_1_154' title='bbox 2023 1411 2085 1494; x_wconf 90' lang='lat' dir='ltr'>ipsi</span> <span class='ocrx_word' id='word_1_155' title='bbox 2108 1428 2235 1494; x_wconf 90' lang='lat' dir='ltr'>quoque</span> <span class='ocrx_word' id='word_1_156' title='bbox 2257 1407 2383 1491; x_wconf 78' lang='lat' dir='ltr'>abrepti</span> 
     </span>
     <span class='ocr_line' id='line_1_12' title="bbox 379 1496 2385 1582; baseline -0.003 -16"><span class='ocrx_word' id='word_1_157' title='bbox 379 1499 566 1577; x_wconf 82' lang='lat' dir='ltr'>Caeterum,</span> <span class='ocrx_word' id='word_1_158' title='bbox 595 1519 662 1562; x_wconf 92' lang='lat' dir='ltr'>nou</span> <span class='ocrx_word' id='word_1_159' title='bbox 691 1497 838 1561; x_wconf 89' lang='lat' dir='ltr'>minatur</span> <span class='ocrx_word' id='word_1_160' title='bbox 858 1496 924 1560; x_wconf 92' lang='lat' dir='ltr'>illis</span> <span class='ocrx_word' id='word_1_161' title='bbox 944 1497 1082 1580; x_wconf 78' lang='lat' dir='ltr'>simplex</span> <span class='ocrx_word' id='word_1_162' title='bbox 1104 1517 1209 1580; x_wconf 88' lang='lat' dir='ltr'>genus</span> <span class='ocrx_word' id='word_1_163' title='bbox 1231 1496 1354 1575; x_wconf 88' lang='lat' dir='ltr'>mortis,</span> <span class='ocrx_word' id='word_1_164' title='bbox 1406 1504 1519 1564; x_wconf 79' lang='lat' dir='ltr'>essent</span> <span class='ocrx_word' id='word_1_165' title='bbox 1541 1517 1561 1562; x_wconf 87' lang='lat' dir='ltr'>a</span> <span class='ocrx_word' id='word_1_166' title='bbox 1582 1497 1698 1580; x_wconf 88' lang='lat' dir='ltr'>patria.</span> <span class='ocrx_word' id='word_1_167' title='bbox 1740 1497 1860 1563; x_wconf 85' lang='lat' dir='ltr'>Postea</span> <span class='ocrx_word' id='word_1_168' title='bbox 1881 1497 2031 1582; x_wconf 86' lang='lat' dir='ltr'>adiungit</span> <span class='ocrx_word' id='word_1_169' title='bbox 2050 1496 2119 1578; x_wconf 80' lang='lat' dir='ltr'>fore</span> <span class='ocrx_word' id='word_1_170' title='bbox 2139 1501 2289 1576; x_wconf 83' lang='lat' dir='ltr'>tunquam</span> <span class='ocrx_word' id='word_1_171' title='bbox 2310 1499 2385 1560; x_wconf 82' lang='lat' dir='ltr'>ster-</span> 
     </span>
     <span class='ocr_line' id='line_1_13' title="bbox 379 1578 2384 1668; baseline -0.004 -16"><span class='ocrx_word' id='word_1_172' title='bbox 379 1594 437 1652; x_wconf 90' lang='lat' dir='ltr'>ant</span> <span class='ocrx_word' id='word_1_173' title='bbox 458 1583 514 1651; x_wconf 86' lang='lat' dir='ltr'>vul</span> <span class='ocrx_word' id='word_1_174' title='bbox 560 1604 611 1650; x_wconf 88' lang='lat' dir='ltr'>re:</span> <span class='ocrx_word' id='word_1_175' title='bbox 637 1581 694 1649; x_wconf 91' lang='lat' dir='ltr'>sed</span> <span class='ocrx_word' id='word_1_176' title='bbox 712 1581 790 1647; x_wconf 91' lang='lat' dir='ltr'>dicit</span> <span class='ocrx_word' id='word_1_177' title='bbox 812 1584 978 1648; x_wconf 79' lang='lat' dir='ltr'>morituros</span> <span class='ocrx_word' id='word_1_178' title='bbox 998 1583 1150 1648; x_wconf 62' lang='lat' dir='ltr'>monibus</span> <span class='ocrx_word' id='word_1_179' title='bbox 1173 1583 1355 1666; x_wconf 81' lang='lat' dir='ltr'>ceprotutio-</span> <span class='ocrx_word' id='word_1_180' title='bbox 1406 1603 1462 1649; x_wconf 75' lang='lat' dir='ltr'>eros</span> <span class='ocrx_word' id='word_1_181' title='bbox 1490 1603 1586 1665; x_wconf 75' lang='lat' dir='ltr'>cuper</span> <span class='ocrx_word' id='word_1_182' title='bbox 1612 1583 1726 1664; x_wconf 77' lang='lat' dir='ltr'>faeiem</span> <span class='ocrx_word' id='word_1_183' title='bbox 1754 1589 1864 1650; x_wconf 77' lang='lat' dir='ltr'>terroe</span> <span class='ocrx_word' id='word_1_184' title='bbox 1915 1581 2138 1668; x_wconf 89' lang='lat' dir='ltr'>Ignominiosc</span> <span class='ocrx_word' id='word_1_185' title='bbox 2167 1580 2312 1664; x_wconf 91' lang='lat' dir='ltr'>loquitur</span> <span class='ocrx_word' id='word_1_186' title='bbox 2343 1578 2384 1645; x_wconf 89' lang='lat' dir='ltr'>de</span> 
     </span>
     <span class='ocr_line' id='line_1_14' title="bbox 378 1665 2384 1753; baseline -0.003 -16"><span class='ocrx_word' id='word_1_187' title='bbox 378 1691 464 1737; x_wconf 78' lang='lat' dir='ltr'>omn.</span> <span class='ocrx_word' id='word_1_188' title='bbox 542 1671 694 1736; x_wconf 86' lang='lat' dir='ltr'>enuntiat</span> <span class='ocrx_word' id='word_1_189' title='bbox 715 1668 821 1752; x_wconf 90' lang='lat' dir='ltr'>igitur</span> <span class='ocrx_word' id='word_1_190' title='bbox 844 1668 1036 1734; x_wconf 87' lang='lat' dir='ltr'>diuturnum</span> <span class='ocrx_word' id='word_1_191' title='bbox 1060 1669 1261 1753; x_wconf 89' lang='lat' dir='ltr'>languorem,</span> <span class='ocrx_word' id='word_1_192' title='bbox 1291 1687 1355 1750; x_wconf 91' lang='lat' dir='ltr'>qun</span> <span class='ocrx_word' id='word_1_193' title='bbox 1407 1670 1553 1752; x_wconf 90' lang='lat' dir='ltr'>ipsorum</span> <span class='ocrx_word' id='word_1_194' title='bbox 1583 1668 1810 1736; x_wconf 81' lang='lat' dir='ltr'>cadaveribus:</span> <span class='ocrx_word' id='word_1_195' title='bbox 1842 1671 1933 1752; x_wconf 89' lang='lat' dir='ltr'>quasi</span> <span class='ocrx_word' id='word_1_196' title='bbox 1961 1669 2092 1746; x_wconf 89' lang='lat' dir='ltr'>diceret,</span> <span class='ocrx_word' id='word_1_197' title='bbox 2121 1676 2220 1732; x_wconf 91' lang='lat' dir='ltr'>erunt</span> <span class='ocrx_word' id='word_1_198' title='bbox 2247 1665 2384 1750; x_wconf 88' lang='lat' dir='ltr'>putredo</span> 
     </span>
     <span class='ocr_line' id='line_1_15' title="bbox 378 1752 2384 1840; baseline -0.002 -17"><span class='ocrx_word' id='word_1_199' title='bbox 378 1758 547 1823; x_wconf 87' lang='lat' dir='ltr'>tabescent</span> <span class='ocrx_word' id='word_1_200' title='bbox 575 1775 649 1822; x_wconf 91' lang='lat' dir='ltr'>cum</span> <span class='ocrx_word' id='word_1_201' title='bbox 679 1753 825 1819; x_wconf 87' lang='lat' dir='ltr'>maximo</span> <span class='ocrx_word' id='word_1_202' title='bbox 854 1753 973 1819; x_wconf 91' lang='lat' dir='ltr'>dolore.</span> <span class='ocrx_word' id='word_1_203' title='bbox 1016 1754 1104 1821; x_wconf 90' lang='lat' dir='ltr'>Nam</span> <span class='ocrx_word' id='word_1_204' title='bbox 1133 1776 1220 1821; x_wconf 91' lang='lat' dir='ltr'>mors</span> <span class='ocrx_word' id='word_1_205' title='bbox 1247 1755 1355 1820; x_wconf 90' lang='lat' dir='ltr'>subita</span> <span class='ocrx_word' id='word_1_206' title='bbox 1408 1766 1525 1821; x_wconf 89' lang='lat' dir='ltr'>terrae.</span> <span class='ocrx_word' id='word_1_207' title='bbox 1570 1754 1855 1836; x_wconf 78' lang='lat' dir='ltr'>Quemadmodum</span> <span class='ocrx_word' id='word_1_208' title='bbox 1882 1775 1962 1840; x_wconf 88' lang='lat' dir='ltr'>ergo</span> <span class='ocrx_word' id='word_1_209' title='bbox 1990 1755 2295 1822; x_wconf 85' lang='lat' dir='ltr'>contaminaverant</span> <span class='ocrx_word' id='word_1_210' title='bbox 2316 1752 2384 1818; x_wconf 88' lang='lat' dir='ltr'>suis</span> 
     </span>
     <span class='ocr_line' id='line_1_16' title="bbox 378 1838 2384 1926; baseline -0.002 -18"><span class='ocrx_word' id='word_1_211' title='bbox 378 1841 579 1909; x_wconf 88' lang='lat' dir='ltr'>tolerabilior</span> <span class='ocrx_word' id='word_1_212' title='bbox 601 1851 661 1908; x_wconf 87' lang='lat' dir='ltr'>est.</span> <span class='ocrx_word' id='word_1_213' title='bbox 706 1843 817 1923; x_wconf 84' lang='lat' dir='ltr'>Atque</span> <span class='ocrx_word' id='word_1_214' title='bbox 839 1838 910 1905; x_wconf 91' lang='lat' dir='ltr'>iden</span> <span class='ocrx_word' id='word_1_215' title='bbox 932 1838 1041 1906; x_wconf 86' lang='lat' dir='ltr'>David</span> <span class='ocrx_word' id='word_1_216' title='bbox 1064 1841 1198 1906; x_wconf 82' lang='lat' dir='ltr'>Psalmo</span> <span class='ocrx_word' id='word_1_217' title='bbox 1227 1847 1355 1924; x_wconf 88' lang='lat' dir='ltr'>septua-</span> <span class='ocrx_word' id='word_1_218' title='bbox 1407 1841 1557 1908; x_wconf 88' lang='lat' dir='ltr'>sordibus</span> <span class='ocrx_word' id='word_1_219' title='bbox 1587 1855 1711 1908; x_wconf 86' lang='lat' dir='ltr'>terram</span> <span class='ocrx_word' id='word_1_220' title='bbox 1740 1841 1776 1906; x_wconf 94' lang='lat' dir='ltr'>iu</span> <span class='ocrx_word' id='word_1_221' title='bbox 1809 1863 1870 1909; x_wconf 89' lang='lat' dir='ltr'>sua</span> <span class='ocrx_word' id='word_1_222' title='bbox 1903 1842 1979 1921; x_wconf 85' lang='lat' dir='ltr'>vita,</span> <span class='ocrx_word' id='word_1_223' title='bbox 2013 1855 2087 1926; x_wconf 87' lang='lat' dir='ltr'>post</span> <span class='ocrx_word' id='word_1_224' title='bbox 2118 1849 2256 1906; x_wconf 88' lang='lat' dir='ltr'>mortem</span> <span class='ocrx_word' id='word_1_225' title='bbox 2292 1839 2384 1904; x_wconf 89' lang='lat' dir='ltr'>Deus</span> 
     </span>
     <span class='ocr_line' id='line_1_17' title="bbox 380 1925 2384 2030; baseline -0.003 -35"><span class='ocrx_word' id='word_1_226' title='bbox 380 1931 505 2030; x_wconf 79' lang='lat' dir='ltr'>gesimo</span> <span class='ocrx_word' id='word_1_227' title='bbox 529 1928 624 2027; x_wconf 83' lang='lat' dir='ltr'>tertio</span> <span class='ocrx_word' id='word_1_228' title='bbox 643 1925 692 2028; x_wconf 57' lang='lat' dir='ltr'>iv.</span> <span class='ocrx_word' id='word_1_229' title='bbox 715 1925 759 2012; x_wconf 86' lang='lat'>4),</span> <span class='ocrx_word' id='word_1_230' title='bbox 790 1926 872 2026; x_wconf 78' lang='lat' dir='ltr'>dum¹</span> <span class='ocrx_word' id='word_1_231' title='bbox 890 1928 1105 2028; x_wconf 67' lang='lat' dir='ltr'>conqueritur</span> <span class='ocrx_word' id='word_1_232' title='bbox 1132 1925 1173 1992; x_wconf 93' lang='lat' dir='ltr'>de</span> <span class='ocrx_word' id='word_1_233' title='bbox 1202 1926 1357 1992; x_wconf 83' lang='lat' dir='ltr'>felicitate</span> <span class='ocrx_word' id='word_1_234' title='bbox 1410 1928 1602 2029; x_wconf 77' lang='lat' dir='ltr'>pronuntiat</span> <span class='ocrx_word' id='word_1_235' title='bbox 1622 1928 1697 2027; x_wconf 80' lang='lat' dir='ltr'>illos</span> <span class='ocrx_word' id='word_1_236' title='bbox 1717 1928 1785 1994; x_wconf 86' lang='lat' dir='ltr'>lore</span> <span class='ocrx_word' id='word_1_237' title='bbox 1807 1928 1953 2008; x_wconf 83' lang='lat' dir='ltr'>foetidos,</span> <span class='ocrx_word' id='word_1_238' title='bbox 1980 1937 2014 1994; x_wconf 93' lang='lat' dir='ltr'>et</span> <span class='ocrx_word' id='word_1_239' title='bbox 2035 1935 2279 2027; x_wconf 28' lang='lat' dir='ltr'>conrpar‘atneos¹</span> <span class='ocrx_word' id='word_1_240' title='bbox 2301 1935 2384 1990; x_wconf 90' lang='lat' dir='ltr'>ster·</span> 
     </span>
     <span class='ocr_line' id='line_1_18' title="bbox 378 2011 2385 2185; baseline -0.003 -19"><span class='ocrx_word' id='word_1_241' title='bbox 378 2013 1356 2185; x_wconf 57' lang='lat' dir='ltr'>tttttttttltttttlull?tlttttttttllt</span> <span class='ocrx_word' id='word_1_242' title='bbox 1408 2035 1484 2167; x_wconf 76' lang='lat' dir='ltr'>tt·</span> <span class='ocrx_word' id='word_1_243' title='bbox 1511 2013 1931 2182; x_wconf 64' lang='lat' dir='ltr'>tlttlltttttltl,</span> <span class='ocrx_word' id='word_1_244' title='bbox 1944 2011 2385 2184; x_wconf 64' lang='lat' dir='ltr'>‘’llll&#39;‘tlttlstttt</span> 
     </span>
     <span class='ocr_line' id='line_1_19' title="bbox 379 2183 2385 2271; baseline -0.002 -19"><span class='ocrx_word' id='word_1_245' title='bbox 379 2186 466 2271; x_wconf 92' lang='lat' dir='ltr'>quod</span> <span class='ocrx_word' id='word_1_246' title='bbox 488 2187 521 2251; x_wconf 94' lang='lat' dir='ltr'>in</span> <span class='ocrx_word' id='word_1_247' title='bbox 544 2192 666 2271; x_wconf 91' lang='lat' dir='ltr'>puncto</span> <span class='ocrx_word' id='word_1_248' title='bbox 685 2184 738 2251; x_wconf 81' lang='lat' dir='ltr'>vel</span> <span class='ocrx_word' id='word_1_249' title='bbox 760 2184 899 2251; x_wconf 90' lang='lat' dir='ltr'>articulo</span> <span class='ocrx_word' id='word_1_250' title='bbox 921 2187 1078 2270; x_wconf 89' lang='lat' dir='ltr'>temporis</span> <span class='ocrx_word' id='word_1_251' title='bbox 1097 2186 1299 2253; x_wconf 88' lang='lat' dir='ltr'>descendant</span> <span class='ocrx_word' id='word_1_252' title='bbox 1320 2186 1356 2250; x_wconf 93' lang='lat' dir='ltr'>in</span> <span class='ocrx_word' id='word_1_253' title='bbox 1408 2186 1577 2265; x_wconf 84' lang='lat' dir='ltr'>cadavera,</span> <span class='ocrx_word' id='word_1_254' title='bbox 1601 2207 1706 2271; x_wconf 90' lang='lat' dir='ltr'>neque</span> <span class='ocrx_word' id='word_1_255' title='bbox 1727 2187 1947 2271; x_wconf 90' lang='lat' dir='ltr'>sepeliuntur:</span> <span class='ocrx_word' id='word_1_256' title='bbox 1970 2187 2047 2270; x_wconf 88' lang='lat' dir='ltr'>quia</span> <span class='ocrx_word' id='word_1_257' title='bbox 2068 2187 2164 2253; x_wconf 88' lang='lat' dir='ltr'>sicuti</span> <span class='ocrx_word' id='word_1_258' title='bbox 2183 2183 2275 2250; x_wconf 93' lang='lat' dir='ltr'>Deus</span> <span class='ocrx_word' id='word_1_259' title='bbox 2297 2201 2385 2249; x_wconf 89' lang='lat' dir='ltr'>crea·</span> 
     </span>
     <span class='ocr_line' id='line_1_20' title="bbox 379 2269 2384 2358; baseline -0.003 -18"><span class='ocrx_word' id='word_1_260' title='bbox 379 2272 581 2356; x_wconf 86' lang='lat' dir='ltr'>sepulcrum:</span> <span class='ocrx_word' id='word_1_261' title='bbox 617 2291 734 2356; x_wconf 90' lang='lat' dir='ltr'>nempe</span> <span class='ocrx_word' id='word_1_262' title='bbox 762 2270 848 2355; x_wconf 91' lang='lat' dir='ltr'>quod</span> <span class='ocrx_word' id='word_1_263' title='bbox 872 2273 980 2356; x_wconf 84' lang='lat' dir='ltr'>vegeti</span> <span class='ocrx_word' id='word_1_264' title='bbox 1009 2273 1077 2339; x_wconf 89' lang='lat' dir='ltr'>siut</span> <span class='ocrx_word' id='word_1_265' title='bbox 1106 2283 1175 2338; x_wconf 87' lang='lat' dir='ltr'>tota</span> <span class='ocrx_word' id='word_1_266' title='bbox 1197 2273 1274 2350; x_wconf 86' lang='lat' dir='ltr'>vita,</span> <span class='ocrx_word' id='word_1_267' title='bbox 1304 2270 1357 2337; x_wconf 77' lang='lat' dir='ltr'>de</span> <span class='ocrx_word' id='word_1_268' title='bbox 1410 2274 1459 2337; x_wconf 87' lang='lat' dir='ltr'>vit</span> <span class='ocrx_word' id='word_1_269' title='bbox 1482 2294 1541 2339; x_wconf 93' lang='lat' dir='ltr'>uos</span> <span class='ocrx_word' id='word_1_270' title='bbox 1563 2272 1605 2338; x_wconf 90' lang='lat' dir='ltr'>ad</span> <span class='ocrx_word' id='word_1_271' title='bbox 1626 2293 1717 2340; x_wconf 86' lang='lat' dir='ltr'>suam</span> <span class='ocrx_word' id='word_1_272' title='bbox 1740 2273 1930 2358; x_wconf 89' lang='lat' dir='ltr'>imaginem,</span> <span class='ocrx_word' id='word_1_273' title='bbox 1959 2274 2006 2338; x_wconf 87' lang='lat' dir='ltr'>itu</span> <span class='ocrx_word' id='word_1_274' title='bbox 2027 2274 2061 2338; x_wconf 93' lang='lat' dir='ltr'>in</span> <span class='ocrx_word' id='word_1_275' title='bbox 2093 2281 2199 2337; x_wconf 91' lang='lat' dir='ltr'>morte</span> <span class='ocrx_word' id='word_1_276' title='bbox 2222 2269 2293 2336; x_wconf 84' lang='lat' dir='ltr'>vult</span> <span class='ocrx_word' id='word_1_277' title='bbox 2315 2289 2384 2334; x_wconf 89' lang='lat' dir='ltr'>ma·</span> 
     </span>
     <span class='ocr_line' id='line_1_21' title="bbox 379 2357 2385 2444; baseline -0.001 -20"><span class='ocrx_word' id='word_1_278' title='bbox 379 2359 456 2425; x_wconf 91' lang='lat' dir='ltr'>inde</span> <span class='ocrx_word' id='word_1_279' title='bbox 485 2358 671 2424; x_wconf 88' lang='lat' dir='ltr'>moriautur</span> <span class='ocrx_word' id='word_1_280' title='bbox 704 2357 775 2424; x_wconf 89' lang='lat' dir='ltr'>siue</span> <span class='ocrx_word' id='word_1_281' title='bbox 806 2357 906 2443; x_wconf 88' lang='lat' dir='ltr'>longo</span> <span class='ocrx_word' id='word_1_282' title='bbox 935 2359 1090 2426; x_wconf 89' lang='lat' dir='ltr'>cruciatu.</span> <span class='ocrx_word' id='word_1_283' title='bbox 1133 2358 1213 2424; x_wconf 90' lang='lat' dir='ltr'>Ideo</span> <span class='ocrx_word' id='word_1_284' title='bbox 1235 2357 1357 2424; x_wconf 83' lang='lat' dir='ltr'>ansar</span> <span class='ocrx_word' id='word_1_285' title='bbox 1409 2381 1487 2426; x_wconf 88' lang='lat' dir='ltr'>nere</span> <span class='ocrx_word' id='word_1_286' title='bbox 1509 2359 1640 2444; x_wconf 87' lang='lat' dir='ltr'>aliquod</span> <span class='ocrx_word' id='word_1_287' title='bbox 1663 2360 1884 2426; x_wconf 89' lang='lat' dir='ltr'>testimonium</span> <span class='ocrx_word' id='word_1_288' title='bbox 1907 2359 2005 2426; x_wconf 88' lang='lat' dir='ltr'>huius</span> <span class='ocrx_word' id='word_1_289' title='bbox 2027 2358 2208 2444; x_wconf 87' lang='lat' dir='ltr'>diguitatis:</span> <span class='ocrx_word' id='word_1_290' title='bbox 2230 2376 2268 2423; x_wconf 91' lang='lat' dir='ltr'>ao</span> <span class='ocrx_word' id='word_1_291' title='bbox 2290 2375 2385 2440; x_wconf 89' lang='lat' dir='ltr'>prae·</span> 
     </span>
     <span class='ocr_line' id='line_1_22' title="bbox 379 2441 2385 2531; baseline -0.002 -20"><span class='ocrx_word' id='word_1_292' title='bbox 379 2445 488 2511; x_wconf 91' lang='lat' dir='ltr'>Iulius</span> <span class='ocrx_word' id='word_1_293' title='bbox 510 2445 614 2527; x_wconf 74' lang='lat' dir='ltr'>pridie</span> <span class='ocrx_word' id='word_1_294' title='bbox 636 2465 732 2528; x_wconf 87' lang='lat' dir='ltr'>quarn</span> <span class='ocrx_word' id='word_1_295' title='bbox 756 2445 880 2510; x_wconf 89' lang='lat' dir='ltr'>occisus</span> <span class='ocrx_word' id='word_1_296' title='bbox 902 2453 961 2523; x_wconf 91' lang='lat' dir='ltr'>est,</span> <span class='ocrx_word' id='word_1_297' title='bbox 990 2444 1127 2511; x_wconf 84' lang='lat' dir='ltr'>vocabat</span> <span class='ocrx_word' id='word_1_298' title='bbox 1148 2466 1252 2530; x_wconf 86' lang='lat' dir='ltr'>genus</span> <span class='ocrx_word' id='word_1_299' title='bbox 1274 2444 1356 2510; x_wconf 93' lang='lat' dir='ltr'>illud</span> <span class='ocrx_word' id='word_1_300' title='bbox 1408 2447 1559 2526; x_wconf 84' lang='lat' dir='ltr'>stantiae,</span> <span class='ocrx_word' id='word_1_301' title='bbox 1582 2467 1647 2530; x_wconf 84' lang='lat' dir='ltr'>quc</span> <span class='ocrx_word' id='word_1_302' title='bbox 1670 2467 1730 2510; x_wconf 95' lang='lat' dir='ltr'>nos</span> <span class='ocrx_word' id='word_1_303' title='bbox 1752 2444 1907 2531; x_wconf 88' lang='lat' dir='ltr'>diguatus</span> <span class='ocrx_word' id='word_1_304' title='bbox 1930 2457 1979 2512; x_wconf 88' lang='lat' dir='ltr'>est</span> <span class='ocrx_word' id='word_1_305' title='bbox 2001 2465 2080 2528; x_wconf 88' lang='lat' dir='ltr'>prae</span> <span class='ocrx_word' id='word_1_306' title='bbox 2103 2444 2208 2509; x_wconf 87' lang='lat' dir='ltr'>brutis</span> <span class='ocrx_word' id='word_1_307' title='bbox 2237 2441 2385 2507; x_wconf 91' lang='lat' dir='ltr'>animali·</span> 
     </span>
     <span class='ocr_line' id='line_1_23' title="bbox 379 2528 2386 2617; baseline -0.001 -21"><span class='ocrx_word' id='word_1_308' title='bbox 379 2529 586 2609; x_wconf 65' lang='lat' dir='ltr'>anuscanae,</span> <span class='ocrx_word' id='word_1_309' title='bbox 610 2551 727 2614; x_wconf 90' lang='lat' dir='ltr'>nempe</span> <span class='ocrx_word' id='word_1_310' title='bbox 749 2531 885 2617; x_wconf 87' lang='lat' dir='ltr'>putabat</span> <span class='ocrx_word' id='word_1_311' title='bbox 906 2552 942 2596; x_wconf 90' lang='lat' dir='ltr'>se</span> <span class='ocrx_word' id='word_1_312' title='bbox 960 2530 1030 2595; x_wconf 82' lang='lat' dir='ltr'>fore</span> <span class='ocrx_word' id='word_1_313' title='bbox 1049 2531 1185 2610; x_wconf 77' lang='lat' dir='ltr'>felicem,</span> <span class='ocrx_word' id='word_1_314' title='bbox 1207 2531 1234 2597; x_wconf 90' lang='lat' dir='ltr'>si</span> <span class='ocrx_word' id='word_1_315' title='bbox 1249 2530 1356 2597; x_wconf 87' lang='lat' dir='ltr'>subito</span> <span class='ocrx_word' id='word_1_316' title='bbox 1408 2532 1479 2599; x_wconf 91' lang='lat' dir='ltr'>bus.</span> <span class='ocrx_word' id='word_1_317' title='bbox 1513 2531 1652 2598; x_wconf 86' lang='lat' dir='ltr'>Interim</span> <span class='ocrx_word' id='word_1_318' title='bbox 1676 2542 1786 2597; x_wconf 87' lang='lat' dir='ltr'>tamen</span> <span class='ocrx_word' id='word_1_319' title='bbox 1808 2534 1928 2598; x_wconf 90' lang='lat' dir='ltr'>scimus</span> <span class='ocrx_word' id='word_1_320' title='bbox 1943 2552 2063 2615; x_wconf 91' lang='lat' dir='ltr'>poenas</span> <span class='ocrx_word' id='word_1_321' title='bbox 2079 2528 2274 2614; x_wconf 85' lang='lat' dir='ltr'>temporales</span> <span class='ocrx_word' id='word_1_322' title='bbox 2289 2547 2386 2612; x_wconf 87' lang='lat' dir='ltr'>posse</span> 
     </span>
     <span class='ocr_line' id='line_1_24' title="bbox 379 2615 2385 2702; baseline -0.001 -20"><span class='ocrx_word' id='word_1_323' title='bbox 379 2619 655 2702; x_wconf 85' lang='lat' dir='ltr'>exstingueretur.</span> <span class='ocrx_word' id='word_1_324' title='bbox 699 2617 747 2682; x_wconf 83' lang='lat' dir='ltr'>Et</span> <span class='ocrx_word' id='word_1_325' title='bbox 768 2617 830 2683; x_wconf 90' lang='lat' dir='ltr'>hoc</span> <span class='ocrx_word' id='word_1_326' title='bbox 853 2625 903 2683; x_wconf 87' lang='lat' dir='ltr'>est</span> <span class='ocrx_word' id='word_1_327' title='bbox 925 2618 1107 2701; x_wconf 92' lang='lat' dir='ltr'>ingenitum</span> <span class='ocrx_word' id='word_1_328' title='bbox 1130 2617 1356 2682; x_wconf 83' lang='lat' dir='ltr'>hominibusa</span> <span class='ocrx_word' id='word_1_329' title='bbox 1409 2619 1508 2684; x_wconf 90' lang='lat' dir='ltr'>etiam</span> <span class='ocrx_word' id='word_1_330' title='bbox 1531 2618 1681 2684; x_wconf 87' lang='lat' dir='ltr'>fidelibus</span> <span class='ocrx_word' id='word_1_331' title='bbox 1703 2620 1904 2702; x_wconf 87' lang='lat' dir='ltr'>contingere,</span> <span class='ocrx_word' id='word_1_332' title='bbox 1932 2630 1964 2684; x_wconf 90' lang='lat' dir='ltr'>et</span> <span class='ocrx_word' id='word_1_333' title='bbox 1986 2617 2131 2684; x_wconf 87' lang='lat' dir='ltr'>converti</span> <span class='ocrx_word' id='word_1_334' title='bbox 2161 2617 2196 2680; x_wconf 93' lang='lat' dir='ltr'>in</span> <span class='ocrx_word' id='word_1_335' title='bbox 2226 2615 2385 2680; x_wconf 87' lang='lat' dir='ltr'>salutem:</span> 
     </span>
     <span class='ocr_line' id='line_1_25' title="bbox 378 2701 2387 2852; baseline -0.001 -84"><span class='ocrx_word' id='word_1_336' title='bbox 378 2710 508 2769; x_wconf 87' lang='lat' dir='ltr'>natura.</span> <span class='ocrx_word' id='word_1_337' title='bbox 541 2702 588 2769; x_wconf 88' lang='lat' dir='ltr'>Ut</span> <span class='ocrx_word' id='word_1_338' title='bbox 609 2722 688 2787; x_wconf 90' lang='lat' dir='ltr'>ergo</span> <span class='ocrx_word' id='word_1_339' title='bbox 710 2703 765 2769; x_wconf 93' lang='lat' dir='ltr'>hio</span> <span class='ocrx_word' id='word_1_340' title='bbox 787 2702 968 2768; x_wconf 84' lang='lat' dir='ltr'>vindictam</span> <span class='ocrx_word' id='word_1_341' title='bbox 987 2704 1050 2770; x_wconf 88' lang='lat' dir='ltr'>Dei</span> <span class='ocrx_word' id='word_1_342' title='bbox 1072 2704 1248 2786; x_wconf 86' lang='lat' dir='ltr'>amplificet</span> <span class='ocrx_word' id='word_1_343' title='bbox 1267 2704 1357 2769; x_wconf 90' lang='lat' dir='ltr'>Iore·</span> <span class='ocrx_word' id='word_1_344' title='bbox 1410 2705 1487 2788; x_wconf 88' lang='lat' dir='ltr'>quia</span> <span class='ocrx_word' id='word_1_345' title='bbox 1519 2704 1669 2771; x_wconf 89' lang='lat' dir='ltr'>Psalmns</span> <span class='ocrx_word' id='word_1_346' title='bbox 1704 2705 1768 2788; x_wconf 79' lang='lat' dir='ltr'>(te,</span> <span class='ocrx_word' id='word_1_347' title='bbox 1796 2704 1830 2790; x_wconf 79' lang='lat'>2)</span> <span class='ocrx_word' id='word_1_348' title='bbox 1863 2704 2077 2787; x_wconf 81' lang='lat' dir='ltr'>conqueritur</span> <span class='ocrx_word' id='word_1_349' title='bbox 2109 2701 2253 2852; x_wconf 60' lang='lat' dir='ltr'>proiecta</span> <span class='ocrx_word' id='word_1_350' title='bbox 2285 2701 2387 2766; x_wconf 83' lang='lat' dir='ltr'>fuisse</span> 
     </span>
     <span class='ocr_line' id='line_1_26' title="bbox 378 2786 2385 2874; baseline -0.002 -19"><span class='ocrx_word' id='word_1_351' title='bbox 378 2790 471 2866; x_wconf 82' lang='lat' dir='ltr'>miae,</span> <span class='ocrx_word' id='word_1_352' title='bbox 494 2788 574 2854; x_wconf 90' lang='lat' dir='ltr'>dicit</span> <span class='ocrx_word' id='word_1_353' title='bbox 594 2789 764 2855; x_wconf 74' lang='lat' dir='ltr'>morituros</span> <span class='ocrx_word' id='word_1_354' title='bbox 779 2789 932 2855; x_wconf 69' lang='lat' dir='ltr'>monibus</span> <span class='ocrx_word' id='word_1_355' title='bbox 948 2789 1200 2874; x_wconf 69' lang='lat' dir='ltr'>aegrotationum,</span> <span class='ocrx_word' id='word_1_356' title='bbox 1220 2789 1282 2854; x_wconf 92' lang='lat' dir='ltr'>hoc</span> <span class='ocrx_word' id='word_1_357' title='bbox 1297 2799 1358 2869; x_wconf 81' lang='lat' dir='ltr'>eat,</span> <span class='ocrx_word' id='word_1_358' title='bbox 1410 2790 1568 2857; x_wconf 83' lang='lat' dir='ltr'>cadavera</span> <span class='ocrx_word' id='word_1_359' title='bbox 1600 2791 1746 2874; x_wconf 84' lang='lat' dir='ltr'>piorum,</span> <span class='ocrx_word' id='word_1_360' title='bbox 1787 2792 1887 2857; x_wconf 81' lang='lat' dir='ltr'>luisse</span> <span class='ocrx_word' id='word_1_361' title='bbox 1927 2810 2034 2856; x_wconf 90' lang='lat' dir='ltr'>eseam</span> <span class='ocrx_word' id='word_1_362' title='bbox 2068 2786 2254 2854; x_wconf 86' lang='lat' dir='ltr'>vectilibus</span> <span class='ocrx_word' id='word_1_363' title='bbox 2293 2787 2385 2852; x_wconf 91' lang='lat' dir='ltr'>coeli.</span> 
     </span>
     <span class='ocr_line' id='line_1_27' title="bbox 377 2872 2387 2958; baseline -0.002 -16"><span class='ocrx_word' id='word_1_364' title='bbox 377 2884 551 2958; x_wconf 87' lang='lat' dir='ltr'>postquam</span> <span class='ocrx_word' id='word_1_365' title='bbox 573 2875 711 2941; x_wconf 84' lang='lat' dir='ltr'>confecti</span> <span class='ocrx_word' id='word_1_366' title='bbox 739 2875 861 2941; x_wconf 83' lang='lat' dir='ltr'>luerint</span> <span class='ocrx_word' id='word_1_367' title='bbox 890 2875 1054 2942; x_wconf 91' lang='lat' dir='ltr'>dinturnis</span> <span class='ocrx_word' id='word_1_368' title='bbox 1082 2876 1294 2956; x_wconf 89' lang='lat' dir='ltr'>moeroribus,</span> <span class='ocrx_word' id='word_1_369' title='bbox 1323 2885 1356 2940; x_wconf 90' lang='lat' dir='ltr'>et</span> <span class='ocrx_word' id='word_1_370' title='bbox 1409 2876 1485 2942; x_wconf 85' lang='lat' dir='ltr'>Hoc</span> <span class='ocrx_word' id='word_1_371' title='bbox 1515 2898 1630 2942; x_wconf 88' lang='lat' dir='ltr'>verum</span> <span class='ocrx_word' id='word_1_372' title='bbox 1659 2889 1717 2942; x_wconf 86' lang='lat' dir='ltr'>est.</span> <span class='ocrx_word' id='word_1_373' title='bbox 1767 2876 1834 2943; x_wconf 82' lang='lat' dir='ltr'>Sed</span> <span class='ocrx_word' id='word_1_374' title='bbox 1864 2887 1971 2942; x_wconf 91' lang='lat' dir='ltr'>tamen</span> <span class='ocrx_word' id='word_1_375' title='bbox 2001 2875 2081 2941; x_wconf 82' lang='lat' dir='ltr'>haec</span> <span class='ocrx_word' id='word_1_376' title='bbox 2111 2874 2175 2940; x_wconf 92' lang='lat' dir='ltr'>duo</span> <span class='ocrx_word' id='word_1_377' title='bbox 2206 2891 2272 2938; x_wconf 91' lang='lat' dir='ltr'>nou</span> <span class='ocrx_word' id='word_1_378' title='bbox 2301 2872 2387 2938; x_wconf 90' lang='lat' dir='ltr'>male</span> 
     </span>
     <span class='ocr_line' id='line_1_28' title="bbox 378 2957 2386 3046; baseline -0.001 -21"><span class='ocrx_word' id='word_1_379' title='bbox 378 2962 472 3044; x_wconf 86' lang='lat' dir='ltr'>quasi</span> <span class='ocrx_word' id='word_1_380' title='bbox 505 2961 751 3038; x_wconf 88' lang='lat' dir='ltr'>contabuerint,</span> <span class='ocrx_word' id='word_1_381' title='bbox 791 2973 868 3027; x_wconf 90' lang='lat' dir='ltr'>tuuc</span> <span class='ocrx_word' id='word_1_382' title='bbox 901 2961 1034 3027; x_wconf 87' lang='lat' dir='ltr'>tandem</span> <span class='ocrx_word' id='word_1_383' title='bbox 1067 2963 1243 3028; x_wconf 89' lang='lat' dir='ltr'>morituros</span> <span class='ocrx_word' id='word_1_384' title='bbox 1276 2983 1356 3028; x_wconf 90' lang='lat' dir='ltr'>esse.</span> <span class='ocrx_word' id='word_1_385' title='bbox 1410 2963 1498 3028; x_wconf 89' lang='lat' dir='ltr'>inter</span> <span class='ocrx_word' id='word_1_386' title='bbox 1527 2981 1563 3028; x_wconf 91' lang='lat' dir='ltr'>se</span> <span class='ocrx_word' id='word_1_387' title='bbox 1591 2963 1799 3043; x_wconf 86' lang='lat' dir='ltr'>conveniunt,</span> <span class='ocrx_word' id='word_1_388' title='bbox 1832 2983 1950 3046; x_wconf 89' lang='lat' dir='ltr'>nempe</span> <span class='ocrx_word' id='word_1_389' title='bbox 1983 2981 2054 3028; x_wconf 86' lang='lat' dir='ltr'>esse</span> <span class='ocrx_word' id='word_1_390' title='bbox 2088 2961 2220 3044; x_wconf 90' lang='lat' dir='ltr'>siguum</span> <span class='ocrx_word' id='word_1_391' title='bbox 2253 2957 2386 3042; x_wconf 90' lang='lat' dir='ltr'>aliquod</span> 
     </span>
     <span class='ocr_line' id='line_1_29' title="bbox 378 3045 2387 3131; baseline -0 -20"><span class='ocrx_word' id='word_1_392' title='bbox 378 3045 551 3129; x_wconf 84' lang='lat' dir='ltr'>Adiungit,</span> <span class='ocrx_word' id='word_1_393' title='bbox 576 3046 648 3112; x_wconf 82' lang='lat' dir='ltr'>Non</span> <span class='ocrx_word' id='word_1_394' title='bbox 663 3046 865 3131; x_wconf 70' lang='lat' dir='ltr'>plangentur,</span> <span class='ocrx_word' id='word_1_395' title='bbox 892 3052 1003 3114; x_wconf 67' lang='lat' dir='ltr'>deun</span> <span class='ocrx_word' id='word_1_396' title='bbox 1024 3049 1222 3130; x_wconf 79' lang='lat' dir='ltr'>sepelientur.</span> <span class='ocrx_word' id='word_1_397' title='bbox 1267 3047 1358 3114; x_wconf 82' lang='lat' dir='ltr'>Vidi·</span> <span class='ocrx_word' id='word_1_398' title='bbox 1410 3050 1478 3114; x_wconf 88' lang='lat' dir='ltr'>irae</span> <span class='ocrx_word' id='word_1_399' title='bbox 1506 3047 1580 3126; x_wconf 85' lang='lat' dir='ltr'>Dei,</span> <span class='ocrx_word' id='word_1_400' title='bbox 1611 3047 1687 3114; x_wconf 89' lang='lat' dir='ltr'>dum</span> <span class='ocrx_word' id='word_1_401' title='bbox 1717 3049 1837 3115; x_wconf 90' lang='lat' dir='ltr'>mortui</span> <span class='ocrx_word' id='word_1_402' title='bbox 1864 3069 1930 3114; x_wconf 93' lang='lat' dir='ltr'>non</span> <span class='ocrx_word' id='word_1_403' title='bbox 1961 3047 2175 3131; x_wconf 87' lang='lat' dir='ltr'>sepeliuntur,</span> <span class='ocrx_word' id='word_1_404' title='bbox 2202 3053 2237 3110; x_wconf 91' lang='lat' dir='ltr'>et</span> <span class='ocrx_word' id='word_1_405' title='bbox 2266 3065 2387 3129; x_wconf 86' lang='lat' dir='ltr'>poenas</span> 
     </span>
     <span class='ocr_line' id='line_1_30' title="bbox 378 3131 2388 3218; baseline 0 -23"><span class='ocrx_word' id='word_1_406' title='bbox 378 3149 454 3196; x_wconf 89' lang='lat' dir='ltr'>mus</span> <span class='ocrx_word' id='word_1_407' title='bbox 486 3131 581 3211; x_wconf 90' lang='lat' dir='ltr'>alibi,</span> <span class='ocrx_word' id='word_1_408' title='bbox 613 3143 647 3195; x_wconf 94' lang='lat' dir='ltr'>ot</span> <span class='ocrx_word' id='word_1_409' title='bbox 676 3133 795 3197; x_wconf 86' lang='lat' dir='ltr'>iterum</span> <span class='ocrx_word' id='word_1_410' title='bbox 825 3132 1010 3198; x_wconf 81' lang='lat' dir='ltr'>videbimus</span> <span class='ocrx_word' id='word_1_411' title='bbox 1036 3137 1170 3218; x_wconf 88' lang='lat' dir='ltr'>siguum</span> <span class='ocrx_word' id='word_1_412' title='bbox 1199 3134 1260 3200; x_wconf 90' lang='lat' dir='ltr'>boo</span> <span class='ocrx_word' id='word_1_413' title='bbox 1287 3155 1358 3200; x_wconf 87' lang='lat' dir='ltr'>esee</span> <span class='ocrx_word' id='word_1_414' title='bbox 1408 3134 1482 3202; x_wconf 89' lang='lat' dir='ltr'>illas</span> <span class='ocrx_word' id='word_1_415' title='bbox 1515 3135 1711 3218; x_wconf 88' lang='lat' dir='ltr'>temporales</span> <span class='ocrx_word' id='word_1_416' title='bbox 1744 3155 1809 3200; x_wconf 93' lang='lat' dir='ltr'>non</span> <span class='ocrx_word' id='word_1_417' title='bbox 1850 3153 1967 3200; x_wconf 89' lang='lat' dir='ltr'>nocere</span> <span class='ocrx_word' id='word_1_418' title='bbox 2000 3134 2063 3200; x_wconf 90' lang='lat' dir='ltr'>Dei</span> <span class='ocrx_word' id='word_1_419' title='bbox 2102 3133 2228 3212; x_wconf 88' lang='lat' dir='ltr'>clectis,</span> <span class='ocrx_word' id='word_1_420' title='bbox 2269 3132 2388 3214; x_wconf 88' lang='lat' dir='ltr'>quibus</span> 
     </span>
     <span class='ocr_line' id='line_1_31' title="bbox 378 3214 2388 3304; baseline 0.001 -25"><span class='ocrx_word' id='word_1_421' title='bbox 378 3214 626 3296; x_wconf 88' lang='lat' dir='ltr'>maledictionis,</span> <span class='ocrx_word' id='word_1_422' title='bbox 648 3216 706 3282; x_wconf 90' lang='lat' dir='ltr'>ubi</span> <span class='ocrx_word' id='word_1_423' title='bbox 721 3217 889 3299; x_wconf 87' lang='lat' dir='ltr'>sepultura</span> <span class='ocrx_word' id='word_1_424' title='bbox 906 3229 1020 3283; x_wconf 88' lang='lat' dir='ltr'>carent</span> <span class='ocrx_word' id='word_1_425' title='bbox 1043 3222 1174 3297; x_wconf 89' lang='lat' dir='ltr'>mortui,</span> <span class='ocrx_word' id='word_1_426' title='bbox 1197 3227 1231 3285; x_wconf 90' lang='lat' dir='ltr'>et</span> <span class='ocrx_word' id='word_1_427' title='bbox 1245 3219 1356 3286; x_wconf 88' lang='lat' dir='ltr'>nullus</span> <span class='ocrx_word' id='word_1_428' title='bbox 1410 3220 1496 3287; x_wconf 89' lang='lat' dir='ltr'>mala</span> <span class='ocrx_word' id='word_1_429' title='bbox 1524 3221 1595 3304; x_wconf 81' lang='lat' dir='ltr'>ipra</span> <span class='ocrx_word' id='word_1_430' title='bbox 1624 3222 1657 3286; x_wconf 95' lang='lat' dir='ltr'>in</span> <span class='ocrx_word' id='word_1_431' title='bbox 1687 3221 1808 3286; x_wconf 92' lang='lat' dir='ltr'>bonum</span> <span class='ocrx_word' id='word_1_432' title='bbox 1840 3221 1970 3298; x_wconf 90' lang='lat' dir='ltr'>cedunt,</span> <span class='ocrx_word' id='word_1_433' title='bbox 2003 3217 2275 3302; x_wconf 88' lang='lat' dir='ltr'>quemadmodum</span> <span class='ocrx_word' id='word_1_434' title='bbox 2306 3219 2388 3282; x_wconf 88' lang='lat' dir='ltr'>satis</span> 
     </span>
     <span class='ocr_line' id='line_1_32' title="bbox 378 3301 2388 3392; baseline 0.002 -28"><span class='ocrx_word' id='word_1_435' title='bbox 378 3302 589 3384; x_wconf 88' lang='lat' dir='ltr'>prosequitur</span> <span class='ocrx_word' id='word_1_436' title='bbox 622 3301 715 3368; x_wconf 89' lang='lat' dir='ltr'>luctu</span> <span class='ocrx_word' id='word_1_437' title='bbox 748 3323 860 3367; x_wconf 91' lang='lat' dir='ltr'>eorum</span> <span class='ocrx_word' id='word_1_438' title='bbox 899 3313 1056 3368; x_wconf 89' lang='lat' dir='ltr'>mortem:</span> <span class='ocrx_word' id='word_1_439' title='bbox 1094 3325 1171 3369; x_wconf 90' lang='lat' dir='ltr'>nam</span> <span class='ocrx_word' id='word_1_440' title='bbox 1213 3304 1274 3372; x_wconf 92' lang='lat' dir='ltr'>hoc</span> <span class='ocrx_word' id='word_1_441' title='bbox 1307 3313 1358 3370; x_wconf 91' lang='lat' dir='ltr'>est</span> <span class='ocrx_word' id='word_1_442' title='bbox 1410 3317 1524 3372; x_wconf 86' lang='lat' dir='ltr'>uotum</span> <span class='ocrx_word' id='word_1_443' title='bbox 1547 3316 1604 3372; x_wconf 90' lang='lat' dir='ltr'>est.</span> <span class='ocrx_word' id='word_1_444' title='bbox 1648 3306 1729 3373; x_wconf 92' lang='lat' dir='ltr'>Ideo</span> <span class='ocrx_word' id='word_1_445' title='bbox 1752 3306 1910 3392; x_wconf 86' lang='lat' dir='ltr'>adiungit,</span> <span class='ocrx_word' id='word_1_446' title='bbox 1935 3305 1998 3372; x_wconf 87' lang='lat' dir='ltr'>Per</span> <span class='ocrx_word' id='word_1_447' title='bbox 2016 3306 2171 3390; x_wconf 72' lang='lat' dir='ltr'>gladium,</span> <span class='ocrx_word' id='word_1_448' title='bbox 2187 3324 2250 3386; x_wconf 83' lang='lat' dir='ltr'>per</span> <span class='ocrx_word' id='word_1_449' title='bbox 2269 3304 2388 3385; x_wconf 74' lang='lat' dir='ltr'>samem</span> 
     </span>
     <span class='ocr_line' id='line_1_33' title="bbox 378 3386 2387 3477; baseline 0 -25"><span class='ocrx_word' id='word_1_450' title='bbox 378 3406 552 3452; x_wconf 88' lang='lat' dir='ltr'>commuue</span> <span class='ocrx_word' id='word_1_451' title='bbox 573 3386 789 3454; x_wconf 89' lang='lat' dir='ltr'>humanitatis</span> <span class='ocrx_word' id='word_1_452' title='bbox 818 3387 971 3468; x_wconf 86' lang='lat' dir='ltr'>officium,</span> <span class='ocrx_word' id='word_1_453' title='bbox 1000 3398 1037 3454; x_wconf 92' lang='lat' dir='ltr'>ut</span> <span class='ocrx_word' id='word_1_454' title='bbox 1057 3391 1230 3473; x_wconf 89' lang='lat' dir='ltr'>propinqui</span> <span class='ocrx_word' id='word_1_455' title='bbox 1254 3401 1286 3456; x_wconf 90' lang='lat' dir='ltr'>et</span> <span class='ocrx_word' id='word_1_456' title='bbox 1308 3412 1358 3456; x_wconf 93' lang='lat' dir='ltr'>co·</span> <span class='ocrx_word' id='word_1_457' title='bbox 1408 3397 1632 3472; x_wconf 66' lang='lat' dir='ltr'>nommetur,</span> <span class='ocrx_word' id='word_1_458' title='bbox 1655 3393 1716 3458; x_wconf 92' lang='lat' dir='ltr'>hoo</span> <span class='ocrx_word' id='word_1_459' title='bbox 1739 3401 1798 3476; x_wconf 90' lang='lat' dir='ltr'>est,</span> <span class='ocrx_word' id='word_1_460' title='bbox 1821 3393 1877 3458; x_wconf 90' lang='lat' dir='ltr'>alii</span> <span class='ocrx_word' id='word_1_461' title='bbox 1899 3391 2018 3477; x_wconf 89' lang='lat' dir='ltr'>gladio,</span> <span class='ocrx_word' id='word_1_462' title='bbox 2042 3390 2096 3457; x_wconf 90' lang='lat' dir='ltr'>alii</span> <span class='ocrx_word' id='word_1_463' title='bbox 2116 3392 2202 3457; x_wconf 86' lang='lat' dir='ltr'>lame</span> <span class='ocrx_word' id='word_1_464' title='bbox 2221 3389 2387 3473; x_wconf 89' lang='lat' dir='ltr'>peribunt,</span> 
     </span>
     <span class='ocr_line' id='line_1_34' title="bbox 379 3472 2388 3562; baseline 0.001 -25"><span class='ocrx_word' id='word_1_465' title='bbox 379 3473 471 3558; x_wconf 87' lang='lat' dir='ltr'>gnati</span> <span class='ocrx_word' id='word_1_466' title='bbox 494 3473 548 3556; x_wconf 90' lang='lat' dir='ltr'>qui</span> <span class='ocrx_word' id='word_1_467' title='bbox 571 3483 651 3537; x_wconf 89' lang='lat' dir='ltr'>suut</span> <span class='ocrx_word' id='word_1_468' title='bbox 672 3472 864 3556; x_wconf 86' lang='lat' dir='ltr'>superstites</span> <span class='ocrx_word' id='word_1_469' title='bbox 886 3473 1022 3558; x_wconf 89' lang='lat' dir='ltr'>lugeant</span> <span class='ocrx_word' id='word_1_470' title='bbox 1045 3485 1206 3555; x_wconf 86' lang='lat' dir='ltr'>mortuos,</span> <span class='ocrx_word' id='word_1_471' title='bbox 1240 3473 1357 3542; x_wconf 88' lang='lat' dir='ltr'>deiude</span> <span class='ocrx_word' id='word_1_472' title='bbox 1410 3477 1686 3562; x_wconf 87' lang='lat' dir='ltr'>quemadmodum</span> <span class='ocrx_word' id='word_1_473' title='bbox 1713 3479 1804 3562; x_wconf 89' lang='lat' dir='ltr'>prius</span> <span class='ocrx_word' id='word_1_474' title='bbox 1834 3480 1944 3544; x_wconf 81' lang='lat' dir='ltr'>visum</span> <span class='ocrx_word' id='word_1_475' title='bbox 1974 3489 2037 3544; x_wconf 92' lang='lat' dir='ltr'>est:</span> <span class='ocrx_word' id='word_1_476' title='bbox 2072 3476 2138 3558; x_wconf 78' lang='lat' dir='ltr'>Qui</span> <span class='ocrx_word' id='word_1_477' title='bbox 2169 3475 2210 3541; x_wconf 87' lang='lat' dir='ltr'>nd</span> <span class='ocrx_word' id='word_1_478' title='bbox 2241 3475 2388 3559; x_wconf 83' lang='lat' dir='ltr'>gladium</span> 
     </span>
     <span class='ocr_line' id='line_1_35' title="bbox 378 3557 2388 3648; baseline 0 -24"><span class='ocrx_word' id='word_1_479' title='bbox 378 3568 418 3624; x_wconf 90' lang='lat' dir='ltr'>ut</span> <span class='ocrx_word' id='word_1_480' title='bbox 452 3557 623 3644; x_wconf 89' lang='lat' dir='ltr'>sepeliunt.</span> <span class='ocrx_word' id='word_1_481' title='bbox 677 3557 744 3624; x_wconf 81' lang='lat' dir='ltr'>Sed</span> <span class='ocrx_word' id='word_1_482' title='bbox 777 3557 910 3624; x_wconf 78' lang='lat' dir='ltr'>videtur</span> <span class='ocrx_word' id='word_1_483' title='bbox 942 3559 1030 3626; x_wconf 87' lang='lat' dir='ltr'>aliud</span> <span class='ocrx_word' id='word_1_484' title='bbox 1063 3561 1163 3627; x_wconf 90' lang='lat' dir='ltr'>etiam</span> <span class='ocrx_word' id='word_1_485' title='bbox 1196 3562 1358 3645; x_wconf 90' lang='lat' dir='ltr'>propheta</span> <span class='ocrx_word' id='word_1_486' title='bbox 1410 3564 1450 3628; x_wconf 88' lang='lat' dir='ltr'>ad</span> <span class='ocrx_word' id='word_1_487' title='bbox 1474 3563 1629 3648; x_wconf 89' lang='lat' dir='ltr'>gladium,</span> <span class='ocrx_word' id='word_1_488' title='bbox 1652 3573 1685 3629; x_wconf 93' lang='lat' dir='ltr'>et</span> <span class='ocrx_word' id='word_1_489' title='bbox 1707 3564 1763 3648; x_wconf 91' lang='lat' dir='ltr'>qui</span> <span class='ocrx_word' id='word_1_490' title='bbox 1785 3563 1826 3630; x_wconf 92' lang='lat' dir='ltr'>ad</span> <span class='ocrx_word' id='word_1_491' title='bbox 1848 3564 1968 3630; x_wconf 82' lang='lat' dir='ltr'>famem</span> <span class='ocrx_word' id='word_1_492' title='bbox 1996 3563 2036 3629; x_wconf 92' lang='lat' dir='ltr'>ad</span> <span class='ocrx_word' id='word_1_493' title='bbox 2065 3564 2194 3629; x_wconf 83' lang='lat' dir='ltr'>samem.</span> <span class='ocrx_word' id='word_1_494' title='bbox 2238 3560 2388 3626; x_wconf 71' lang='lat' dir='ltr'>Tandem</span> 
     </span>
     <span class='ocr_line' id='line_1_36' title="bbox 380 3643 2390 3743; baseline 0.001 -33"><span class='ocrx_word' id='word_1_495' title='bbox 380 3645 476 3710; x_wconf 87' lang='lat' dir='ltr'>velle.</span> <span class='ocrx_word' id='word_1_496' title='bbox 501 3643 593 3743; x_wconf 32' lang='lat' dir='ltr'>‘Ego</span> <span class='ocrx_word' id='word_1_497' title='bbox 614 3643 746 3726; x_wconf 91' lang='lat' dir='ltr'>quidem</span> <span class='ocrx_word' id='word_1_498' title='bbox 775 3643 857 3708; x_wconf 91' lang='lat' dir='ltr'>illud</span> <span class='ocrx_word' id='word_1_499' title='bbox 886 3665 955 3710; x_wconf 91' lang='lat' dir='ltr'>nou</span> <span class='ocrx_word' id='word_1_500' title='bbox 983 3645 1129 3728; x_wconf 83' lang='lat' dir='ltr'>excludo,</span> <span class='ocrx_word' id='word_1_501' title='bbox 1157 3647 1242 3731; x_wconf 89' lang='lat' dir='ltr'>qnod</span> <span class='ocrx_word' id='word_1_502' title='bbox 1265 3647 1357 3713; x_wconf 89' lang='lat' dir='ltr'>Dens</span> <span class='ocrx_word' id='word_1_503' title='bbox 1409 3649 1540 3715; x_wconf 88' lang='lat' dir='ltr'>subiicit</span> <span class='ocrx_word' id='word_1_504' title='bbox 1562 3647 1650 3732; x_wconf 89' lang='lat' dir='ltr'>quod</span> <span class='ocrx_word' id='word_1_505' title='bbox 1672 3648 1737 3714; x_wconf 88' lang='lat' dir='ltr'>iam</span> <span class='ocrx_word' id='word_1_506' title='bbox 1768 3650 1873 3736; x_wconf 90' lang='lat' dir='ltr'>attigi,</span> <span class='ocrx_word' id='word_1_507' title='bbox 1900 3650 2055 3716; x_wconf 77' lang='lat' dir='ltr'>ccduoem</span> <span class='ocrx_word' id='word_1_508' title='bbox 2085 3650 2228 3731; x_wconf 74' lang='lat' dir='ltr'>ipsorum</span> <span class='ocrx_word' id='word_1_509' title='bbox 2254 3648 2327 3729; x_wconf 77' lang='lat' dir='ltr'>fore</span> <span class='ocrx_word' id='word_1_510' title='bbox 2354 3648 2390 3712; x_wconf 80' lang='lat' dir='ltr'>ia</span> 
     </span>
     <span class='ocr_line' id='line_1_37' title="bbox 379 3728 2389 3818; baseline 0.001 -23"><span class='ocrx_word' id='word_1_511' title='bbox 379 3729 526 3814; x_wconf 78' lang='lat' dir='ltr'>privabit</span> <span class='ocrx_word' id='word_1_512' title='bbox 546 3749 602 3795; x_wconf 90' lang='lat' dir='ltr'>eos</span> <span class='ocrx_word' id='word_1_513' title='bbox 620 3737 653 3793; x_wconf 88' lang='lat' dir='ltr'>et</span> <span class='ocrx_word' id='word_1_514' title='bbox 671 3728 793 3794; x_wconf 89' lang='lat' dir='ltr'>honore</span> <span class='ocrx_word' id='word_1_515' title='bbox 811 3730 954 3812; x_wconf 89' lang='lat' dir='ltr'>sepulcri</span> <span class='ocrx_word' id='word_1_516' title='bbox 970 3741 1002 3797; x_wconf 91' lang='lat' dir='ltr'>et</span> <span class='ocrx_word' id='word_1_517' title='bbox 1019 3733 1127 3800; x_wconf 88' lang='lat' dir='ltr'>luctu:</span> <span class='ocrx_word' id='word_1_518' title='bbox 1149 3733 1207 3799; x_wconf 90' lang='lat' dir='ltr'>sed</span> <span class='ocrx_word' id='word_1_519' title='bbox 1228 3733 1358 3800; x_wconf 82' lang='lat' dir='ltr'>ridetur</span> <span class='ocrx_word' id='word_1_520' title='bbox 1409 3753 1511 3801; x_wconf 69' lang='lat' dir='ltr'>meum</span> <span class='ocrx_word' id='word_1_521' title='bbox 1531 3733 1638 3802; x_wconf 67' lang='lat' dir='ltr'>bediis</span> <span class='ocrx_word' id='word_1_522' title='bbox 1658 3741 1759 3801; x_wconf 73' lang='lat' dir='ltr'>errae</span> <span class='ocrx_word' id='word_1_523' title='bbox 1786 3742 1815 3803; x_wconf 84' lang='lat' dir='ltr'>et</span> <span class='ocrx_word' id='word_1_524' title='bbox 1841 3736 1971 3802; x_wconf 77' lang='lat' dir='ltr'>cuibus:</span> <span class='ocrx_word' id='word_1_525' title='bbox 2005 3734 2060 3800; x_wconf 92' lang='lat' dir='ltr'>ubi</span> <span class='ocrx_word' id='word_1_526' title='bbox 2089 3733 2255 3818; x_wconf 84' lang='lat' dir='ltr'>significat</span> <span class='ocrx_word' id='word_1_527' title='bbox 2283 3733 2389 3799; x_wconf 89' lang='lat' dir='ltr'>muni·</span> 
     </span>
     <span class='ocr_line' id='line_1_38' title="bbox 380 3814 2390 3906; baseline 0.001 -26"><span class='ocrx_word' id='word_1_528' title='bbox 380 3817 480 3881; x_wconf 88' lang='lat' dir='ltr'>etiam</span> <span class='ocrx_word' id='word_1_529' title='bbox 503 3815 564 3880; x_wconf 91' lang='lat' dir='ltr'>hoc</span> <span class='ocrx_word' id='word_1_530' title='bbox 586 3814 680 3894; x_wconf 82' lang='lat' dir='ltr'>velle,</span> <span class='ocrx_word' id='word_1_531' title='bbox 710 3825 838 3880; x_wconf 88' lang='lat' dir='ltr'>tantam</span> <span class='ocrx_word' id='word_1_532' title='bbox 860 3816 927 3881; x_wconf 89' lang='lat' dir='ltr'>iore</span> <span class='ocrx_word' id='word_1_533' title='bbox 949 3824 1092 3901; x_wconf 86' lang='lat' dir='ltr'>stragem</span> <span class='ocrx_word' id='word_1_534' title='bbox 1116 3818 1297 3898; x_wconf 89' lang='lat' dir='ltr'>bominum,</span> <span class='ocrx_word' id='word_1_535' title='bbox 1321 3827 1358 3884; x_wconf 94' lang='lat' dir='ltr'>ut</span> <span class='ocrx_word' id='word_1_536' title='bbox 1410 3822 1493 3886; x_wconf 79' lang='lat' dir='ltr'>testa</span> <span class='ocrx_word' id='word_1_537' title='bbox 1512 3821 1581 3886; x_wconf 83' lang='lat' dir='ltr'>iore</span> <span class='ocrx_word' id='word_1_538' title='bbox 1602 3822 1698 3905; x_wconf 88' lang='lat' dir='ltr'>sigua</span> <span class='ocrx_word' id='word_1_539' title='bbox 1716 3821 1880 3888; x_wconf 88' lang='lat' dir='ltr'>vindictae</span> <span class='ocrx_word' id='word_1_540' title='bbox 1899 3841 1987 3906; x_wconf 88' lang='lat' dir='ltr'>suae,</span> <span class='ocrx_word' id='word_1_541' title='bbox 2011 3840 2112 3905; x_wconf 92' lang='lat' dir='ltr'>quum</span> <span class='ocrx_word' id='word_1_542' title='bbox 2130 3818 2244 3884; x_wconf 86' lang='lat' dir='ltr'>Iudaei</span> <span class='ocrx_word' id='word_1_543' title='bbox 2266 3820 2303 3884; x_wconf 94' lang='lat' dir='ltr'>in</span> <span class='ocrx_word' id='word_1_544' title='bbox 2327 3820 2390 3883; x_wconf 91' lang='lat' dir='ltr'>mi·</span> 
     </span>
     <span class='ocr_line' id='line_1_39' title="bbox 380 3900 2391 3991; baseline 0.001 -25"><span class='ocrx_word' id='word_1_545' title='bbox 380 3921 449 3966; x_wconf 91' lang='lat' dir='ltr'>non</span> <span class='ocrx_word' id='word_1_546' title='bbox 471 3900 599 3984; x_wconf 81' lang='lat' dir='ltr'>possint</span> <span class='ocrx_word' id='word_1_547' title='bbox 620 3900 675 3966; x_wconf 90' lang='lat' dir='ltr'>alii</span> <span class='ocrx_word' id='word_1_548' title='bbox 694 3901 768 3967; x_wconf 88' lang='lat' dir='ltr'>aliis</span> <span class='ocrx_word' id='word_1_549' title='bbox 787 3910 954 3982; x_wconf 89' lang='lat' dir='ltr'>praestare</span> <span class='ocrx_word' id='word_1_550' title='bbox 971 3913 1118 3968; x_wconf 91' lang='lat' dir='ltr'>mutuum</span> <span class='ocrx_word' id='word_1_551' title='bbox 1142 3904 1358 3971; x_wconf 85' lang='lat' dir='ltr'>humanitatis</span> <span class='ocrx_word' id='word_1_552' title='bbox 1410 3905 1504 3973; x_wconf 90' lang='lat' dir='ltr'>seriis</span> <span class='ocrx_word' id='word_1_553' title='bbox 1526 3906 1702 3989; x_wconf 87' lang='lat' dir='ltr'>tabescent,</span> <span class='ocrx_word' id='word_1_554' title='bbox 1725 3929 1827 3991; x_wconf 91' lang='lat' dir='ltr'>quum</span> <span class='ocrx_word' id='word_1_555' title='bbox 1851 3908 1931 3973; x_wconf 92' lang='lat' dir='ltr'>alios</span> <span class='ocrx_word' id='word_1_556' title='bbox 1949 3915 2120 3973; x_wconf 89' lang='lat' dir='ltr'>consumet</span> <span class='ocrx_word' id='word_1_557' title='bbox 2142 3904 2282 3990; x_wconf 86' lang='lat' dir='ltr'>gladius,</span> <span class='ocrx_word' id='word_1_558' title='bbox 2306 3905 2391 3970; x_wconf 92' lang='lat' dir='ltr'>alios</span> 
     </span>
     <span class='ocr_line' id='line_1_40' title="bbox 380 3983 2391 4076; baseline 0 -21"><span class='ocrx_word' id='word_1_559' title='bbox 380 3988 532 4055; x_wconf 80' lang='lat' dir='ltr'>cilicium.</span> <span class='ocrx_word' id='word_1_560' title='bbox 566 3983 652 4050; x_wconf 88' lang='lat' dir='ltr'>Nam</span> <span class='ocrx_word' id='word_1_561' title='bbox 675 3986 826 4070; x_wconf 87' lang='lat' dir='ltr'>lugemus</span> <span class='ocrx_word' id='word_1_562' title='bbox 847 3995 1003 4064; x_wconf 86' lang='lat' dir='ltr'>mortuos,</span> <span class='ocrx_word' id='word_1_563' title='bbox 1026 4009 1127 4071; x_wconf 93' lang='lat' dir='ltr'>quum</span> <span class='ocrx_word' id='word_1_564' title='bbox 1146 3990 1243 4056; x_wconf 90' lang='lat' dir='ltr'>datur</span> <span class='ocrx_word' id='word_1_565' title='bbox 1265 3990 1358 4057; x_wconf 91' lang='lat' dir='ltr'>uobis</span> <span class='ocrx_word' id='word_1_566' title='bbox 1412 3991 1524 4074; x_wconf 90' lang='lat' dir='ltr'>perdet</span> <span class='ocrx_word' id='word_1_567' title='bbox 1546 3993 1659 4076; x_wconf 82' lang='lat' dir='ltr'>lamec,</span> <span class='ocrx_word' id='word_1_568' title='bbox 1682 4013 1787 4076; x_wconf 91' lang='lat' dir='ltr'>neque</span> <span class='ocrx_word' id='word_1_569' title='bbox 1809 3993 1841 4057; x_wconf 92' lang='lat' dir='ltr'>id</span> <span class='ocrx_word' id='word_1_570' title='bbox 1865 3991 1970 4073; x_wconf 92' lang='lat' dir='ltr'>modo,</span> <span class='ocrx_word' id='word_1_571' title='bbox 1993 3991 2051 4058; x_wconf 90' lang='lat' dir='ltr'>sed</span> <span class='ocrx_word' id='word_1_572' title='bbox 2073 3991 2129 4059; x_wconf 91' lang='lat' dir='ltr'>ubi</span> <span class='ocrx_word' id='word_1_573' title='bbox 2150 4001 2224 4075; x_wconf 91' lang='lat' dir='ltr'>post</span> <span class='ocrx_word' id='word_1_574' title='bbox 2248 4003 2391 4056; x_wconf 89' lang='lat' dir='ltr'>mortem</span> 
     </span>
     <span class='ocr_line' id='line_1_41' title="bbox 381 4071 2392 4170; baseline 0.001 -30"><span class='ocrx_word' id='word_1_575' title='bbox 381 4076 503 4141; x_wconf 89' lang='lat' dir='ltr'>otium:</span> <span class='ocrx_word' id='word_1_576' title='bbox 528 4071 555 4137; x_wconf 89' lang='lat' dir='ltr'>si</span> <span class='ocrx_word' id='word_1_577' title='bbox 578 4080 687 4170; x_wconf 78' lang='lat' dir='ltr'>antem</span> <span class='ocrx_word' id='word_1_578' title='bbox 710 4073 744 4136; x_wconf 93' lang='lat' dir='ltr'>in</span> <span class='ocrx_word' id='word_1_579' title='bbox 767 4072 851 4138; x_wconf 89' lang='lat' dir='ltr'>bello</span> <span class='ocrx_word' id='word_1_580' title='bbox 874 4072 967 4137; x_wconf 92' lang='lat' dir='ltr'>multi</span> <span class='ocrx_word' id='word_1_581' title='bbox 990 4075 1238 4156; x_wconf 88' lang='lat' dir='ltr'>interficiantur,</span> <span class='ocrx_word' id='word_1_582' title='bbox 1261 4098 1357 4141; x_wconf 91' lang='lat' dir='ltr'>nemo</span> <span class='ocrx_word' id='word_1_583' title='bbox 1410 4098 1539 4161; x_wconf 91' lang='lat' dir='ltr'>quoque</span> <span class='ocrx_word' id='word_1_584' title='bbox 1560 4099 1614 4145; x_wconf 90' lang='lat' dir='ltr'>cos</span> <span class='ocrx_word' id='word_1_585' title='bbox 1641 4079 1772 4164; x_wconf 87' lang='lat' dir='ltr'>urgebit</span> <span class='ocrx_word' id='word_1_586' title='bbox 1799 4079 1864 4144; x_wconf 89' lang='lat' dir='ltr'>alia</span> <span class='ocrx_word' id='word_1_587' title='bbox 1892 4079 2094 4145; x_wconf 84' lang='lat' dir='ltr'>maledictio:</span> <span class='ocrx_word' id='word_1_588' title='bbox 2124 4079 2200 4162; x_wconf 88' lang='lat' dir='ltr'>quia</span> <span class='ocrx_word' id='word_1_589' title='bbox 2222 4077 2392 4144; x_wconf 87' lang='lat' dir='ltr'>Dominus</span> 
     </span>
     <span class='ocr_line' id='line_1_42' title="bbox 380 4156 2393 4248; baseline 0.001 -23"><span class='ocrx_word' id='word_1_590' title='bbox 380 4161 514 4244; x_wconf 91' lang='lat' dir='ltr'>lugetur</span> <span class='ocrx_word' id='word_1_591' title='bbox 536 4167 710 4239; x_wconf 76' lang='lat' dir='ltr'>privatim:</span> <span class='ocrx_word' id='word_1_592' title='bbox 739 4156 856 4224; x_wconf 91' lang='lat' dir='ltr'>deinde</span> <span class='ocrx_word' id='word_1_593' title='bbox 877 4157 1036 4224; x_wconf 85' lang='lat' dir='ltr'>cadavera</span> <span class='ocrx_word' id='word_1_594' title='bbox 1057 4161 1165 4226; x_wconf 89' lang='lat' dir='ltr'>iacent</span> <span class='ocrx_word' id='word_1_595' title='bbox 1187 4172 1357 4245; x_wconf 87' lang='lat' dir='ltr'>prostrata,</span> <span class='ocrx_word' id='word_1_596' title='bbox 1410 4165 1555 4246; x_wconf 90' lang='lat' dir='ltr'>ipsorum</span> <span class='ocrx_word' id='word_1_597' title='bbox 1589 4165 1750 4230; x_wconf 86' lang='lat' dir='ltr'>cadavera</span> <span class='ocrx_word' id='word_1_598' title='bbox 1780 4165 1879 4230; x_wconf 85' lang='lat' dir='ltr'>etiam</span> <span class='ocrx_word' id='word_1_599' title='bbox 1914 4174 2143 4248; x_wconf 88' lang='lat' dir='ltr'>persequetur,</span> <span class='ocrx_word' id='word_1_600' title='bbox 2159 4169 2163 4176; x_wconf 88' lang='lat'>&#39;</span> <span class='ocrx_word' id='word_1_601' title='bbox 2182 4170 2221 4228; x_wconf 95' lang='lat' dir='ltr'>ut</span> <span class='ocrx_word' id='word_1_602' title='bbox 2253 4172 2393 4230; x_wconf 87' lang='lat' dir='ltr'>careant</span> 
     </span>
     <span class='ocr_line' id='line_1_43' title="bbox 380 4243 2393 4334; baseline 0.002 -23"><span class='ocrx_word' id='word_1_603' title='bbox 380 4259 414 4311; x_wconf 90' lang='lat' dir='ltr'>et</span> <span class='ocrx_word' id='word_1_604' title='bbox 446 4243 633 4329; x_wconf 87' lang='lat' dir='ltr'>sepulcrum</span> <span class='ocrx_word' id='word_1_605' title='bbox 669 4262 772 4307; x_wconf 91' lang='lat' dir='ltr'>uuum</span> <span class='ocrx_word' id='word_1_606' title='bbox 806 4263 872 4307; x_wconf 91' lang='lat' dir='ltr'>uon</span> <span class='ocrx_word' id='word_1_607' title='bbox 906 4253 1016 4324; x_wconf 90' lang='lat' dir='ltr'>posset</span> <span class='ocrx_word' id='word_1_608' title='bbox 1054 4247 1204 4313; x_wconf 86' lang='lat' dir='ltr'>sufficere</span> <span class='ocrx_word' id='word_1_609' title='bbox 1245 4256 1358 4313; x_wconf 90' lang='lat' dir='ltr'>tautae</span> <span class='ocrx_word' id='word_1_610' title='bbox 1411 4249 1551 4333; x_wconf 89' lang='lat' dir='ltr'>sepulcri</span> <span class='ocrx_word' id='word_1_611' title='bbox 1582 4248 1715 4316; x_wconf 84' lang='lat' dir='ltr'>honore.</span> <span class='ocrx_word' id='word_1_612' title='bbox 1765 4249 1934 4331; x_wconf 75' lang='lat' dir='ltr'>Quomodo</span> <span class='ocrx_word' id='word_1_613' title='bbox 1956 4251 2039 4316; x_wconf 92' lang='lat' dir='ltr'>illud</span> <span class='ocrx_word' id='word_1_614' title='bbox 2061 4249 2316 4334; x_wconf 89' lang='lat' dir='ltr'>intelligendum</span> <span class='ocrx_word' id='word_1_615' title='bbox 2340 4251 2393 4328; x_wconf 90' lang='lat' dir='ltr'>sit,</span> 
     </span>
     <span class='ocr_line' id='line_1_44' title="bbox 380 4327 2393 4420; baseline 0.002 -24"><span class='ocrx_word' id='word_1_616' title='bbox 380 4328 598 4396; x_wconf 90' lang='lat' dir='ltr'>multitudini.</span> <span class='ocrx_word' id='word_1_617' title='bbox 647 4327 809 4412; x_wconf 87' lang='lat' dir='ltr'>Intelligit</span> <span class='ocrx_word' id='word_1_618' title='bbox 842 4349 920 4412; x_wconf 91' lang='lat' dir='ltr'>ergo</span> <span class='ocrx_word' id='word_1_619' title='bbox 954 4330 1116 4414; x_wconf 87' lang='lat' dir='ltr'>propheta</span> <span class='ocrx_word' id='word_1_620' title='bbox 1149 4341 1258 4398; x_wconf 83' lang='lat' dir='ltr'>tantas</span> <span class='ocrx_word' id='word_1_621' title='bbox 1290 4333 1359 4398; x_wconf 81' lang='lat' dir='ltr'>fore</span> <span class='ocrx_word' id='word_1_622' title='bbox 1411 4334 1476 4399; x_wconf 88' lang='lat' dir='ltr'>iam</span> <span class='ocrx_word' id='word_1_623' title='bbox 1499 4334 1584 4401; x_wconf 87' lang='lat' dir='ltr'>dixi:</span> <span class='ocrx_word' id='word_1_624' title='bbox 1616 4355 1692 4400; x_wconf 90' lang='lat' dir='ltr'>uam</span> <span class='ocrx_word' id='word_1_625' title='bbox 1714 4337 1890 4418; x_wconf 86' lang='lat' dir='ltr'>conspicua</span> <span class='ocrx_word' id='word_1_626' title='bbox 1912 4346 1990 4402; x_wconf 90' lang='lat' dir='ltr'>sunt</span> <span class='ocrx_word' id='word_1_627' title='bbox 2015 4338 2052 4401; x_wconf 90' lang='lat' dir='ltr'>iu</span> <span class='ocrx_word' id='word_1_628' title='bbox 2081 4335 2229 4420; x_wconf 87' lang='lat' dir='ltr'>reprobis</span> <span class='ocrx_word' id='word_1_629' title='bbox 2251 4335 2318 4402; x_wconf 92' lang='lat' dir='ltr'>Dei</span> <span class='ocrx_word' id='word_1_630' title='bbox 2342 4337 2393 4401; x_wconf 92' lang='lat' dir='ltr'>iu·</span> 
     </span>
     <span class='ocr_line' id='line_1_45' title="bbox 382 4412 2394 4506; baseline 0.003 -25"><span class='ocrx_word' id='word_1_631' title='bbox 382 4427 511 4502; x_wconf 86' lang='lat' dir='ltr'>strages</span> <span class='ocrx_word' id='word_1_632' title='bbox 533 4415 568 4479; x_wconf 92' lang='lat' dir='ltr'>in</span> <span class='ocrx_word' id='word_1_633' title='bbox 591 4412 725 4495; x_wconf 88' lang='lat' dir='ltr'>Iudaea,</span> <span class='ocrx_word' id='word_1_634' title='bbox 749 4423 786 4477; x_wconf 86' lang='lat' dir='ltr'>ut</span> <span class='ocrx_word' id='word_1_635' title='bbox 808 4431 903 4477; x_wconf 91' lang='lat' dir='ltr'>nemo</span> <span class='ocrx_word' id='word_1_636' title='bbox 924 4415 1108 4497; x_wconf 87' lang='lat' dir='ltr'>sepeliatur,</span> <span class='ocrx_word' id='word_1_637' title='bbox 1139 4437 1235 4483; x_wconf 91' lang='lat' dir='ltr'>nemo</span> <span class='ocrx_word' id='word_1_638' title='bbox 1258 4420 1357 4484; x_wconf 89' lang='lat' dir='ltr'>etiam</span> <span class='ocrx_word' id='word_1_639' title='bbox 1411 4420 1503 4486; x_wconf 90' lang='lat' dir='ltr'>dicia.</span> <span class='ocrx_word' id='word_1_640' title='bbox 1548 4419 1742 4506; x_wconf 78' lang='lat' dir='ltr'>Caeterum,</span> <span class='ocrx_word' id='word_1_641' title='bbox 1772 4423 1800 4488; x_wconf 88' lang='lat' dir='ltr'>si</span> <span class='ocrx_word' id='word_1_642' title='bbox 1829 4423 1959 4506; x_wconf 90' lang='lat' dir='ltr'>qnando</span> <span class='ocrx_word' id='word_1_643' title='bbox 1989 4422 2164 4506; x_wconf 89' lang='lat' dir='ltr'>rapiuntur</span> <span class='ocrx_word' id='word_1_644' title='bbox 2191 4420 2234 4487; x_wconf 88' lang='lat' dir='ltr'>ad</span> <span class='ocrx_word' id='word_1_645' title='bbox 2264 4421 2394 4487; x_wconf 87' lang='lat' dir='ltr'>similes</span> 
     </span>
     <span class='ocr_line' id='line_1_46' title="bbox 380 4497 2394 4590; baseline 0.001 -22"><span class='ocrx_word' id='word_1_646' title='bbox 380 4503 569 4589; x_wconf 87' lang='lat' dir='ltr'>plangatur.</span> <span class='ocrx_word' id='word_1_647' title='bbox 606 4497 691 4563; x_wconf 89' lang='lat' dir='ltr'>Nam</span> <span class='ocrx_word' id='word_1_648' title='bbox 718 4497 857 4562; x_wconf 82' lang='lat' dir='ltr'>verbum</span> <span class='ocrx_word' id='word_1_649' title='bbox 879 4499 963 4580; x_wconf 93' lang='lat' dir='ltr'>quod</span> <span class='ocrx_word' id='word_1_650' title='bbox 985 4501 1078 4583; x_wconf 91' lang='lat' dir='ltr'>ponit</span> <span class='ocrx_word' id='word_1_651' title='bbox 1100 4502 1263 4584; x_wconf 84' lang='lat' dir='ltr'>siguificat</span> <span class='ocrx_word' id='word_1_652' title='bbox 1285 4525 1358 4587; x_wconf 89' lang='lat' dir='ltr'>pro·</span> <span class='ocrx_word' id='word_1_653' title='bbox 1410 4526 1533 4588; x_wconf 90' lang='lat' dir='ltr'>poenas</span> <span class='ocrx_word' id='word_1_654' title='bbox 1561 4507 1659 4571; x_wconf 88' lang='lat' dir='ltr'>etium</span> <span class='ocrx_word' id='word_1_655' title='bbox 1688 4507 1733 4590; x_wconf 92' lang='lat' dir='ltr'>pii</span> <span class='ocrx_word' id='word_1_656' title='bbox 1763 4515 1797 4572; x_wconf 91' lang='lat' dir='ltr'>et</span> <span class='ocrx_word' id='word_1_657' title='bbox 1825 4509 1912 4589; x_wconf 89' lang='lat' dir='ltr'>iusti,</span> <span class='ocrx_word' id='word_1_658' title='bbox 1941 4508 2034 4574; x_wconf 88' lang='lat' dir='ltr'>Deus</span> <span class='ocrx_word' id='word_1_659' title='bbox 2063 4508 2229 4573; x_wconf 85' lang='lat' dir='ltr'>convertit</span> <span class='ocrx_word' id='word_1_660' title='bbox 2259 4508 2327 4573; x_wconf 92' lang='lat' dir='ltr'>illis</span> <span class='ocrx_word' id='word_1_661' title='bbox 2357 4509 2394 4571; x_wconf 93' lang='lat' dir='ltr'>in</span> 
     </span>
     <span class='ocr_line' id='line_1_47' title="bbox 381 4583 2395 4684; baseline 0.001 -29"><span class='ocrx_word' id='word_1_662' title='bbox 381 4590 453 4674; x_wconf 89' lang='lat' dir='ltr'>prie</span> <span class='ocrx_word' id='word_1_663' title='bbox 475 4586 643 4684; x_wconf 86' lang='lat' dir='ltr'>plangere,</span> <span class='ocrx_word' id='word_1_664' title='bbox 673 4583 760 4666; x_wconf 91' lang='lat' dir='ltr'>quod</span> <span class='ocrx_word' id='word_1_665' title='bbox 782 4587 835 4648; x_wconf 87' lang='lat' dir='ltr'>est</span> <span class='ocrx_word' id='word_1_666' title='bbox 857 4583 930 4666; x_wconf 87' lang='lat' dir='ltr'>plus</span> <span class='ocrx_word' id='word_1_667' title='bbox 957 4605 1053 4668; x_wconf 89' lang='lat' dir='ltr'>quum</span> <span class='ocrx_word' id='word_1_668' title='bbox 1081 4587 1171 4656; x_wconf 88' lang='lat' dir='ltr'>flere.</span> <span class='ocrx_word' id='word_1_669' title='bbox 1214 4589 1260 4654; x_wconf 78' lang='lat' dir='ltr'>Et</span> <span class='ocrx_word' id='word_1_670' title='bbox 1281 4589 1359 4654; x_wconf 90' lang='lat' dir='ltr'>alibi</span> <span class='ocrx_word' id='word_1_671' title='bbox 1413 4591 1533 4656; x_wconf 88' lang='lat' dir='ltr'>bonum</span> <span class='ocrx_word' id='word_1_672' title='bbox 1549 4591 1634 4674; x_wconf 90' lang='lat' dir='ltr'>quod</span> <span class='ocrx_word' id='word_1_673' title='bbox 1648 4612 1707 4674; x_wconf 91' lang='lat' dir='ltr'>per</span> <span class='ocrx_word' id='word_1_674' title='bbox 1722 4613 1757 4658; x_wconf 90' lang='lat' dir='ltr'>se</span> <span class='ocrx_word' id='word_1_675' title='bbox 1772 4596 1902 4676; x_wconf 86' lang='lat' dir='ltr'>siguum</span> <span class='ocrx_word' id='word_1_676' title='bbox 1919 4601 1971 4659; x_wconf 91' lang='lat' dir='ltr'>est</span> <span class='ocrx_word' id='word_1_677' title='bbox 1985 4593 2232 4659; x_wconf 88' lang='lat' dir='ltr'>maledictionis.</span> <span class='ocrx_word' id='word_1_678' title='bbox 2268 4593 2395 4674; x_wconf 76' lang='lat' dir='ltr'>Quem-</span> 
     </span>
    </p>
   </div>
   <div class='ocr_carea' id='block_1_3' title="bbox 380 4668 2532 4762">
    <p class='ocr_par' dir='ltr' id='par_1_3' title="bbox 380 4668 2532 4762">
     <span class='ocr_line' id='line_1_48' title="bbox 380 4668 2532 4762; baseline 0 -20"><span class='ocrx_word' id='word_1_679' title='bbox 380 4677 481 4742; x_wconf 90' lang='lat' dir='ltr'>ctiam</span> <span class='ocrx_word' id='word_1_680' title='bbox 504 4670 648 4736; x_wconf 77' lang='lat' dir='ltr'>diximus</span> <span class='ocrx_word' id='word_1_681' title='bbox 671 4671 705 4734; x_wconf 92' lang='lat' dir='ltr'>in</span> <span class='ocrx_word' id='word_1_682' title='bbox 734 4668 884 4751; x_wconf 86' lang='lat' dir='ltr'>partibus</span> <span class='ocrx_word' id='word_1_683' title='bbox 913 4668 979 4736; x_wconf 90' lang='lat' dir='ltr'>illis</span> <span class='ocrx_word' id='word_1_684' title='bbox 1012 4672 1112 4737; x_wconf 82' lang='lat' dir='ltr'>luisse</span> <span class='ocrx_word' id='word_1_685' title='bbox 1146 4672 1220 4754; x_wconf 90' lang='lat' dir='ltr'>plus</span> <span class='ocrx_word' id='word_1_686' title='bbox 1253 4695 1359 4740; x_wconf 77' lang='lat' dir='ltr'>onere</span> <span class='ocrx_word' id='word_1_687' title='bbox 1410 4676 1586 4742; x_wconf 91' lang='lat' dir='ltr'>admodum</span> <span class='ocrx_word' id='word_1_688' title='bbox 1609 4677 1710 4743; x_wconf 87' lang='lat' dir='ltr'>fames</span> <span class='ocrx_word' id='word_1_689' title='bbox 1733 4677 1863 4762; x_wconf 88' lang='lat' dir='ltr'>siguum</span> <span class='ocrx_word' id='word_1_690' title='bbox 1886 4689 1935 4745; x_wconf 91' lang='lat' dir='ltr'>est</span> <span class='ocrx_word' id='word_1_691' title='bbox 1958 4679 2207 4754; x_wconf 86' lang='lat' dir='ltr'>maledictionis,</span> <span class='ocrx_word' id='word_1_692' title='bbox 2235 4679 2393 4746; x_wconf 89' lang='lat' dir='ltr'>similiter</span> <span class='ocrx_word' id='word_1_693' title='bbox 2531 4709 2532 4719; x_wconf 35' lang='grc' dir='ltr'>ι</span> 
     </span>
    </p>
   </div>
   <div class='ocr_carea' id='block_1_4' title="bbox 381 4752 2395 5101">
    <p class='ocr_par' dir='ltr' id='par_1_4' title="bbox 381 4752 2395 5101">
     <span class='ocr_line' id='line_1_49' title="bbox 381 4752 2394 4908; baseline 0.001 -80"><span class='ocrx_word' id='word_1_694' title='bbox 381 4761 571 4908; x_wconf 56' lang='grc' dir='ltr'>ιιιοιιίιιιιιᾶῃ</span> <span class='ocrx_word' id='word_1_695' title='bbox 585 4752 797 4904; x_wconf 40' lang='grc' dir='ltr'>,ᾳιιειιιηᾳριιά</span> <span class='ocrx_word' id='word_1_696' title='bbox 819 4773 909 4902; x_wconf 75' lang='lat' dir='ltr'>nos.l</span> <span class='ocrx_word' id='word_1_697' title='bbox 925 4754 1050 4907; x_wconf 60' lang='lat' dir='ltr'>angs</span> <span class='ocrx_word' id='word_1_698' title='bbox 1069 4758 1156 4876; x_wconf 76' lang='lat' dir='ltr'>euim</span> <span class='ocrx_word' id='word_1_699' title='bbox 1173 4756 1359 4857; x_wconf 82' lang='lat' dir='ltr'>Qrientalss</span> <span class='ocrx_word' id='word_1_700' title='bbox 1411 4775 1444 4826; x_wconf 93' lang='lat' dir='ltr'>et</span> <span class='ocrx_word' id='word_1_701' title='bbox 1466 4760 1608 4846; x_wconf 92' lang='lat' dir='ltr'>gladius:</span> <span class='ocrx_word' id='word_1_702' title='bbox 1637 4765 1771 4863; x_wconf 39' lang='lat' dir='ltr'>scimus·</span> <span class='ocrx_word' id='word_1_703' title='bbox 1787 4773 1896 4830; x_wconf 90' lang='lat' dir='ltr'>tamen</span> <span class='ocrx_word' id='word_1_704' title='bbox 1927 4765 2050 4864; x_wconf 85' lang='lat' dir='ltr'>multos</span> <span class='ocrx_word' id='word_1_705' title='bbox 2077 4765 2251 4865; x_wconf 27' lang='lat' dir='ltr'>liliosnDci</span> <span class='ocrx_word' id='word_1_706' title='bbox 2281 4768 2394 4866; x_wconf 76' lang='lat' dir='ltr'>perire</span> 
     </span>
     <span class='ocr_line' id='line_1_50' title="bbox 381 4844 2395 5029; baseline 0 -28"><span class='ocrx_word' id='word_1_707' title='bbox 381 4845 531 5001; x_wconf 72' lang='lat' dir='ltr'>tltlt</span> <span class='ocrx_word' id='word_1_708' title='bbox 553 4849 1102 5029; x_wconf 65' lang='lat' dir='ltr'>llllt..¹.⁸.tt,‘¹2¹.?tlttttn</span> <span class='ocrx_word' id='word_1_709' title='bbox 1124 4844 1360 5029; x_wconf 54' lang='lat' dir='ltr'>ttlffillll</span> <span class='ocrx_word' id='word_1_710' title='bbox 1411 4846 2244 5020; x_wconf 63' lang='lat' dir='ltr'>ltlltttlslntllt·nllllltttllllt</span> <span class='ocrx_word' id='word_1_711' title='bbox 2264 4871 2395 5004; x_wconf 67' lang='lat' dir='ltr'>titt</span> 
     </span>
     <span class='ocr_line' id='line_1_51' title="bbox 385 5009 2394 5101; baseline 0.002 -17"><span class='ocrx_word' id='word_1_712' title='bbox 385 5031 471 5094; x_wconf 91' lang='lat' dir='ltr'>tum,</span> <span class='ocrx_word' id='word_1_713' title='bbox 511 5035 604 5101; x_wconf 78' lang='lat' dir='ltr'>quaer</span> <span class='ocrx_word' id='word_1_714' title='bbox 643 5019 753 5078; x_wconf 89' lang='lat' dir='ltr'>essent</span> <span class='ocrx_word' id='word_1_715' title='bbox 791 5009 954 5093; x_wconf 77' lang='lat' dir='ltr'>desperati</span> <span class='ocrx_word' id='word_1_716' title='bbox 985 5011 1142 5080; x_wconf 80' lang='lat' dir='ltr'>homines.</span> <span class='ocrx_word' id='word_1_717' title='bbox 1197 5014 1360 5097; x_wconf 78' lang='lat' dir='ltr'>Loquitur</span> <span class='ocrx_word' id='word_1_718' title='bbox 1412 5017 1503 5082; x_wconf 88' lang='lat' dir='ltr'>Deus</span> <span class='ocrx_word' id='word_1_719' title='bbox 1525 5017 1678 5082; x_wconf 89' lang='lat' dir='ltr'>ostendat</span> <span class='ocrx_word' id='word_1_720' title='bbox 1698 5040 1734 5084; x_wconf 91' lang='lat' dir='ltr'>se</span> <span class='ocrx_word' id='word_1_721' title='bbox 1756 5019 1878 5086; x_wconf 90' lang='lat' dir='ltr'>iustum</span> <span class='ocrx_word' id='word_1_722' title='bbox 1894 5043 1964 5088; x_wconf 90' lang='lat' dir='ltr'>esse</span> <span class='ocrx_word' id='word_1_723' title='bbox 1985 5023 2128 5088; x_wconf 91' lang='lat' dir='ltr'>iudicem</span> <span class='ocrx_word' id='word_1_724' title='bbox 2145 5024 2305 5088; x_wconf 87' lang='lat' dir='ltr'>adversus</span> <span class='ocrx_word' id='word_1_725' title='bbox 2328 5025 2394 5088; x_wconf 89' lang='lat' dir='ltr'>im·</span> 
     </span>
    </p>
   </div>
   <div class='ocr_carea' id='block_1_5' title="bbox 383 5056 2531 5402">
    <p class='ocr_par' dir='ltr' id='par_1_5' title="bbox 383 5056 2531 5402">
     <span class='ocr_line' id='line_1_52' title="bbox 385 5056 2394 5186; baseline 0.001 -15"><span class='ocrx_word' id='word_1_726' title='bbox 385 5117 498 5171; x_wconf 91' lang='lat' dir='ltr'>autem</span> <span class='ocrx_word' id='word_1_727' title='bbox 522 5100 682 5186; x_wconf 91' lang='lat' dir='ltr'>propheta</span> <span class='ocrx_word' id='word_1_728' title='bbox 703 5116 744 5163; x_wconf 91' lang='lat' dir='ltr'>ex</span> <span class='ocrx_word' id='word_1_729' title='bbox 766 5095 931 5162; x_wconf 89' lang='lat' dir='ltr'>communi</span> <span class='ocrx_word' id='word_1_730' title='bbox 961 5116 1063 5180; x_wconf 88' lang='lat' dir='ltr'>more,</span> <span class='ocrx_word' id='word_1_731' title='bbox 1091 5119 1157 5164; x_wconf 93' lang='lat' dir='ltr'>non</span> <span class='ocrx_word' id='word_1_732' title='bbox 1180 5099 1266 5183; x_wconf 90' lang='lat' dir='ltr'>quod</span> <span class='ocrx_word' id='word_1_733' title='bbox 1289 5121 1360 5182; x_wconf 90' lang='lat' dir='ltr'>pro·</span> <span class='ocrx_word' id='word_1_734' title='bbox 1383 5056 1386 5149; x_wconf 68' lang='lat' dir='ltr'>l</span> <span class='ocrx_word' id='word_1_735' title='bbox 1411 5104 1480 5184; x_wconf 91' lang='lat' dir='ltr'>pins</span> <span class='ocrx_word' id='word_1_736' title='bbox 1523 5113 1556 5168; x_wconf 89' lang='lat' dir='ltr'>et</span> <span class='ocrx_word' id='word_1_737' title='bbox 1598 5103 1786 5172; x_wconf 86' lang='lat' dir='ltr'>sceleratos:</span> <span class='ocrx_word' id='word_1_738' title='bbox 1830 5126 1963 5172; x_wconf 89' lang='lat' dir='ltr'>rursum</span> <span class='ocrx_word' id='word_1_739' title='bbox 2002 5107 2080 5172; x_wconf 91' lang='lat' dir='ltr'>dum</span> <span class='ocrx_word' id='word_1_740' title='bbox 2119 5107 2273 5174; x_wconf 87' lang='lat' dir='ltr'>humiliat</span> <span class='ocrx_word' id='word_1_741' title='bbox 2313 5131 2394 5175; x_wconf 91' lang='lat' dir='ltr'>suos</span> 
     </span>
     <span class='ocr_line' id='line_1_53' title="bbox 383 5166 2531 5289; baseline 0.001 -31"><span class='ocrx_word' id='word_1_742' title='bbox 383 5192 440 5258; x_wconf 90' lang='lat' dir='ltr'>bet</span> <span class='ocrx_word' id='word_1_743' title='bbox 462 5207 634 5287; x_wconf 78' lang='lat' dir='ltr'>excessum</span> <span class='ocrx_word' id='word_1_744' title='bbox 662 5183 756 5286; x_wconf 76' lang='lat' dir='ltr'>illum</span> <span class='ocrx_word' id='word_1_745' title='bbox 784 5180 925 5247; x_wconf 90' lang='lat' dir='ltr'>doloris:</span> <span class='ocrx_word' id='word_1_746' title='bbox 959 5201 1070 5246; x_wconf 83' lang='lat' dir='ltr'>verum</span> <span class='ocrx_word' id='word_1_747' title='bbox 1100 5187 1251 5266; x_wconf 90' lang='lat' dir='ltr'>quoniam</span> <span class='ocrx_word' id='word_1_748' title='bbox 1279 5185 1359 5285; x_wconf 78' lang='lat' dir='ltr'>sols·</span> <span class='ocrx_word' id='word_1_749' title='bbox 1382 5166 1386 5289; x_wconf 82' lang='grc' dir='ltr'>Ι</span> <span class='ocrx_word' id='word_1_750' title='bbox 1412 5197 1523 5252; x_wconf 90' lang='lat' dir='ltr'>tamen</span> <span class='ocrx_word' id='word_1_751' title='bbox 1552 5209 1617 5254; x_wconf 92' lang='lat' dir='ltr'>non</span> <span class='ocrx_word' id='word_1_752' title='bbox 1647 5189 1711 5255; x_wconf 90' lang='lat' dir='ltr'>illis</span> <span class='ocrx_word' id='word_1_753' title='bbox 1742 5193 1785 5257; x_wconf 91' lang='lat' dir='ltr'>sit</span> <span class='ocrx_word' id='word_1_754' title='bbox 1818 5193 1965 5276; x_wconf 87' lang='lat' dir='ltr'>infestus,</span> <span class='ocrx_word' id='word_1_755' title='bbox 1999 5193 2056 5258; x_wconf 90' lang='lat' dir='ltr'>sed</span> <span class='ocrx_word' id='word_1_756' title='bbox 2089 5194 2240 5261; x_wconf 89' lang='lat' dir='ltr'>consulut</span> <span class='ocrx_word' id='word_1_757' title='bbox 2272 5214 2395 5260; x_wconf 91' lang='lat' dir='ltr'>eorum</span> <span class='ocrx_word' id='word_1_758' title='bbox 2530 5273 2531 5276; x_wconf 8' lang='grc' dir='ltr'><strong>Ἴ</strong></span> 
     </span>
     <span class='ocr_line' id='line_1_54' title="bbox 384 5268 2395 5402; baseline 0 -58"><span class='ocrx_word' id='word_1_759' title='bbox 384 5277 466 5344; x_wconf 89' lang='lat' dir='ltr'>baut</span> <span class='ocrx_word' id='word_1_760' title='bbox 488 5295 553 5341; x_wconf 91' lang='lat' dir='ltr'>non</span> <span class='ocrx_word' id='word_1_761' title='bbox 572 5271 765 5356; x_wconf 77' lang='lat' dir='ltr'>simpliciter</span> <span class='ocrx_word' id='word_1_762' title='bbox 781 5268 900 5333; x_wconf 89' lang='lat' dir='ltr'>deflere</span> <span class='ocrx_word' id='word_1_763' title='bbox 915 5273 1063 5333; x_wconf 89' lang='lat' dir='ltr'>mortuos</span> <span class='ocrx_word' id='word_1_764' title='bbox 1079 5289 1163 5349; x_wconf 90' lang='lat' dir='ltr'>snos,</span> <span class='ocrx_word' id='word_1_765' title='bbox 1186 5269 1358 5336; x_wconf 80' lang='lat' dir='ltr'>sedetiam</span> <span class='ocrx_word' id='word_1_766' title='bbox 1382 5304 1385 5402; x_wconf 59' lang='lat'>,</span> <span class='ocrx_word' id='word_1_767' title='bbox 1410 5272 1518 5353; x_wconf 89' lang='lat' dir='ltr'>saluti,</span> <span class='ocrx_word' id='word_1_768' title='bbox 1541 5283 1577 5338; x_wconf 95' lang='lat' dir='ltr'>ut</span> <span class='ocrx_word' id='word_1_769' title='bbox 1598 5275 1633 5339; x_wconf 93' lang='lat' dir='ltr'>in</span> <span class='ocrx_word' id='word_1_770' title='bbox 1656 5275 1881 5342; x_wconf 88' lang='lat' dir='ltr'>adiumentum</span> <span class='ocrx_word' id='word_1_771' title='bbox 1904 5285 2053 5345; x_wconf 82' lang='lat' dir='ltr'>vertatur</span> <span class='ocrx_word' id='word_1_772' title='bbox 2075 5280 2161 5363; x_wconf 92' lang='lat' dir='ltr'>quod</span> <span class='ocrx_word' id='word_1_773' title='bbox 2183 5301 2242 5364; x_wconf 90' lang='lat' dir='ltr'>per</span> <span class='ocrx_word' id='word_1_774' title='bbox 2259 5302 2295 5347; x_wconf 90' lang='lat' dir='ltr'>se</span> <span class='ocrx_word' id='word_1_775' title='bbox 2318 5291 2395 5346; x_wconf 88' lang='lat' dir='ltr'>erat</span> 
     </span>
    </p>
   </div>
   <div class='ocr_carea' id='block_1_6' title="bbox 384 5352 1595 5448">
    <p class='ocr_par' dir='ltr' id='par_1_6' title="bbox 384 5352 1595 5448">
     <span class='ocr_line' id='line_1_55' title="bbox 384 5352 1595 5448; baseline -0.005 -17"><span class='ocrx_word' id='word_1_776' title='bbox 384 5364 519 5448; x_wconf 90' lang='lat' dir='ltr'>planctu</span> <span class='ocrx_word' id='word_1_777' title='bbox 542 5359 657 5424; x_wconf 86' lang='lat' dir='ltr'>testari</span> <span class='ocrx_word' id='word_1_778' title='bbox 679 5374 861 5422; x_wconf 90' lang='lat' dir='ltr'>moerorem</span> <span class='ocrx_word' id='word_1_779' title='bbox 890 5371 997 5428; x_wconf 87' lang='lat' dir='ltr'>suum,</span> <span class='ocrx_word' id='word_1_780' title='bbox 1032 5352 1119 5433; x_wconf 89' lang='lat' dir='ltr'>dicit,</span> <span class='ocrx_word' id='word_1_781' title='bbox 1152 5355 1224 5420; x_wconf 90' lang='lat' dir='ltr'>Iam</span> <span class='ocrx_word' id='word_1_782' title='bbox 1256 5375 1359 5422; x_wconf 85' lang='lat' dir='ltr'>cessa·</span> <span class='ocrx_word' id='word_1_783' title='bbox 1410 5355 1595 5425; x_wconf 86' lang='lat' dir='ltr'>adversum.</span> 
     </span>
    </p>
   </div>
   <div class='ocr_carea' id='block_1_7' title="bbox 0 0 2583 6116">
    <p class='ocr_par' dir='ltr' id='par_1_7' title="bbox 0 0 2583 6116">
     <span class='ocr_line' id='line_1_56' title="bbox 0 0 2583 6116; baseline 0 0"><span class='ocrx_word' id='word_1_784' title='bbox 0 0 2583 6116; x_wconf 95' lang='lat' dir='ltr'> </span> 
     </span>
    </p>
   </div>
  </div>
 </body>
</html>
