5158 6124
230 435 305 541 dli
918 438 968 504 IN
991 433 1238 504 IERIIIIIAII.
1282 431 1383 499 ΟΔΡ.
1406 433 1541 500 XXIII.
2163 441 2231 507 418

230 641 433 706 oppressum.
478 623 612 688 Interea
633 643 700 690 non
723 623 809 690 aliud
833 623 895 690 sibi
918 624 1023 690 voluit
1045 621 1204 705 propheta
1341 619 1483 686 Causam
1506 642 1595 688 nune
1618 622 1764 704 assignat
1786 622 1942 690 Ieremias
1971 644 2030 691 our
2056 632 2228 710 tantopere

231 728 330 790 quam
360 707 543 793 prodIqum
575 709 635 775 hoo
665 729 759 792 posse
787 709 945 774 attonitos
973 707 1117 785 reddere,
1148 705 1204 789 qui
1254 703 1460 770 exhorruerit
1482 708 1662 773 sooordiam
1680 707 1780 787 illam,
1803 728 1900 791 quam
1919 710 2075 776 eernebat
2096 713 2129 777 io
2152 734 2227 795 pro·

231 813 331 859 sanae
353 803 430 858 sunt
451 803 484 858 et
501 793 700 876 compositae
721 795 857 859 mentis:
880 793 997 859 deinde
1014 813 1109 876 posse
1129 811 1203 858 oon·
1255 789 1371 872 photio.
1418 788 1453 855 Si
1477 811 1529 857 res
1552 793 1689 858 tuissent
1718 791 1800 857 bene
1828 792 2007 874 ordinatae,
2031 796 2082 861 vel
2109 798 2227 863 saltem

231 889 345 944 eutero
368 887 402 942 et
427 879 541 944 luxere
570 879 681 944 omnia
709 880 866 959 membra,
895 887 1018 945 terrere
1046 879 1144 942 etiam
1172 883 1205 941 ot
1255 874 1439 941 tolerabiles
1472 875 1508 940 in
1541 877 1678 959 populo,
1719 885 1873 960 poterant
1913 898 2010 962 agere
2048 881 2227 967 prophetae

232 963 431 1029 confundere
452 973 581 1029 mentes
602 964 723 1047 alioqui
754 964 959 1046 tranquillas.
1001 963 1088 1028 Nam
1116 973 1204 1027 eerte
1253 959 1411 1042 plaoidius
1433 981 1508 1026 eum
1530 960 1671 1028 Iudaeis.
1705 961 1793 1042 Quid
1815 964 1902 1028 enim
1927 987 2008 1048 opus
2030 979 2080 1033 est
2102 969 2227 1035 tumul·

231 1049 388 1114 Ieremias
409 1049 462 1114 vir
481 1056 552 1114 erat
573 1048 737 1126 eordatos,
760 1048 877 1114 deinde
899 1049 1089 1114 tortitudine
1111 1067 1204 1130 prae·
1253 1045 1350 1122 teari,
1383 1045 1440 1110 ubi
1472 1057 1588 1128 sponte
1620 1047 1769 1113 homines
1801 1061 1982 1132 sequuntur
2014 1055 2100 1135 qnod
2134 1053 2227 1119 Deus

232 1133 321 1198 ditus
349 1141 434 1212 erat,
465 1143 594 1198 utnon
623 1134 1204 1217 labaseeretadpsssimaqoasque
1254 1130 1435 1213 praeoipit?
1481 1132 1570 1215 ldrgo
1594 1132 1647 1197 ubi
1670 1133 1763 1199 nobis
1786 1145 1835 1199 est
1864 1137 2031 1219 negotium
2062 1160 2136 1205 oum
2166 1137 2226 1201 bo·

231 1218 396 1300 exempla:
434 1239 540 1302 neque
572 1225 702 1301 poterat
734 1218 830 1285 iaeile
861 1229 992 1302 stupore
1025 1216 1136 1296 obrui,
1168 1225 1205 1281 ut
1253 1214 1396 1280 minibus
1418 1219 1596 1282 mansuetis
1617 1228 1650 1283 et
1672 1217 1836 1299 modestis,
1858 1219 1927 1287 illio
1945 1223 2154 1291 vehementia
2176 1229 2228 1288 est

231 1313 318 1370 esset
352 1304 468 1370 similis
504 1305 603 1370 ebrio
663 1305 752 1388 llrgo
792 1304 942 1371 omnibns
977 1305 1049 1372 istie
1089 1302 1204 1387 figuris
1254 1301 1371 1365 stulta:
1400 1309 1436 1364 et
1457 1311 1534 1366 sunt
1556 1304 1678 1381 simiae,
1702 1305 1757 1386 qui
1779 1306 1827 1370 ita
1848 1327 1884 1371 se
1905 1309 2083 1390 exagitant,
2113 1321 2147 1376 et
2169 1327 2227 1390 ap·

232 1388 376 1455 ostendit
397 1390 497 1455 fuisso
518 1389 674 1456 horribile
696 1395 894 1472 portentum,
918 1389 1005 1474 qnod
1024 1389 1202 1470 prophetae
1253 1394 1369 1468 petunt
1392 1405 1509 1470 magna
1532 1389 1707 1453 ambitione
1726 1392 1833 1456 neseio
1852 1410 1949 1473 quem
1972 1395 2134 1460 fervorem
2155 1391 2227 1470 zeli,

230 1484 401 1557 tantopere
422 1475 548 1539 fuerint
569 1474 729 1552 sosoi-des,
751 1484 789 1540 ot
809 1477 946 1542 verbum
969 1473 1096 1540 nullum
1119 1474 1202 1539 iseo·
1253 1470 1308 1534 ubi
1332 1470 1415 1537 nihil
1437 1493 1455 1535 o
1480 1493 1519 1537 us
1541 1485 1600 1539 est.
1645 1472 1711 1540 Sed
1742 1474 1796 1539 uhi
1826 1496 1878 1541 res
1908 1487 1986 1543 suut
2014 1481 2164 1548 turbatae
2192 1481 2228 1543 et

230 1568 315 1638 rent,
345 1579 443 1642 quum
467 1570 578 1625 tamen
601 1558 752 1625 viderent
773 1561 973 1643 impietatem
996 1559 1148 1644 grassari,
1170 1567 1203 1624 et
1252 1557 1413 1636 sortasse,
1435 1493 1503 1656 ilqu
1524 1578 1606 1640 opus
1628 1569 1678 1624 est
1697 1559 1912 1627 vehementia.
1948 1563 2043 1629 Nune
2066 1585 2145 1650 ergo
2168 1588 2226 1632 ex·

231 1647 295 1710 Dei
317 1649 551 1727 contemptum,
574 1665 674 1727 quum
693 1644 843 1711 viderent
865 1654 986 1710 terrem
1004 1663 1075 1710 esse
1098 1643 1201 1725 pollu·
1253 1643 1365 1724 primit
1386 1641 1543 1708 Ieremias
1566 1655 1699 1708 ventum
1723 1644 1824 1710 fuisse
1847 1657 1926 1711 tuno
1947 1648 1989 1712 ad
2007 1660 2165 1733 extreme,
2187 1654 2227 1716 ut

181 1761 186 1769 ·
231 1740 299 1796 tam
329 1730 419 1794 omni
448 1730 608 1796 saelorum
638 1750 767 1814 genere,
800 1740 839 1796 ut
866 1733 978 1796 statim
1009 1728 1201 1795 videbimus.
1253 1748 1318 1791 non
1352 1728 1517 1810 potuerint
1550 1735 1657 1794 taeere
1688 1730 1875 1812 prophetae,
1905 1733 1968 1797 nisi
1996 1748 2104 1799 essent
2133 1731 2227 1819 quasi

230 1814 324 1880 Dioit
346 1826 464 1893 autem,
492 1815 525 1880 A
545 1816 628 1898 faeie
650 1814 791 1898 Ieltovoe,
821 1820 849 1880 et
876 1835 898 1880 α
918 1816 1001 1897 faeie
1028 1833 1202 1881 semotam
1254 1813 1389 1895 stIpites.
1433 1811 1564 1878 Debent
1585 1815 1686 1896 igitur
1706 1816 1905 1880 ooniunotim
1929 1819 2009 1884 haee
2027 1820 2127 1884 simul
2150 1821 2226 1906 legi,

230 1900 407 1967 sorditatis
433 1902 511 1966 etos.
555 1899 665 1981 Quum
697 1900 784 1980 dieit,
813 1920 836 1966 o
853 1900 936 1982 forie
958 1900 1098 1981 Ielsovoe,
1127 1919 1199 1981 pro·
1253 1898 1339 1979 quod
1373 1898 1552 1980 prophetae
1581 1900 1814 1978 obmutuerint,
1844 1921 1945 1984 quum
1976 1916 2087 1969 tamen
2116 1926 2228 1973 neees-

231 1986 325 2069 ponit
338 1986 419 2069 ipsis
434 1985 542 2051 Deum
558 1985 706 2064 iudioem,
729 1995 762 2052 et
781 1986 939 2051 ultorem:
962 1986 1055 2068 qnasi
1072 1984 1201 2060 diaeret,
1253 1985 1333 2048 sitas
1355 1982 1506 2065 loquendi
1523 1985 1610 2066 ipsos
1624 1984 1819 2063 stimularet,
1841 1987 1918 2069 quia
1935 1986 2089 2054 videbant
2104 1999 2228 2057 terram

231 2071 271 2136 si
293 2091 389 2153 quem
412 2092 482 2136 esse
504 2071 614 2136 Deum
636 2072 672 2136 iu
691 2072 779 2137 ooelo
801 2072 949 2155 persuasi
972 2079 1060 2150 sunt,
1082 2070 1201 2136 mirum
1254 2067 1409 2132 refertam
1439 2087 1509 2134 esse
1539 2069 1719 2136 adulteriis:
1755 2071 1847 2152 ponit
1876 2072 2049 2150 adulteros,
2078 2075 2134 2140 sed
2164 2078 2226 2144 sub

230 2165 282 2222 est
303 2168 371 2220 tam
392 2157 507 2222 brutos
529 2176 611 2240 esse,
633 2163 671 2221 ιιι
686 2157 828 2222 audeant
844 2158 966 2222 iaetare
983 2157 1052 2222 eins
1074 2174 1202 2254 nomeu²
1253 2172 1392 2236 persona
1413 2161 1506 2218 taxat
1527 2155 1650 2220 orimen
1673 2157 1790 2238 ipsum.
1827 2155 1990 2236 Quoniam
2013 2160 2115 2244 igitur
2137 2169 2227 2228 terra

230 2243 356 2307 interea
387 2242 486 2307 taoito
517 2241 626 2306 ferant
658 2242 784 2308 eoelum
812 2253 919 2307 terrae
948 2241 1084 2308 misoari.
1139 2239 1202 2307 Ubi
1253 2248 1324 2304 erat
1357 2239 1482 2320 polluta
1514 2239 1683 2304 adulteriis
1716 2251 1749 2304 et
1781 2243 1940 2322 periuriis,
1975 2263 2078 2327 quum
2112 2268 2227 2313 omnes

230 2328 332 2410 igitur
360 2326 490 2391 illorum
524 2346 619 2391 mens
650 2336 709 2404 est,
742 2337 780 2390 ιιι
813 2327 955 2392 audeant
986 2335 1054 2392 tam
1088 2346 1202 2392 seoure
1253 2324 1361 2389 studia
1383 2344 1440 2388 sua
1464 2325 1667 2406 applioarent
1697 2323 1737 2390 ad
1767 2326 1958 2407 uouendum,
1986 2329 2048 2393 init
2069 2331 2152 2396 illud
2175 2334 2227 2397 ni-

254 2419 422 2476 raetexera
445 2411 648 2476 formidabile
670 2416 704 2476 et
726 2411 932 2476 tremendum
956 2411 1038 2476 illud
1061 2409 1201 2476 nomen?
1252 2410 1354 2474 mium
1375 2409 1590 2489 intolerabile,
1609 2409 1692 2492 quod
1708 2410 1896 2494 prophetae,
1915 2415 2007 2495 quasi
2026 2416 2124 2480 rebus
2143 2417 2226 2483 bene

229 2433 316 2562 Ilam
331 2497 457 2578 quoties
473 2497 535 2561 Dei
558 2498 596 2560 fit
618 2497 749 2574 montio,
771 2496 867 2562 debet
890 2497 982 2562 nobis
1004 2497 1039 2560 in
1061 2506 1202 2563 mentem
1252 2495 1438 2560 oonstitutis
1455 2505 1489 2558 et
1506 2496 1638 2578 paestis,
1662 2517 1728 2561 non
1746 2496 2029 2564 exoandeseerent.
2064 2501 2225 2568 Videmus

230 2582 345 2646 venire
366 2581 436 2646 eins
466 2601 531 2645 non
561 2591 689 2646 tantum
719 2583 845 2648 bonitas
872 2587 906 2647 et
934 2582 1115 2661 elementia,
1144 2580 1202 2647 ssd
1254 2599 1331 2662 ergo
1354 2584 1553 2662 quantopere
1575 2580 1758 2647 detestetur
1781 2582 1871 2646 Deus
1892 2581 1978 2650 hano
2000 2584 2169 2668 ignaviam
2191 2589 2228 2653 in

232 2668 331 2732 etiam
354 2669 529 2732 severitas:
553 2665 671 2732 deinde
694 2669 848 2750 potentia
872 2686 956 2749 quae
978 2675 1027 2732 est
1049 2666 1201 2732 lormida-
1254 2663 1406 2730 omnibus
1427 2663 1519 2728 verbi
1542 2667 1591 2730 sui
1615 2667 1782 2748 ministris,
1804 2678 1838 2731 et
1855 2687 1935 2750 quos
1953 2671 2109 2750 praeieoit
2127 2673 2228 2738 eoele-

231 2751 306 2818 bilis
327 2751 479 2818 omnibus
501 2752 620 2836 impiis.
663 2751 774 2832 Quum
802 2772 881 2836 ergo
911 2752 1034 2818 audent
1055 2753 1202 2817 homines
1254 2752 1322 2815 siae
1344 2769 1422 2815 suae
1450 2748 1605 2828 domoras,
1640 2751 1717 2816 dum
1746 2752 1927 2818 oonnivent
1953 2754 1993 2818 ad
2027 2756 2158 2833 soelera,
2193 2767 2228 2822 et

231 2837 279 2903 ita
310 2835 425 2902 ludere
458 2857 532 2902 oum
567 2835 653 2920 Deo,
687 2858 798 2904 nonne
832 2837 886 2903 hio
918 2837 1121 2921 prodigiosus
1153 2844 1203 2906 eet
1254 2855 1369 2901 seeure
1391 2844 1602 2918 praetereunt
1624 2837 1786 2902 adulteria
1804 2847 1836 2901 et
1854 2840 2078 2922 soortationes,
2101 2850 2133 2904 et
2155 2862 2228 2923 per·

231 2921 367 3004 stupor?
401 2921 474 2988 Hoo
496 2921 653 3006 intelligit
674 2941 762 2988 nune
784 2923 952 3006 propheta,
975 2923 1059 3005 quod
1082 2923 1202 2987 mirum
1254 2921 1339 2986 iuria
1360 2929 1393 2984 et
1415 2919 1552 3000 fraudes,
1576 2921 1707 2985 stelias
1729 2941 1847 2986 noxas:
1871 2922 1948 3004 quia
1970 2923 1997 2988 si
2018 2925 2068 2988 vel
2090 2926 2229 2992 minima

231 3009 275 3073 sit
308 3007 484 3089 prophotas
521 3007 684 3089 susoipere
725 3028 845 3072 munos
877 3006 975 3088 illud,
1016 3016 1049 3073 et
1079 3009 1203 3072 interea
1255 3014 1349 3090 gutta
1382 3005 1510 3087 pietatis
1542 3006 1576 3070 io
1611 3005 1762 3070 sordibus
1794 3009 1939 3088 ipsorum
1969 3008 2105 3092 vigeret,
2137 3025 2228 3077 oerte

229 3092 357 3158 nullam
380 3092 500 3157 habere
523 3113 635 3158 euram
658 3092 782 3178 gloriae
805 3092 878 3157 Dei.
923 3092 1096 3177 Adiungit,
1118 3092 1162 3157 Et
1182 3113 1204 3157 a
1254 3101 1473 3166 mouerentur,
1496 3109 1556 3156 neo
1579 3099 1710 3173 possent
1739 3090 1780 3157 ad
1811 3101 2014 3158 momentum
2044 3114 2148 3159 unum
2179 3107 2229 3162 ta·

230 3178 312 3260 faeie
332 3197 518 3242 samonum.
551 3177 638 3242 Nam
656 3176 805 3243 homines
821 3187 955 3260 possent
968 3177 1202 3259 subterfugere,
1254 3195 1337 3240 oere.
1384 3174 1421 3241 Si
1443 3175 1528 3240 enim
1555 3175 1638 3240 illud
1660 3175 1770 3241 valere
1797 3175 1894 3242 debet
1922 3178 1958 3241 in
1985 3179 2140 3246 omnibus
2162 3181 2228 3246 Dei

231 3263 296 3330 nisi
317 3262 410 3327 Deus
432 3263 519 3345 ipsos
548 3273 683 3346 urgeret
710 3283 770 3330 suo
800 3283 960 3328 sermone.
1005 3260 1071 3329 Sed
1099 3281 1202 3344 quum
1254 3261 1340 3340 filiis,
1368 3260 1467 3325 Zelus
1496 3259 1610 3325 domus
1639 3270 1715 3325 tuae
1743 3265 1871 3329 voravit
1899 3283 1960 3342 mo,
1992 3271 2025 3328 et
2053 3265 2229 3347 opprobria

230 3349 285 3412 lex
308 3347 429 3430 seripta
450 3355 536 3412 esset
557 3347 696 3427 Iudaeis,
719 3368 819 3430 quum
833 3350 957 3415 seirent
974 3348 1047 3413 falsi
1065 3347 1111 3411 illi
1131 3368 1202 3429 pro·
1255 3346 1521 3428 exprobrantium
1534 3346 1593 3411 tibi
1605 3344 1901 3429 oeoideruntsuper
1913 3349 2076 3434 me(Psal.
2090 3351 2142 3428 69,
2156 3350 2228 3438 10):

231 3432 360 3516 phetae,
389 3433 418 3497 si
441 3432 563 3498 vellent
584 3434 647 3498 rite
673 3433 765 3515 iungi
794 3453 852 3499 sno
879 3433 994 3509 oilieio,
1024 3432 1140 3498 debere
1168 3453 1204 3498 se
1255 3453 1298 3498 an
1321 3430 1516 3497 excusabilis
1537 3433 1609 3498 erit¹
1622 3431 1855 3513 prophetarum
1878 3444 2000 3514 torpor,
2028 3436 2084 3501 ubi
2114 3434 2230 3501 uldent

230 3538 302 3584 osse
324 3517 406 3601 legis
427 3518 641 3599 interpretes:
664 3537 764 3601 quum
782 3538 860 3601 ergo
875 3517 1204 3584 haeoomniaessent
1256 3536 1375 3581 nomen
1404 3517 1466 3580 Dei
1496 3516 1541 3579 ite
1570 3518 1691 3598 exponi
1720 3517 1870 3594 ludibrio,
1901 3517 1958 3584 ubi
1987 3519 2101 3585 vident
2129 3542 2229 3588 omno

230 3603 310 3668 satis
332 3622 496 3685 superque
518 3608 606 3681 nota,
629 3603 744 3668 merito
767 3602 927 3686 propheta
948 3603 1001 3669 hie
1023 3603 1147 3668 insistit
1168 3605 1201 3668 in
1255 3601 1413 3668 saelorum
1437 3621 1538 3682 genus
1564 3600 1727 3684 grassari?
1772 3603 1802 3666 N
1806 3624 1869 3668 uuo
1891 3602 2042 3669 videmus
2065 3625 2129 3669 non
2152 3617 2226 3672 tan·

230 3708 381 3753 sermone
404 3687 477 3766 Dei,
500 3687 591 3770 quasi
613 3687 763 3754 iniioerot
784 3687 849 3753 illis
878 3690 1038 3765 fraenum,
1068 3711 1110 3753 ne
1136 3688 1203 3753 elo·
1256 3696 1325 3751 tum
1349 3686 1425 3768 quid
1450 3685 1561 3768 dooeat
1591 3686 1654 3752 hoo
1684 3687 1753 3752 looo
1782 3688 1950 3770 propheta,
1979 3689 2036 3754 ssd
2066 3710 2229 3773 quaenam

231 3773 346 3837 derant
379 3793 437 3838 suo
465 3793 558 3838 more
590 3773 731 3856 simplex
764 3783 798 3837 et
831 3775 957 3838 nudum
990 3795 1108 3838 nomen
1131 3773 1203 3837 Dei.
1255 3773 1298 3836 sit
1321 3771 1418 3836 huius
1440 3768 1606 3836 doetrinae
1628 3771 1770 3853 utilitas,
1804 3784 1836 3837 et
1865 3794 2020 3855 quorsum
2050 3795 2230 3842 aeoommo-

231 3857 345 3938 Quum
367 3877 446 3942 ergo
468 3858 559 3924 Deos
587 3867 724 3923 testatos
753 3859 796 3922 sit
817 3859 852 3922 in
875 3859 947 3943 lege
975 3880 1036 3924 sua
1064 3859 1204 3940 qualiter
1256 3857 1326 3921 dari
1353 3855 1477 3921 debeat.
1523 3854 1698 3922 Disoamus
1727 3858 1837 3940 igitur,
1867 3878 1930 3940 quo
1960 3858 2034 3941 plus
2062 3860 2123 3925 sibi
2153 3883 2228 3944 per·

230 3943 333 4008 vellet
354 3943 510 4025 populum
533 3963 630 4007 suum
654 3943 733 4026 regi,
755 3942 834 4024 quid
856 3943 916 4009 hoo
935 3944 995 4009 sibi
1013 3943 1095 4022 volt,
1119 3943 1203 4025 quod
1256 3942 1392 4008 mittunt
1413 3940 1564 4006 lieentiae
1586 3942 1743 4022 homines,
1770 3955 1802 4006 ot
1824 3964 1887 4024 quo
1909 3944 2064 4010 audatius
2086 3948 2231 4029 erumpit

229 4049 296 4093 non
319 4037 485 4093 terrentur
512 4027 716 4094 sermonibus
738 4027 803 4092 Dei
831 4028 886 4093 isti
916 4027 1114 4111 prophetae?
1159 4028 1204 4092 lut
1256 4029 1400 4111 ipsorum
1430 4027 1579 4108 impietas
1607 4037 1640 4090 et
1669 4029 1875 4093 oontumaoia
1911 4028 2069 4096 adversus
2110 4030 2230 4114 Deum,

230 4113 384 4194 quoniam
407 4113 597 4198 hypooritas
627 4133 692 4177 nou
720 4111 817 4177 modo
838 4112 947 4179 Deum
977 4114 1085 4196 iprum
1115 4133 1203 4194 sper·
1255 4113 1433 4196 prophetas
1455 4116 1488 4177 et
1510 4112 1579 4194 pios
1597 4110 1744 4178 duotores
1767 4110 1883 4178 debere
1905 4115 2013 4180 aerius
2034 4116 2174 4181 instare:
2196 4127 2232 4182 st

231 4207 325 4277 nunt,
359 4198 411 4261 vel
439 4206 620 4263 extenuant
652 4199 721 4264 eius
753 4197 901 4281 gloriam,
934 4198 991 4263 ssd
1023 4196 1204 4263 doetrinam
1256 4197 1319 4263 hoo
1340 4217 1412 4262 esse
1434 4195 1595 4262 militandi
1617 4208 1755 4282 tempus,
1782 4198 1836 4263 ubi
1859 4199 1904 4263 ita
1933 4199 2077 4266 mondus
2107 4210 2231 4268 temore

230 4283 313 4366 legis
335 4301 400 4348 non
423 4284 535 4367 magni
557 4282 743 4365 aestimant,
772 4281 932 4366 prophete
958 4283 1079 4367 insigni
1100 4283 1204 4366 elogio
1255 4295 1289 4348 et
1310 4282 1430 4348 furioso
1457 4283 1624 4367 oonsurgit
1653 4282 1809 4347 adversos
1830 4282 1950 4349 Deum.
1995 4283 2129 4368 Speeies
2150 4308 2229 4353 vero

230 4379 329 4433 ornat
350 4387 517 4433 sermones
539 4367 612 4447 Dei,
642 4389 742 4451 quum
770 4368 857 4444 dieit,
886 4389 908 4433 o
927 4368 1009 4450 faeie
1029 4387 1206 4434 emortum
1256 4365 1413 4451 quasdam
1444 4369 1576 4451 attingit
1608 4368 1781 4450 propheta,
1816 4389 1881 4433 non
1904 4389 2017 4435 omnes
2038 4383 2228 4437 enumerat:

230 4454 407 4518 surditatis
427 4453 503 4518 eius.
538 4451 646 4518 Vooat
667 4455 769 4537 igitur
790 4474 958 4520 sermones
979 4453 1041 4518 Dei
1064 4463 1204 4534 sanetus,
1256 4452 1315 4519 sed
1336 4452 1396 4516 suh
1419 4452 1588 4518 adulteriis
1609 4463 1643 4517 et
1672 4453 1822 4534 periuriis
1850 4455 2098 4535 eomprehendit
2126 4459 2228 4522 etiam

231 4546 266 4602 et
286 4537 442 4621 intelligit
463 4537 678 4618 inelolabiles,
702 4550 738 4602 ιιι
755 4539 863 4604 soient
883 4539 977 4623 impii
999 4538 1047 4603 illi
1071 4539 1132 4604 sihi
1154 4539 1204 4603 iu·
1256 4539 1321 4603 alia
1342 4537 1473 4603 seelera
1518 4536 1687 4618 Quantum
1710 4540 1827 4603 attinet
1848 4539 1889 4603 ed
1910 4559 2023 4606 vooem
2047 4527 2130 4617 nbis,
2154 4563 2228 4625 pro·

230 4631 320 4688 stare
356 4621 545 4688 horribilem
578 4623 771 4702 vindiotam,
813 4623 897 4706 quod
937 4631 972 4688 et
1006 4623 1131 4703 Deum,
1172 4629 1205 4688 et
1255 4623 1326 4706 prie
1358 4624 1521 4708 signifieat
1553 4621 1826 4689 iurisiurandum:
1859 4625 1916 4689 sed
1950 4629 2102 4708 quoniam
2132 4647 2230 4710 saepe

230 4728 340 4774 saeros
379 4709 448 4774 eius
488 4728 657 4775 sormones
696 4729 754 4791 pro
790 4708 896 4774 nihilo
928 4708 1091 4774 duxerint.
1147 4707 1205 4775 Se·
1256 4709 1475 4792 interponitur
1497 4707 1607 4790 aliqua
1635 4712 1824 4788 exseoratio,
1847 4720 1983 4776 vortunt
2011 4712 2142 4795 quidam
2168 4713 2231 4780 hoe

230 4791 352 4874 quitur,
401 4823 403 4829 v
1256 4792 1326 4859 loeo
1348 4795 1614 4858 exesorstionem.
1660 4792 1726 4860 Sod
1755 4796 1863 4877 potius
1885 4798 2026 4862 arbitror
2048 4799 2153 4862 notari
2176 4799 2231 4867 hio

1257 4879 1409 4961 periuria,
1433 4887 1466 4943 et
1488 4879 1522 4942 in
1545 4878 1712 4944 sinistram
1734 4897 1860 4962 partem
1876 4883 1978 4963 aoeipi
1999 4882 2230 4950 iusiurandum

319 4962 370 5027 10.
409 4961 493 5043 Quia
524 4963 692 5030 adeslton'a's
723 4963 838 5045 referta
869 4968 914 5030 esi
941 4968 1043 5042 terra,
1079 4963 1156 5045 quia
1183 4984 1205 5029 a
1257 4985 1317 5047 pro
1338 4963 1489 5028 omnibus
1510 4963 1655 5042 fallatiis,
1686 4964 1742 5029 ubi
1770 4985 1889 5032 nomen
1913 4967 1975 5031 Dei
1997 4968 2229 5050 interponitur.

228 5046 312 5129 faeie
329 5048 546 5114 iurisiurandi
566 5047 634 5134 (vel
652 5046 820 5135 perfidiae)
842 5049 925 5114 lauit
942 5055 1036 5132 terra,
1054 5054 1206 5114 aroenae
1257 5049 1358 5114 Iacuit
1378 5053 1473 5124 terro,
1497 5049 1613 5130 iuquit,
1635 5053 1663 5114 et
1682 5043 1835 5116 emeruit
1855 5071 1979 5133 potesse
1999 5053 2123 5118 deserti.
2163 5055 2230 5123 Hio

230 5134 369 5216 spoomsa
392 5135 505 5199 deserti
534 5133 610 5218 (vel,
641 5133 752 5199 oaolae
784 5133 917 5199 deserti:
952 5155 1028 5198 nam
1057 5133 1205 5216 pluribus
1257 5135 1336 5198 soite
1351 5132 1509 5216 propheta
1529 5133 1732 5199 demonstrat
1754 5156 1848 5217 qoam
1872 5136 2042 5218 pudendus
2059 5139 2102 5204 sit
2118 5148 2231 5222 torpor

230 5217 335 5284 modis
358 5217 513 5304 vertunt),
536 5219 648 5302 olfait
668 5238 779 5286 eurora
800 5239 906 5286 eorum
927 5220 1041 5298 malus,
1063 5224 1091 5284 et
1112 5219 1206 5286 robur
1257 5217 1322 5296 ills,
1336 5217 1450 5299 dequo
1468 5218 1619 5300 loquitor,
1632 5220 1786 5300 quoniam
1799 5230 1887 5284 terra
1904 5222 2157 5304 ipsaelamabat,
2170 5247 2231 5293 neo

228 5322 338 5368 eorum
359 5322 422 5369 aon
442 5309 568 5370 rreum.
1258 5302 1353 5367 modo
1365 5312 1553 5384 terra,quae
1565 5304 2231 5388 magiseratoultaethahebatmnltitudi-

337 5403 447 5459 Ooloina'
463 5419 557 5473 opera
586 5405 646 5462 Vol.
663 5405 845 5462 XXXVIII.
1989 5407 2022 5461 27
