5134 6124
211 461 274 527 333
926 461 975 526 IN
998 461 1250 526 Iuaunflnu.
1297 459 1395 526 GAP.
1419 457 1500 524 XX·
2150 465 2216 531 334

211 669 285 718 cere
305 651 450 715 futuram
472 648 612 727 cladem,
646 649 797 733 quoniam
826 649 874 714 ita
894 648 1115 714 obduruerant
1136 649 1189 714 Iu·
1240 649 1357 729 liariis,
1391 647 1447 714 sed
1477 647 1704 730 asacerdote,
1737 649 1789 715 cui
1817 649 1973 716 mandata
2001 663 2072 717 erat
2100 655 2214 738 templi

212 736 301 815 daei,
334 745 371 800 ct
404 756 470 800 non
502 735 596 801 lacile
625 736 749 802 moveri
782 744 925 819 possent.
976 736 1074 817 Quod
1108 736 1188 800 aliae
1239 755 1327 800 cura.
1370 733 1451 798 Fuit
1473 733 1553 799 haec
1582 734 1694 818 gravis
1725 747 1758 798 et
1786 737 1902 801 acerba
1930 740 2083 818 tentatio,
2114 761 2214 824 quum

211 822 309 888 urbes
331 821 481 906 adiungit
503 820 743 906 lerosolymam
778 843 842 887 non
864 822 985 886 mirum
1016 831 1076 886 est.
1121 821 1187 888 Sed
1239 841 1353 886 servus
1376 819 1440 884 Dei
1464 819 1589 884 videret
1611 820 1774 887 hostiliter
1801 822 1929 886 saevire
1959 844 2062 888 unum
2092 845 2133 890 ex
2162 847 2215 892 or·

211 908 373 994 significat
396 915 496 972 totam
520 915 640 972 terram
670 908 843 973 obnoxiam
871 928 943 973 esse
972 907 1091 974 iudicio
1113 907 1187 986 Dei,
1240 907 1315 970 dine
1337 905 1395 970 illo
1416 927 1507 971 sacro
1529 915 1641 972 contra
1663 927 1698 973 se
1721 908 1775 990 qui
1798 908 1930 973 tribulis
1945 921 2015 974 erat
2030 919 2063 974 et
2079 910 2214 996 collega.

211 1005 244 1060 ιι
265 992 401 1077 proinde
424 995 611 1058 vestitatem
634 993 785 1059 omnibus
811 993 945 1058 urbibus
975 993 1027 1058 vel
1058 993 1188 1076 oppidis
1239 991 1352 1074 Neque
1375 994 1462 1056 enim
1487 991 1679 1070 sacerdotes,
1704 993 1760 1075 qui
1783 1002 1860 1057 tunc
1882 1003 1983 1074 erant,
2008 995 2140 1061 fuerant
2164 1005 2213 1064 te·

211 1081 351 1146 instare:
385 1080 478 1162 qnasi
501 1078 639 1158 diceret,
673 1078 749 1144 Non
778 1088 890 1163 parcet
912 1078 1004 1145 Deus
1026 1077 1188 1163 lerosoly-
1240 1098 1329 1142 mere
1351 1077 1470 1142 creati:
1500 1076 1556 1143 sed
1579 1077 1672 1144 Deus
1694 1079 1782 1160 ipsos
1804 1079 1957 1162 elegerat.
2003 1079 2113 1163 Quum
2136 1103 2216 1168 ergo

211 1185 294 1244 mse,
317 1165 468 1248 quamvis
492 1164 650 1231 hactenus
669 1165 766 1230 luerit
783 1165 854 1232 eius
869 1167 1107 1231 sanctuarium:
1130 1163 1186 1229 sed
1240 1163 1399 1228 autoritas
1422 1183 1532 1229 eorum
1557 1163 1692 1228 lundata
1714 1178 1799 1230 esset
1822 1165 1856 1229 in
1880 1164 1959 1248 lege,
1983 1177 2016 1232 et
2033 1167 2213 1234 inviolabili

213 1251 367 1335 quoniam
390 1251 534 1316 minores
558 1251 654 1315 urbes
677 1271 744 1316 non
767 1261 845 1316 sunt
859 1252 1021 1328 innoxiae,
1044 1251 1188 1315 sentient
1239 1248 1304 1313 Dei
1338 1247 1481 1326 decreto,
1519 1251 1626 1332 potuit
1657 1249 1814 1315 Ieremias
1855 1253 2056 1317 consternari
2094 1255 2214 1320 animo.

212 1339 311 1402 etiarn
348 1336 445 1403 simul
483 1355 618 1401 manum
656 1337 718 1401 Dei
755 1357 829 1403 cum
866 1338 938 1420 ipsa
974 1337 1187 1419 lerosolyma.
1239 1335 1324 1400 Nam
1358 1334 1438 1401 baec
1471 1335 1626 1418 cogitatio
1659 1344 1788 1418 poterat
1825 1337 1935 1401 subire
1976 1338 2009 1402 in
2051 1341 2215 1406 animum:

210 1423 311 1488 Ratio
344 1422 568 1507 subiungitur,
607 1421 761 1503 Quoniam
793 1422 1013 1488 obduraverat
1044 1423 1188 1489 ceruicem
1240 1419 1329 1501 Quid
1351 1419 1411 1486 sibi
1435 1421 1538 1487 voluit
1560 1419 1662 1500 Deus,
1686 1442 1785 1504 quum
1808 1422 1993 1488 sacerdotes
2016 1425 2137 1509 templo
2155 1446 2215 1493 suo

210 1529 313 1574 eaam.
361 1508 487 1574 Iterum
519 1509 690 1573 confirmat
719 1507 804 1592 quod
835 1517 912 1574 ante
941 1508 1099 1588 vidimus,
1132 1527 1187 1572 eos
1239 1517 1273 1570 et
1295 1506 1354 1570 toti
1377 1506 1496 1590 populo
1518 1507 1675 1589 praefecit
1700 1529 1741 1572 ex
1770 1508 1856 1572 tribu
1884 1508 1992 1574 Levi?
2024 1531 2083 1575 our
2112 1511 2215 1595 igitur

213 1593 335 1660 scilicet
358 1615 424 1659 non
454 1614 565 1659 errore
593 1593 701 1677 lapsos
730 1595 848 1678 luisse,
877 1594 933 1660 sed
966 1593 1185 1661 contumacia:
1240 1613 1303 1658 non
1328 1591 1487 1675 gubernat
1510 1612 1565 1656 eos
1593 1613 1654 1657 sno
1681 1593 1822 1676 spiritu?
1854 1615 1914 1658 cur
1941 1613 2007 1659 nou
2037 1595 2145 1662 reddit
2172 1599 2221 1662 ad

211 1681 364 1763 quoniam
387 1681 468 1745 satis
486 1679 591 1745 edocti
613 1691 708 1745 erant
729 1701 771 1746 ex
794 1681 865 1764 lege
887 1680 965 1764 quid
988 1689 1113 1747 rectum
1138 1701 1186 1744 es·
1239 1676 1425 1743 obeundum
1449 1699 1565 1744 munus
1587 1677 1743 1744 idoneos?
1766 1699 1828 1745 eun
1845 1681 1968 1762 patitur
1985 1683 2033 1746 ita
2047 1683 2213 1765 profanari

210 1775 277 1831 set:
311 1765 429 1831 deinde
459 1767 588 1848 saepius
617 1766 774 1831 admoniti
802 1767 933 1831 fuerant
961 1787 981 1832 a
1008 1765 1187 1850 prophetis.
1240 1763 1399 1845 templum
1422 1785 1529 1842 suum,
1559 1770 1593 1828 et
1622 1783 1750 1829 sacrum
1778 1785 1910 1845 munus,
1935 1767 2022 1848 quod
2046 1777 2215 1850 tantopere

210 1851 300 1918 Hinc
322 1852 423 1936 igitur
446 1851 599 1935 apparuit
620 1871 734 1917 eorum
758 1853 905 1937 pravitas
936 1863 969 1918 et
990 1852 1185 1918 indomitum
1239 1850 1311 1934 lege
1333 1871 1393 1915 sua
1416 1850 1509 1915 nobis
1532 1850 1759 1915 commendat?
1783 1851 1898 1916 saltem
1922 1871 1980 1916 eur
1996 1871 2060 1918 non
2075 1855 2215 1938 porrigit

210 1937 401 2022 ingenium,
429 1937 515 2020 quod
538 1958 601 2002 non
626 1937 791 2002 audierint
812 1957 927 2003 sanam
957 1938 1039 2022 legis
1067 1935 1187 2003 doctri·
1240 1937 1321 2001 mihi
1344 1955 1479 2000 manum
1502 1937 1557 2019 qui
1580 1945 1613 1999 et
1632 1935 1782 2002 sacerdos
1804 1957 1888 2014 sum,
1911 1948 1944 2003 et
1960 1958 2073 2004 versor
2088 1941 2214 2006 sincere

210 2043 296 2100 nam,
320 2033 353 2088 ιι
376 2032 423 2089 ιιι
446 2024 635 2089 monitores.
673 2023 738 2089 Hic
760 2033 869 2090 autem
892 2023 981 2091 locus
1005 2023 1097 2090 docet
1119 2044 1187 2088 non
1239 2023 1274 2086 in
1305 2042 1378 2085 mea
1409 2021 1599 2088 vocatione?
1650 2021 1781 2088 Scimus
1811 2023 1898 2088 enim
1928 2024 2008 2106 quid
2037 2027 2215 2110 praecipiat

212 2109 355 2192 relinqui
378 2110 494 2174 veniae
516 2108 634 2186 locum,
658 2109 714 2175 ubi
737 2111 830 2192 quasi
852 2131 892 2174 ex
916 2111 1059 2192 professo
1081 2108 1186 2174 reiici-
1239 2107 1331 2173 Deus
1353 2109 1386 2171 in
1410 2108 1500 2191 lege,
1529 2127 1645 2190 nempe
1668 2119 1704 2172 ut
1726 2129 1891 2174 summum
1913 2108 2071 2175 iudicium
2093 2113 2136 2176 sit
2157 2132 2215 2195 pe·

211 2213 285 2260 mus
307 2195 424 2278 iugum
446 2195 519 2260 Dei.
564 2195 610 2260 lllt
632 2193 692 2260 boc
716 2194 890 2280 diligenter
919 2195 1099 2261 notandum
1127 2203 1187 2278 est,
1240 2215 1298 2258 nes
1320 2193 1512 2272 sacerdotes,
1536 2191 1732 2276 Quicunque
1758 2215 1823 2259 non
1851 2193 2022 2277 obedierit,
2051 2203 2088 2261 ιιι
2108 2207 2215 2262 morte

213 2280 289 2364 quia
310 2280 464 2346 videmus
486 2301 584 2364 quam
608 2279 742 2347 difficile
771 2282 815 2347 ιιι
844 2279 996 2366 subigere
1026 2280 1187 2359 homines,
1238 2278 1411 2363 plectatur.
1449 2278 1487 2345 Si
1510 2280 1600 2344 Deus
1623 2279 1726 2345 voluit
1749 2289 1842 2344 tanto
1864 2280 1935 2345 iure
1956 2280 2120 2363 praeditos
2143 2304 2214 2348 esse

212 2365 313 2431 etiam
336 2365 414 2432 dum
437 2368 580 2432 letentur
602 2387 673 2433 esse
695 2366 760 2432 Dei
789 2387 972 2434 sermonem
1003 2387 1100 2449 quem
1128 2387 1188 2431 au·
1239 2364 1430 2442 sacerdotes,
1453 2373 1486 2430 et
1508 2373 1601 2430 tanta
1623 2375 1792 2448 potestate,
1822 2387 1879 2431 cur
1902 2387 1967 2431 non
1990 2367 2092 2450 igitur
2114 2368 2212 2434 simul

212 2449 316 2518 diunt.
361 2451 472 2533 Quum
499 2451 602 2535 igitur
629 2453 779 2537 ingenita
810 2454 854 2518 sit
883 2453 963 2518 haee
990 2451 1188 2536 perversitas
1238 2450 1346 2536 gratia
1367 2472 1428 2516 sua
1449 2470 1505 2516 eos
1527 2450 1657 2532 direxit,
1681 2461 1718 2516 ut
1740 2451 1840 2533 probe
1861 2463 2118 2535 exsequerentur
2141 2475 2211 2519 mu·

211 2537 272 2602 toti
294 2538 438 2603 humano
460 2539 581 2621 generi,
613 2546 650 2602 ut
672 2539 729 2602 vix
752 2540 948 2605 centesimus
969 2539 1105 2622 quisque
1129 2556 1186 2620 pa·
1239 2557 1303 2602 nus
1331 2536 1393 2603 sibi
1420 2536 1625 2602 iniunctum?
1670 2536 1783 2621 Neque
1811 2537 1900 2603 solus
1921 2537 2079 2603 Ieremias
2106 2539 2214 2621 potuit

211 2623 312 2688 tiator
333 2644 369 2689 se
391 2625 567 2708 gubernari
590 2623 653 2688 Dei
677 2623 792 2708 verbo,
821 2624 1006 2707 expendere
1033 2623 1186 2690 convenit
1239 2624 1365 2688 moveri
1387 2635 1420 2689 et
1448 2623 1578 2689 concuti
1606 2622 1668 2688 bac
1697 2623 1893 2688 tentatione:
1926 2623 1984 2688 sed
2012 2624 2111 2689 etiam
2141 2626 2212 2709 qui·

212 2709 296 2792 quod
319 2709 373 2774 hic
396 2709 524 2792 dicitur,
556 2729 630 2774 nem
656 2731 674 2775 e
696 2709 848 2795 indignos
869 2731 941 2776 esse
962 2707 1186 2776 misericordia
1238 2727 1369 2790 cunque
1391 2717 1470 2774 tunc
1492 2727 1569 2773 vere
1591 2707 1741 2774 colebant
1755 2708 1875 2774 Deum.
1909 2709 2065 2793 Exiguus
2079 2709 2210 2794 quidem

211 2795 267 2944 qui
289 2795 449 2861 cervicem
471 2816 565 2860 suam
589 2731 769 2860 obdurant:
792 2795 1066 2879 quemadmodum
1085 2795 1185 2860 etiam
1238 2804 1310 2860 erat
1332 2794 1459 2876 piorum
1488 2813 1662 2859 numerus:
1694 2794 1751 2858 sed
1781 2805 1868 2860 certe
1898 2814 1995 2860 nemo
2023 2795 2087 2860 ιιιιι
2115 2817 2212 2880 quem

232 2879 330 2945 icitur
351 2881 485 2947 Psalmo
500 2880 542 2947 95
565 2880 608 2967 (v.
625 2881 668 2962 8),
690 2880 742 2946 Ne
763 2881 929 2948 obduretis
948 2880 1185 2962 cordavestra,
1239 2901 1304 2945 non
1328 2887 1466 2946 terreret
1488 2889 1555 2944 tam
1579 2878 1733 2944 horribile
1760 2879 1993 2962 spectaculum.
2037 2880 2113 2947 Non
2141 2889 2213 2947 erat

210 2965 296 3032 siout
317 2971 427 3048 patres
450 2968 560 3032 vestri.
604 2966 649 3032 iit
671 2967 820 3050 sequitur
842 2969 941 3033 etiam
966 2967 1086 3032 clarior
1107 2965 1185 3032 defi·
1238 2965 1387 3032 Pbassur
1408 2984 1557 3030 summus
1580 2966 1744 3044 sacerdos,
1777 2965 1834 3031 sed
1857 2974 1928 3030 erat
1950 2973 2060 3031 ιιιιιιιι
2089 2986 2130 3031 ex
2158 2988 2212 3033 or·

210 3052 302 3132 nitio,
331 3051 372 3118 Ut
389 3072 451 3117 non
472 3054 621 3120 audirent
640 3071 796 3120 semones
815 3073 908 3134 ιιιοι,
937 3053 1053 3136 inquit.
1099 3052 1183 3117 Nam
1238 3051 1314 3117 dine
1336 3050 1509 3134 primario:
1542 3049 1660 3115 deinde
1681 3062 1751 3116 erat
1780 3050 1963 3134 praefectus
1991 3061 2057 3117 tem
2081 3050 2119 3128 li,
2150 3052 2213 3120 boc

210 3139 271 3202 etsi
293 3139 329 3202 in
352 3139 479 3204 cunctis
500 3137 694 3205 mortalibus
716 3148 767 3204 est
781 3139 890 3222 aliqua
905 3138 1051 3217 durities,
1074 3146 1184 3203 tamen
1237 3144 1303 3218 ιιι,
1334 3137 1476 3203 vicarius
1506 3136 1624 3201 summi
1654 3136 1839 3203 sacerdotis.
1885 3138 1929 3202 ιιι
1957 3073 2124 3221 probadile
2152 3146 2212 3219 ιιι,

210 3221 266 3288 ιιι
296 3223 329 3287 in
358 3223 500 3288 medium
534 3227 700 3306 profertur
732 3225 847 3290 salutis
881 3224 1045 3302 doctrina,
1079 3243 1185 3307 neque
1237 3222 1361 3288 Immer
1400 3223 1471 3288 eius
1508 3229 1635 3305 patrem
1670 3223 1769 3288 fuisse
1800 3243 1966 3288 summum
2000 3223 2212 3290 sacerdotem.

210 3309 411 3375 admittitur:
443 3309 509 3375 illio
531 3311 636 3393 magis
657 3331 692 3375 se
713 3309 823 3395 prodit
845 3311 994 3394 impietas
1016 3319 1048 3374 et
1069 3329 1183 3392 super·
1237 3308 1405 3393 Quidquid
1427 3308 1480 3388 ιιι,
1510 3308 1665 3374 excelluit
1685 3307 1742 3374 ille
1764 3329 1830 3374 non
1852 3317 1981 3374 tantum
2003 3309 2090 3375 inter
2112 3309 2213 3376 Levi·

209 3394 281 3478 bia,
309 3415 409 3477 quum
432 3396 555 3462 scilicet
577 3395 715 3461 audiunt
737 3395 924 3479 loquentem
947 3396 1055 3462 Deum
1079 3395 1185 3462 bomi-
1237 3403 1302 3471 tas,
1336 3393 1391 3461 sed
1427 3395 1525 3461 etiam
1557 3394 1646 3460 inter
1679 3395 1869 3478 praecipuos
1901 3394 2096 3461 sacerdotes.
2145 3396 2212 3461 Hic

209 3500 283 3562 nes,
317 3489 483 3547 ettamen
506 3481 717 3547 voluntaum
745 3481 1078 3548 fraudareiuresuo.
1124 3479 1183 3548 Se·
1236 3490 1347 3546 autam
1369 3482 1512 3565 insurgit
1533 3479 1691 3546 adversm
1712 3479 1886 3546 Ieremiam
1916 3481 2060 3545 eiusdem
2088 3481 2212 3547 ordinis

209 3567 321 3650 quitur
344 3586 435 3651 ergo,
469 3587 532 3650 quo
556 3567 760 3636 manifestius
776 3567 869 3635 Deus
896 3569 1067 3635 veritatem
1089 3587 1183 3633 scam
1236 3575 1271 3632 ιι
1291 3567 1453 3631 familiae:
1476 3589 1536 3634 neo
1558 3573 1686 3631 tantum
1709 3586 1765 3632 ore
1786 3576 2005 3650 symmystam
2020 3586 2118 3632 suum
2134 3585 2211 3633 oon·

208 3653 350 3736 profert,
392 3672 430 3717 eo
469 3653 579 3719 minus
617 3675 687 3720 essa
720 3656 956 3722 excusationis:
996 3655 1072 3738 quia
1105 3662 1184 3719 tunc
1236 3651 1378 3733 damnat,
1400 3651 1456 3718 sed
1480 3650 1681 3718 tumultuose
1703 3653 1789 3735 agit:
1813 3653 1890 3734 quia
1909 3653 2051 3736 percutit
2072 3653 2213 3736 prophe-

208 3739 351 3803 maxime
373 3737 538 3823 detegitur
560 3739 711 3822 impietas
734 3749 768 3806 et
788 3740 997 3807 indomabilis
1019 3749 1183 3823 contemp·
1237 3747 1321 3802 tam:
1350 3738 1412 3804 hoo
1432 3736 1494 3803 fuit
1516 3737 1688 3821 indignum
1711 3741 1780 3803 eius
1801 3756 1950 3821 persona,
1971 3745 2004 3803 et
2026 3735 2169 3802 alienum
2192 3757 2212 3803 a

209 3833 270 3892 tus.
316 3822 412 3890 Nunc
434 3825 591 3908 sequitur,
1237 3823 1307 3888 iure
1330 3842 1441 3890 sacrae
1463 3824 1636 3890 societatis.
1680 3823 1765 3888 Nam
1795 3824 1824 3890 si
1854 3823 1940 3888 mala
1969 3823 2084 3889 fuisset
2112 3844 2212 3890 causa

1236 3909 1411 3987 Ieremias,
1451 3909 1565 3975 debuit
1603 3923 1714 3975 tamen
1755 3908 1905 3974 sacerdos
1942 3909 2034 3992 sequi
2068 3907 2212 4058 aliqluam

1237 3994 1509 4061 moderationem:
1542 3996 1646 4078 potuit
1679 3995 1838 4062 coniicere
1865 3995 1897 4058 in
1928 4013 2093 4060 carcerem
2141 4016 2211 4061 ere·

1236 4080 1352 4159 miam,
1386 4090 1423 4145 ut
1444 4101 1544 4147 causa
1563 4079 1695 4163 cognita
1716 4080 1834 4145 deinde
1856 4081 2084 4161 damnaretur,
2114 4083 2142 4145 si
2164 4082 2212 4146 ita

485 4221 622 4292 CAPUT
650 4223 905 4294 vrcnsnou.
1236 4167 1708 4336 :tltetzt‘titttttff
1729 4165 2211 4318 :teltbtttlbtt

1236 4338 1419 4422 colligimus
1448 4349 1572 4423 quanta
1605 4339 1667 4402 luit
1696 4358 1805 4403 rerum
1836 4337 1981 4404 omnium
2010 4337 2212 4420 perturbatIo

294 4424 323 4487 1.
346 4422 391 4488 Et
412 4423 535 4490 αιιιιινιι
558 4421 707 4490 Ριιιιιιν
726 4425 814 4508 filiae
836 4424 954 4491 Immer
975 4424 1127 4509 accedes,
1155 4428 1184 4490 ιι
1235 4424 1291 4490 illo
1324 4433 1480 4505 tempore.
1535 4423 1619 4488 Nam
1653 4424 1687 4487 in
1720 4423 1891 4507 republica
1920 4424 2003 4489 bene
2033 4425 2211 4490 constituta

207 4509 275 4591 ipse
290 4510 471 4592 praefectus
493 4514 560 4574 erat
581 4506 677 4595 (dux)
706 4510 873 4594 intemplo
902 4509 950 4597 (in
976 4509 1070 4597 aede)
1092 4509 1182 4576 che
1234 4511 1336 4576 iudex
1359 4531 1426 4574 non
1448 4510 1579 4575 exsiliet
1612 4510 1748 4588 esolio,
1783 4521 1820 4575 ut
1851 4510 2015 4593 percutiat
2048 4531 2120 4576 eum
2153 4509 2210 4592 qui

206 4613 273 4678 vae,
296 4596 463 4661 Ieremiam
483 4595 702 4662 ιαιιιιιιιιιιιιιι
730 4594 1007 4682 (prophetantem)
1034 4595 1090 4661 bos
1115 4615 1183 4662 eer-
1234 4595 1356 4681 dignus
1377 4596 1441 4660 ιιιι
1466 4605 1599 4662 centum
1631 4595 1800 4661 mortibus.
1845 4595 1907 4660 Est
1940 4595 2029 4660 enim
2065 4594 2210 4680 legitima

207 4699 321 4746 monae.
1235 4681 1344 4764 aliqua
1366 4683 1449 4747 ratio
1471 4680 1644 4748 servanda.
1689 4680 1761 4746 Iam
1790 4681 1819 4746 si
1849 4680 1964 4758 iudex,
1999 4701 2093 4765 quem
2118 4680 2210 4745 Deus

293 4766 323 4830 2.
347 4765 391 4830 Et
408 4765 564 4849 peruasit
584 4765 730 4833 Phaeaca
751 4765 920 4834 Ieremiom
936 4765 1133 4852 proplietam,
1155 4773 1183 4832 et
1234 4767 1343 4853 gladio
1365 4768 1521 4846 armavit,
1552 4786 1617 4832 non
1640 4767 1734 4832 debet
1757 4766 1804 4832 ita
1825 4766 1908 4832 iram
1931 4787 2024 4832 suam
2047 4785 2209 4843 exserere,

203 4851 314 4933 posuit
334 4871 405 4917 eam
423 4853 459 4919 in
479 4854 606 4935 oppam
633 4851 716 4940 (vel,
749 4853 784 4916 in
807 4873 985 4920 carcerem:
1020 4852 1077 4918 sed
1100 4852 1181 4918 mibi
1234 4862 1268 4918 et
1291 4853 1361 4918 eine
1382 4852 1502 4919 iudicio
1523 4853 1573 4917 ιιιι
1595 4851 1713 4936 gladio,
1743 4862 1832 4919 certe
1855 4853 1918 4919 hoo
1941 4854 2095 4918 abhorret
2116 4871 2209 4934 pror·

207 4937 313 5021 magia
345 4937 451 5020 placet
483 4959 602 5004 nomen
636 4936 803 5023 carceris),
840 4941 897 5020 qai
928 4945 996 5005 ινιι
1026 4939 1061 5003 ic
1088 4943 1182 5020 porta
1234 4959 1290 5004 sus
1324 4937 1364 5004 ab
1397 4939 1503 5004 allicio
1536 4938 1723 5005 sacerdotis.
1772 4939 1840 5005 Res
1872 4939 1973 5022 igitur
2005 4936 2078 5021 plus
2111 4957 2209 5020 quam

207 5021 382 5090 Beniamin
402 5026 572 5108 superiore,
594 5045 675 5109 qaae
695 5023 849 5106 ιριιιιιιι
863 5025 1027 5090 adcedam
1042 5024 1182 5090 Iebooae.
1234 5023 1386 5090 confusas
1407 5033 1487 5092 tunc
1510 5023 1609 5092 luisse
1631 5035 1776 5108 oportet,
1806 5044 1907 5107 quum
1931 5020 2081 5090 sacerdos
2105 5023 2152 5087 ita
2174 5045 2209 5088 se

1234 5111 1380 5194 proiecit.
1435 5111 1480 5176 ιιι
1512 5130 1555 5176 ax
1587 5112 1649 5177 hac
1689 5110 1859 5195 praecipiti
1902 5107 2071 5176 iracundia
2109 5109 2208 5174 etiam

293 5195 358 5262 Hic
379 5195 480 5262 relert
501 5195 660 5262 Ieremias
682 5195 813 5278 qualem
836 5194 1018 5261 mercedem
1034 5195 1087 5260 sui
1103 5196 1182 5261 vati·
1235 5196 1418 5282 colligimus
1440 5207 1561 5280 quanta
1583 5197 1682 5262 fuerit
1704 5205 1783 5262 tunc
1806 5198 1943 5278 penuria
1972 5194 2127 5260 bonorum
2161 5195 2210 5260 vi·

206 5280 286 5348 cinii
319 5281 485 5360 retulerit,
519 5301 637 5365 nempe
670 5282 756 5365 quod
789 5301 961 5365 percussus
992 5280 1109 5361 fuerit,
1149 5291 1184 5346 ιι
1236 5302 1355 5348 rorum.
1401 5282 1537 5349 Electus
1559 5284 1665 5349 suerat
1687 5283 1745 5366 qui
1767 5289 1933 5365 praeesset
1955 5281 2085 5364 templo.
2119 5281 2209 5366 Ergo

207 5367 372 5433 coniectus
394 5367 428 5431 in
452 5387 632 5448 carcerem,
661 5389 726 5434 non
749 5387 768 5432 a
791 5389 882 5452 rege,
910 5367 960 5434 vel
985 5368 1055 5434 eius
1078 5368 1181 5433 consi·
1235 5387 1314 5450 prae
1336 5369 1410 5434 aliia
1432 5368 1588 5435 excelluit
1609 5388 1675 5433 non
1698 5378 1825 5433 tantum
1849 5365 1952 5450 gradu
1975 5366 2121 5444 honoris,
2151 5367 2208 5431 sed
