5134 6124
374 379 432 443 ιιι
1174 353 1564 442 rennnncmeuus
2305 375 2366 440 ire

369 568 405 632 ic
427 568 606 642 cordetuo,
642 566 701 629 hoc
731 577 798 644 est,
831 566 859 630 si
888 564 985 629 tacite
1016 583 1184 628 murmure
1213 563 1342 647 litigare
1393 562 1451 628 sed
1473 563 1513 628 de
1540 562 1655 628 habitu
1678 562 1735 645 qui
1765 562 1969 630 contrahitur
1997 583 2039 629 ex
2069 561 2167 646 longa
2194 572 2366 629 consuetu·

370 675 445 719 cnm
469 653 540 717 Deo
563 651 666 726 voles,
702 659 812 714 tamen
834 651 896 715 erit
917 650 951 713 in
975 658 1128 732 promptu
1158 650 1341 731 responsio:
1393 648 1478 713 dine.
1523 647 1729 725 Aristoteles,
1760 649 1815 731 qui
1837 649 1900 714 luit
1928 669 2068 733 magnus
2101 657 2245 714 assertor
2274 645 2366 712 liberi

369 759 478 822 nempe
493 741 620 820 propter
640 735 869 802 multitudinem
890 735 1068 816 iniquitatis
1082 741 1154 800 teca
1168 735 1340 815 eiseooper-
1393 732 1528 810 arbitrii,
1553 745 1662 799 tamen
1682 734 1803 799 fatetur
1822 755 1888 800 non
1904 755 1974 800 esse
1992 735 2025 799 in
2042 743 2203 816 potestate
2225 733 2365 798 hominis

371 831 421 890 tos
441 843 507 889 esse
527 821 671 903 fimbrias
691 827 772 900 berc,
795 821 940 887 elcolces
962 826 1030 886 tuos
1050 822 1194 887 euectos.
1229 821 1342 884 Multi·
1394 820 1476 885 beno
1497 841 1604 902 agere,
1625 841 1726 902 quum
1749 821 1795 884 ita
1809 821 1899 886 vitiis
1916 819 1984 884 suis
2002 819 2147 884 imbutus
2162 829 2221 897 est,
2243 829 2280 884 ut
2301 818 2367 882 iam

372 911 518 975 tudinem
542 908 726 989 iniquitatis
744 920 839 972 vocat
854 907 943 971 illam
961 906 1157 971 obstinatam
1174 905 1341 985 malitiam,
1393 905 1457 970 sibi
1481 905 1640 970 ademerit
1669 905 1805 971 liberam
1834 905 2036 979 electionem.
2067 905 2096 970 l.
2120 905 2176 970 lib.
2199 903 2365 970 Ethictbn:

370 1016 452 1079 quae
474 995 581 1059 luerat
604 995 637 1056 in
660 992 804 1058 Iudaeis:
837 992 1001 1075 quianon
1026 992 1218 1058 destiterant
1244 991 1340 1091 longo
1393 1000 1425 1054 et
1448 991 1508 1057 boc
1530 993 1629 1056 etiam
1652 991 1744 1056 docet
1773 992 1984 1075 experientia.
2031 991 2190 1056 Videmus
2218 1011 2297 1073 ergo
2319 988 2367 1052 lo·

371 1082 526 1164 temporis
555 1099 730 1162 progressu
761 1080 841 1142 iram
874 1077 936 1142 Dei
967 1099 1152 1161 provocare.
1204 1077 1289 1142 Nam
1314 1098 1340 1142 si
1392 1097 1467 1142 oum
1489 1077 1578 1142 huuc
1600 1098 1771 1161 perperam
1800 1087 1939 1143 tractum
1969 1077 2068 1144 luisse
2098 1074 2139 1142 ad
2168 1073 2366 1158 probandam

370 1166 471 1234 semel
493 1175 621 1230 tantum
646 1176 840 1246 peccassent,
863 1163 917 1228 vel
939 1184 1005 1228 uno
1020 1164 1054 1227 in
1070 1184 1189 1246 genere
1205 1163 1342 1227 fuissent
1392 1165 1600 1229 sententiam.
1645 1162 1740 1242 Quae
1762 1184 1819 1246 per
1841 1184 1876 1228 se
1899 1184 1976 1228 vcra
1996 1173 2056 1240 est,
2079 1173 2114 1228 et
2135 1161 2246 1228 multis
2268 1161 2367 1243 scrip·

369 1251 556 1335 culpabiles,
578 1259 648 1315 crat
669 1249 779 1331 aliqua
800 1269 874 1332 spes
896 1249 1029 1313 veniae:
1053 1249 1167 1313 saltem
1192 1269 1256 1312 non
1273 1259 1340 1312 tam
1393 1260 1486 1314 turae
1508 1248 1588 1314 locis
1610 1249 1731 1329 optime
1760 1251 1983 1314 confirmatur.
2027 1247 2184 1314 Ieremias
2213 1267 2290 1329 ergo
2314 1246 2366 1310 hic

370 1336 470 1404 duras
493 1355 613 1419 poenas
634 1336 797 1418 exegisset
819 1334 859 1399 ab
881 1334 946 1400 illis
967 1334 1069 1399 Deus.
1102 1333 1168 1399 Sed
1187 1336 1340 1416 queniam
1393 1355 1458 1400 non
1491 1334 1622 1418 respicit
1651 1354 1733 1416 quae
1761 1335 1804 1400 sit
1839 1335 2007 1400 hominnm
2041 1344 2170 1412 natura,
2204 1333 2257 1398 vel
2288 1330 2367 1415 quid

369 1423 527 1490 contiuua
549 1422 656 1486 luerat
676 1421 778 1485 series
800 1419 970 1504 peccandi:
1003 1419 1075 1484 ideo
1105 1421 1263 1502 propheta
1285 1420 1340 1484 dc·
1392 1421 1534 1486 afferant
1555 1440 1598 1484 ex
1621 1431 1730 1484 utero:
1760 1419 1817 1485 sed
1843 1419 2010 1485 invehitur
2032 1420 2192 1484 adversus
2214 1416 2365 1498 Iudaeos,

369 1517 532 1575 monstrat
553 1528 620 1573 non
643 1507 741 1571 luisse
764 1526 920 1588 aequum,
949 1505 1014 1571 illis
1035 1506 1175 1587 amplius
1197 1527 1339 1588 parcere.
1392 1508 1447 1589 qui
1469 1515 1703 1572 contraxerant
1724 1506 1824 1570 talem
1854 1503 2002 1572 habitum
2026 1505 2189 1588 exlongo
2212 1501 2367 1586 peccandi

370 1594 466 1677 Quod
489 1590 530 1657 ad
552 1591 801 1658 similitudinem
824 1591 975 1674 pertinet,
998 1612 1094 1673 saepe
1109 1591 1171 1656 hac
1187 1591 1340 1674 loquendi
1393 1614 1464 1657 usu.
1497 1591 1662 1673 Quoniam
1684 1593 1771 1656 enim
1790 1590 2013 1658 obduruerant
2028 1589 2069 1656 ad
2084 1590 2170 1657 male
2191 1587 2366 1672 egendum,

369 1681 473 1746 lorma
494 1678 674 1760 prophetae
696 1689 851 1742 utuntur:
885 1675 1018 1742 Nudare
1040 1677 1183 1760 plantas,
1212 1689 1245 1742 et
1268 1679 1340 1743 fim·
1393 1679 1471 1743 dicit
1496 1699 1560 1742 non
1583 1697 1678 1760 posse
1706 1678 1906 1761 resipiscere,
1937 1691 1970 1741 et
1999 1678 2046 1742 ita
2068 1677 2212 1752 haerere,
2236 1675 2289 1741 vel
2319 1676 2368 1739 in-

370 1768 457 1831 brias
490 1763 715 1845 discooperire.
765 1761 896 1828 Scimus
929 1764 1015 1826 enim
1048 1763 1195 1827 homines
1228 1764 1339 1827 vestiri
1393 1767 1493 1828 fixam
1525 1783 1596 1828 esse
1627 1762 1787 1828 malitiam
1819 1763 1855 1827 in
1888 1764 2036 1845 ipsorum
2068 1761 2232 1828 cordibus:
2270 1760 2368 1826 sicuti

370 1872 436 1918 non
459 1848 618 1915 modoad
642 1846 819 1913 arcendum
849 1848 970 1932 frigus,
1004 1849 1060 1912 sed
1091 1848 1189 1913 etiam
1216 1857 1252 1912 ut
1273 1870 1340 1913 cor·
1394 1849 1470 1932 pelli
1489 1847 1689 1930 Aethiopum
1712 1848 1868 1913 adhaeret
1886 1847 2032 1933 nigredo,
2055 1859 2088 1912 et
2110 1846 2258 1914 maculae
2280 1846 2368 1910 simi-

371 1955 550 2020 passuum
573 1933 788 1999 verecundiae
814 1953 912 1999 causa
942 1941 1065 2016 tegant.
1110 1933 1261 2017 Duplex,
1291 1937 1340 1998 in·
1393 1936 1468 1999 liter
1499 1933 1678 1998 adhaerent
1709 1935 1759 2000 vel
1791 1933 1901 2017 pardis
1930 1933 1982 1999 vel
2012 1934 2190 2017 pantheris.
2235 1932 2369 1997 Interea

371 2043 487 2106 quam,
522 2029 572 2084 est
595 2040 673 2084 usus
701 2020 861 2096 vestium,
895 2018 978 2083 alter
1007 2019 1224 2096 necessitatis,
1258 2021 1341 2085 alter
1394 2019 1560 2105 colligitur
1592 2040 1633 2085 ex
1663 2019 1724 2086 hoc
1752 2020 1823 2085 loco
1856 2019 1947 2084 utilis
1976 2020 2141 2096 doctrina,
2175 2038 2291 2099 nempe
2323 2016 2370 2083 sic

371 2107 560 2174 honestatis.
605 2104 716 2187 Quum
738 2104 839 2189 igitur
861 2115 969 2170 vestes
990 2105 1025 2168 in
1049 2104 1138 2169 hunc
1156 2106 1255 2170 linem
1275 2107 1342 2171 sint
1393 2107 1558 2189 corrumpi
1581 2105 1731 2171 homines
1753 2105 1830 2171 dum
1853 2106 1994 2188 peccatis
2022 2113 2222 2182 assuescunt,
2253 2113 2286 2170 et
2307 2102 2371 2167 sibi

371 2193 579 2277 compositae,
610 2201 647 2256 ut
668 2200 781 2274 tegant
803 2211 886 2273 quae
908 2189 1043 2256 honeste
1065 2211 1130 2255 non
1154 2202 1288 2273 possunt
1310 2201 1343 2257 et
1393 2191 1492 2256 etiam
1513 2191 1692 2274 indulgent,
1711 2203 1746 2256 ut
1765 2190 1912 2256 diabolus
1931 2192 2010 2273 ipsIs
2028 2189 2150 2256 adimat
2168 2209 2265 2254 omne
2282 2198 2370 2253 recte

370 2279 442 2345 sine
465 2277 583 2362 probro
613 2277 721 2361 palam
748 2276 891 2341 ostendi:
925 2274 997 2341 ideo
1031 2275 1209 2358 prophetae
1241 2298 1342 2359 quum
1393 2276 1511 2360 agendi
1526 2276 1687 2342 studium:
1711 2276 1850 2359 danique
1869 2287 1906 2342 ct
1920 2277 1987 2342 sint
2005 2296 2137 2359 prorsus
2157 2272 2369 2340 incurabiles:

371 2364 479 2432 dicere
500 2361 617 2428 volunt
638 2361 778 2445 aliquem
801 2361 922 2445 exponi
945 2362 984 2426 ad
1009 2362 1172 2444 publicam
1201 2363 1341 2446 ignomi·
1394 2360 1666 2443 quemadmodum
1685 2362 1834 2427 videmus
1852 2363 1951 2428 etiam
1970 2363 2161 2445 contingere
2179 2361 2213 2424 in
2237 2359 2368 2424 morbis.

371 2451 472 2533 niam,
495 2454 634 2514 utuntur
656 2447 717 2512 hac
739 2447 890 2512 formula.
934 2449 1055 2513 Postea
1077 2449 1233 2529 sequitur,
1395 2449 1479 2514 Nam
1513 2448 1617 2514 morbi
1650 2447 1796 2513 chronici
1830 2458 1868 2513 ut
1896 2447 2074 2531 plurimum
2103 2447 2150 2513 sio
2178 2455 2372 2528 pervertunt

1394 2532 1550 2617 quidquid
1583 2555 1699 2599 sanum
1729 2539 1799 2598 erat
1827 2553 1865 2599 ac
1891 2534 2055 2600 sincerum
2089 2534 2125 2596 in
2156 2549 2300 2614 corpore,
2335 2538 2372 2595 ut

457 2622 507 2686 23.
538 2618 594 2684 Aa
616 2617 747 2683 membri
774 2616 835 2702 (sic
856 2618 984 2699 proprie
1006 2616 1162 2702 vertitur)
1189 2617 1343 2700 Aethiops
1395 2617 1487 2685 tabes
1519 2620 1678 2700 paulatim
1711 2619 1901 2685 invalescat.
1964 2617 2028 2685 Ubi
2065 2638 2142 2700 ergo
2175 2637 2292 2699 corpus
2324 2617 2371 2682 sic

364 2707 480 2790 pellem
501 2726 602 2782 mem,
633 2709 661 2769 el
683 2704 809 2786 pardus
830 2704 972 2768 mameluc
993 2703 1096 2768 succ?
1126 2701 1207 2788 (aut,
1236 2707 1341 2768 varie·
1395 2705 1494 2790 longa
1522 2703 1596 2768 taba
1624 2705 1780 2769 infectum
1810 2715 1869 2782 est,
1903 2704 1996 2768 nulla
2026 2716 2076 2770 est
2108 2721 2183 2787 spes
2209 2702 2370 2768 sanitatis.

370 2803 471 2859 tates:
494 2812 572 2857 nam
596 2811 712 2855 nomen
736 2789 797 2854 hoc
819 2788 1021 2872 duplicatum
1045 2787 1215 2855 deducitur
1232 2802 1343 2870 etan,
1395 2791 1521 2856 Poterit
1543 2788 1673 2871 quidem
1697 2790 1844 2872 protrahi
1866 2791 1943 2867 vita,
1966 2788 2023 2854 sed
2043 2811 2108 2854 non
2126 2789 2198 2853 siue
2214 2788 2372 2854 continuo

369 2879 453 2962 quod
477 2879 641 2960 significat
662 2895 871 2959 congregare,
894 2874 1058 2958 significat
1081 2875 1180 2939 etiam
1196 2875 1343 2954 livorem,
1397 2877 1540 2960 langore.
1596 2875 1765 2956 Quantum
1800 2885 1908 2940 autem
1947 2873 1989 2939 ad
2019 2873 2207 2958 spirituales
2239 2872 2371 2938 morbos

369 2965 526 3046 accipitur
549 2983 626 3028 vero
650 2962 702 3027 hio
723 2982 782 3041 pro
805 2959 971 3045 maculis):
993 2961 1088 3026 diem
1109 2966 1143 3026 lu
1158 2962 1279 3044 peteris
1300 2964 1343 3029 cd
1396 2965 1546 3045 pertinet,
1576 2961 1632 3027 ubi
1655 2959 1793 3045 putredo
1815 2961 1948 3026 intimos
1969 2981 2085 3026 sensus
2113 2958 2267 3041 corrupit,
2298 2959 2372 3023 ficri

370 3049 630 3132 benefaciendum,
652 3049 757 3112 doceo
778 3048 820 3112 ed
842 3046 985 3111 malurn?
1397 3069 1461 3114 non
1485 3059 1652 3131 potestat
1680 3048 1754 3130 quis
1784 3048 1961 3129 resipiscat.
2004 3045 2143 3112 Interim
2173 3055 2282 3110 tamen
2312 3065 2372 3110 ne·

1397 3135 1543 3211 tandum,
1575 3133 1629 3199 bic
1662 3154 1729 3198 non
1762 3132 1923 3216 disputari
1956 3131 1996 3195 dc
2029 3132 2176 3215 potentia
2204 3130 2278 3207 Dei,
2313 3129 2371 3196 sed

455 3218 529 3283 Hoc
544 3237 641 3283 versu
657 3217 799 3282 affirmat
813 3215 905 3280 Deus
919 3214 1076 3298 populum
1094 3217 1138 3280 ita
1151 3218 1345 3285 obduruisse
1397 3232 1524 3284 tantum
1547 3217 1674 3285 ostendi
1696 3239 1810 3284 omues
1833 3239 1888 3284 eos
1921 3217 1976 3299 qui
1999 3215 2224 3283 obduruerunt
2245 3217 2281 3280 in
2303 3217 2372 3281 suis

371 3305 405 3368 in
428 3325 488 3368 sna
510 3303 681 3386 pravitate,
706 3311 744 3365 ut
766 3301 849 3366 nihil
873 3298 912 3365 de
935 3301 1006 3365 eins
1026 3302 1250 3384 resipiscentia
1271 3325 1343 3387 spa·
1397 3306 1496 3375 vitiis.
1518 3313 1675 3386 quantum
1699 3303 1740 3369 ad
1762 3305 1907 3387 ipsorum
1936 3303 2106 3386 ingenium
2136 3309 2273 3384 spectat,
2299 3323 2372 3368 csse

370 3389 511 3455 randum
539 3388 591 3453 sit.
636 3387 728 3452 Haec
756 3407 886 3451 summa
914 3395 973 3451 est.
1018 3385 1098 3450 Fuit
1127 3399 1235 3452 autem
1263 3389 1345 3455 haee
1395 3389 1591 3456 incurabiles
1613 3401 1646 3454 ει
1670 3389 1863 3470 desperatos.
1896 3387 1988 3453 Deus
2010 3398 2121 3453 autem
2144 3387 2372 3471 potestatium

370 3475 466 3540 valde
488 3471 603 3541 acerba
625 3473 816 3556 obiurgatio,
841 3491 942 3554 quum
966 3471 1085 3536 diceret
1107 3475 1267 3556 propheta
1289 3475 1344 3540 de·
1396 3497 1437 3540 cx
1461 3475 1722 3557 profundissimis
1751 3475 1865 3539 inieris
1888 3475 2026 3540 educere
2054 3473 2113 3556 qui
2141 3473 2265 3540 centies
2293 3481 2374 3540 sunt

370 3562 514 3644 ploratos
543 3579 614 3626 esse
642 3578 719 3624 suos
747 3558 935 3641 populares:
968 3557 1043 3639 quia
1076 3577 1209 3640 prorsus
1239 3580 1274 3626 se
1303 3558 1345 3626 ad
1397 3560 1569 3644 desperati.
1614 3560 1661 3624 At
1684 3580 1761 3624 vcro
1789 3558 1852 3638 hic,
1881 3557 2155 3641 quemadmodum
2184 3558 2262 3638 dixi,
2296 3578 2373 3641 pro·

371 3646 494 3713 scelera
517 3644 721 3727 addixerant,
745 3653 781 3708 ut
796 3642 936 3725 amplius
956 3663 1020 3707 non
1040 3650 1151 3709 essent
1172 3645 1343 3712 sanabiles.
1397 3647 1498 3730 pheta
1520 3665 1584 3710 non
1609 3644 1742 3727 respicit
1760 3642 1823 3710 Dei
1847 3645 2034 3728 potentiam,
2057 3643 2115 3711 sed
2135 3655 2264 3710 tantum
2282 3643 2374 3710 dam-

370 3731 483 3798 Utitur
505 3743 613 3797 autem
630 3729 890 3812 comparatione:
915 3727 1079 3808 Poterilce,
1101 3730 1215 3812 inquit,
1238 3731 1346 3797 Aeeti-
1399 3746 1455 3796 εει
1473 3750 1549 3796 εεεε
1568 3729 1748 3814 populares,
1770 3751 1810 3795 ne
1828 3741 2005 3813 querantur
2020 3732 2128 3798 Deum
2145 3731 2242 3796 nimis
2257 3750 2373 3814 aspere

369 3837 425 3898 ops
456 3823 577 3882 mutere
605 3816 717 3897 pellere
749 3814 868 3880 auem?
914 3813 1058 3896 Nigredo
1090 3814 1247 3881 adhaeret
1279 3817 1345 3882 cuti
1397 3837 1504 3900 agere.
1549 3814 1688 3883 Summa
1708 3816 1811 3898 igitur
1833 3826 1892 3894 est,
1916 3837 1982 3882 ncn
1999 3815 2116 3881 debere
2138 3815 2226 3898 ipsos
2247 3816 2372 3894 mirari,

369 3900 582 3985 Aethiopum,
611 3899 886 3983 quemadmodum
911 3900 989 3965 satis
1013 3906 1128 3964 notum
1151 3907 1211 3967 est.
1256 3902 1345 3984 Ergo
1397 3905 1424 3969 si
1456 3902 1548 3967 Deus
1581 3901 1664 3968 nibil
1697 3903 1766 3984 spei
1799 3902 1980 3983 relinquat:
2015 3902 2169 3985 qnoniam
2202 3909 2281 3967 sunt
2312 3923 2374 3966 sua

370 3990 397 4054 si
420 3985 563 4071 quotidie
578 3987 699 4052 centies
721 3986 883 4063 laventur,
906 4005 973 4050 non
988 3995 1097 4050 tamen
1113 3997 1238 4052 exuent
1253 4007 1345 4052 suam
1396 3987 1617 4054 obstinatione
1639 3987 1806 4071 deplorati,
1834 3997 1956 4052 utnon
1979 3987 2107 4071 possint
2134 4007 2236 4054 nosos
2265 4007 2373 4052 mores

371 4073 586 4157 nigredinem.
635 4071 727 4136 Idem
758 4073 855 4136 etiam
886 4072 926 4134 de
956 4069 1066 4152 pardis
1094 4071 1146 4137 vel
1176 4073 1346 4155 pantheris
1398 4073 1544 4157 induere,
1575 4083 1748 4156 postquam
1771 4084 1839 4138 tam
1869 4073 1966 4156 longo
1990 4085 2135 4157 tempore
2158 4085 2374 4139 assueverunt

369 4157 543 4224 dicendum
575 4167 635 4222 est.
688 4155 818 4223 Scimus
847 4156 969 4222 animal
999 4155 1079 4221 illud
1110 4177 1181 4222 esse
1210 4159 1346 4224 maculis
1398 4159 1439 4224 ad
1461 4179 1559 4224 omne
1581 4158 1714 4240 malum,
1737 4157 1856 4239 Etiam,
1885 4159 2003 4240 inquit,
2031 4160 2201 4240 Inpotens
2222 4159 2264 4224 ad
2285 4159 2372 4226 brec

370 4264 565 4327 respersum.
611 4242 720 4322 Quum
743 4243 846 4325 igitur
864 4243 939 4308 telis
962 4243 1005 4306 sit
1024 4241 1165 4308 varietas
1186 4243 1221 4308 in
1243 4245 1345 4326 pardo
1396 4244 1584 4327 [comedant
1613 4244 1675 4309 hcc
1700 4253 1759 4326 est,
1790 4253 1869 4309 tnnc
1898 4243 2076 4326 applicabis
2106 4245 2251 4310 studium
2280 4258 2373 4311 tuum

370 4329 426 4394 vel
449 4327 618 4410 panthera,
642 4329 864 4394 excoriabitur
882 4328 1014 4410 quidem
1032 4327 1154 4393 animal
1175 4329 1265 4406 illud,
1288 4328 1345 4394 sed
1398 4330 1438 4394 ad
1457 4331 1627 4411 iustitiam,
1650 4330 1705 4411 qai
1726 4331 1848 4395 edoces
1867 4350 1900 4395 es
1919 4331 1962 4394 ad
1983 4331 2127 4396 endam?
2154 4332 2214 4396 hoc
2232 4338 2292 4411 est,
2315 4332 2373 4414 qui

370 4435 439 4480 non
461 4413 602 4478 mutabit
615 4423 788 4496 propterea
802 4412 952 4479 colorem.
986 4412 1148 4478 Videmus
1165 4435 1252 4480 nunc
1267 4413 1345 4498 quid
1398 4414 1480 4480 nihil
1505 4415 1664 4481 hactenns
1687 4415 1829 4480 didicisti
1846 4415 1909 4480 nisi
1920 4416 2139 4482 malefacere?
2174 4415 2270 4482 Nunc
2286 4427 2374 4482 tene·

371 4500 451 4566 velit
479 4497 648 4583 propheta,
677 4518 795 4581 nempe
817 4497 957 4564 Iudaeos
986 4499 1085 4583 longa
1114 4499 1346 4566 consuetudine
1399 4523 1470 4566 mus
1496 4502 1673 4584 prophetae
1702 4501 1884 4581 consilinm,
1915 4522 2032 4584 nempe
2061 4503 2249 4584 importune
2276 4521 2373 4567 cosa

368 4586 417 4650 ita
435 4605 505 4651 esse
520 4595 698 4666 corruptos,
719 4592 757 4648 nt
778 4584 969 4667 resipiscere
990 4593 1172 4667 nequeant:
1195 4588 1345 4668 quoniam
1398 4587 1469 4651 Dec
1497 4599 1608 4670 petere
1635 4587 1775 4664 veniam,
1805 4589 1863 4670 qui
1892 4607 2025 4670 prorsus
2055 4588 2174 4654 callum
2205 4609 2246 4652 ex
2274 4586 2373 4672 longe

372 4671 495 4737 scilicet
517 4669 645 4735 diabolo
671 4689 705 4734 se
727 4671 996 4753 mancipaverint,
1025 4681 1061 4734 ut
1084 4691 1148 4736 non
1171 4671 1239 4735 sint
1260 4692 1344 4736 com·
1399 4673 1552 4753 peccandi
1576 4694 1639 4738 usu
1661 4674 1893 4751 contraxerint,
1924 4673 1971 4737 ita
1999 4688 2036 4738 ut
2066 4676 2132 4740 sint
2161 4674 2371 4740 insanabiles.

372 4765 464 4839 potes
487 4755 616 4833 mentis,
640 4754 767 4819 nullum
790 4756 834 4820 sit
855 4755 997 4839 amplius
1019 4758 1054 4820 in
1085 4757 1150 4820 illis
1178 4756 1344 4834 iudicium,
1399 4758 1517 4824 Postea
1538 4759 1693 4840 sequitur,

372 4842 427 4907 vel
448 4842 623 4908 discrimen
645 4839 721 4905 boni
743 4849 776 4904 ct
802 4840 890 4906 mali.
936 4841 1032 4906 Docti
1062 4841 1211 4907 homines
1234 4854 1345 4907 nostre

373 4929 502 4994 sacculo
523 4947 590 4992 non
612 4927 689 4992 satis
712 4926 892 5008 prudenter
919 4926 1026 4992 lecum
1058 4928 1144 4994 hunc
1173 4937 1372 5013 traxerunt,
1482 4929 1534 4994 24.
1559 4929 1602 4993 El
1623 4929 1800 5013 ditrierpam
1822 4932 1888 5016 (vel
1911 4931 2086 5016 dissipabo)
2113 4951 2165 4996 eos
2193 4933 2288 5015 quusi
2314 4933 2372 4998 sti·

372 5014 407 5076 in
438 5013 702 5095 disputationem,
731 5033 829 5094 quum
862 5011 985 5076 vellent
1013 5013 1150 5094 probare
1180 5034 1246 5078 non
1276 5035 1346 5079 esse
1370 5015 1504 5096 ‘mlum
1525 5020 1736 5080 transeuntem
1757 5017 1799 5081 ad
1820 5023 1940 5083 centem
1961 5018 2084 5083 deserti.

372 5099 407 5163 in
431 5096 564 5162 homine
586 5097 724 5163 liborum
756 5097 944 5179 arbitrium,
977 5119 1036 5163 nee
1071 5099 1219 5164 hemines
1252 5042 1373 5182 possed

373 5203 433 5248 suo
456 5194 560 5248 marte
591 5184 735 5250 converti
758 5184 798 5248 ad
821 5183 941 5262 Deum,
965 5184 1016 5248 vel
1039 5184 1238 5266 resipiscere.
1283 5184 1346 5249 Ne·
1483 5186 1545 5252 list
1567 5185 1679 5264 illatio,
1707 5207 1805 5269 quam
1827 5185 1958 5251 deducit
1980 5188 2136 5254 Ieremias
2157 5209 2200 5254 ex
2222 5190 2371 5273 proxima

373 5287 438 5352 que
460 5270 548 5334 euim
571 5269 611 5332 de
634 5278 752 5336 natura
774 5270 916 5336 hominis
939 5268 992 5334 hic
1008 5269 1198 5352 simpliciter
1221 5271 1344 5354 agitur:
1369 5228 1566 5337 leccenna.
1626 5271 1792 5352 Quamdiu
1830 5272 1919 5335 enim
1963 5273 2085 5357 aliquid
2131 5275 2371 5359 resipiscentiae
