5158 6124
356 403 418 466 491
1170 395 1556 465 PRAuLnouIONus
2298 402 2364 468 492

355 589 397 656 ad
427 589 585 654 orientem
615 585 748 652 tendere
777 593 929 666 respeetu
957 583 1107 651 Iudaeae.
1159 584 1275 665 Addit,
1305 591 1334 651 et
1461 588 1524 668 22.
1547 585 1593 652 nt
1613 588 1755 654 omuibus
1780 589 1906 672 rupibus
1930 588 2023 672 Tyri,
2053 593 2081 654 et
2109 587 2251 654 mundus
2279 589 2363 670 repi-

354 676 472 742 ouaetr'e
493 672 616 757 repetas
637 675 737 738 terroe
759 671 931 737 Pttttsrtm.
968 672 1023 737 Au
1047 672 1233 737 Palaestina
1254 679 1332 738 tune
1385 672 1443 738 bas
1473 672 1622 757 Sidonis,
1656 679 1684 740 et
1712 674 1856 740 omnibus
1883 675 2010 758 rapidus
2038 672 2177 752 iuuetur,
2210 694 2290 755 quae
2317 679 2363 738 eat

353 760 508 827 babuerit
536 759 646 842 plures
675 777 779 842 reges,
808 759 969 823 ineertum
992 766 1051 822 est.
1097 756 1238 822 Videtur
1261 757 1331 840 qui·
1387 759 1464 842 (vel,
1486 761 1647 843 quisunt:
1672 781 1746 825 nam
1765 761 1901 826 verbum
1921 758 2050 824 nullum
2072 760 2213 843 ponitur.
2248 760 2363 826 Potest

355 848 429 913 dem
460 867 530 913 esse
560 842 724 921 credibile,
754 842 811 910 sed
839 842 926 925 quod
955 842 1037 908 mibi
1068 843 1201 908 dubium
1225 845 1331 908 estin
1385 845 1486 928 igitur
1509 846 1571 911 hoe
1594 855 1659 911 tam
1692 845 1732 910 ad
1761 867 1857 928 reges
1885 846 1988 928 ipsos,
2018 864 2115 928 quam
2150 844 2191 909 ad
2219 845 2361 911 insulam

354 932 459 997 medio
501 931 663 1014 relinquo.
718 930 788 996 Nee
827 930 935 995 obstat
972 928 1058 1012 quod
1094 940 1188 996 vooat
1219 950 1332 994 omnes
1385 931 1516 995 referri:
1540 931 1596 1016 qui
1619 940 1698 998 suut
1719 930 1821 1018 ergo),
1843 932 1927 998 atrro
1948 951 2046 996 mure.

353 1039 457 1102 reges,
481 1017 611 1101 quaudo
635 1027 668 1082 et
691 1015 881 1099 paulopost
903 1014 982 1080 dieit
1004 1035 1117 1080 omnes
1140 1035 1233 1098 reges
1249 1015 1330 1099 'Iyri

354 1114 386 1170 et
409 1103 551 1204 Sidonis.
597 1102 698 1201 Atqui
721 1103 829 1185 Tyrus
858 1121 923 1166 uon
955 1100 1072 1202 habuit
1093 1101 1205 1184 plures
1228 1121 1330 1186 reges,
1470 1102 1515 1166 Et
1534 1103 1571 1167 iu
1595 1104 1728 1169 nomine
1749 1103 1875 1168 insulae
1901 1111 2049 1202 mutatur
2078 1123 2251 1186 uumerus,
2282 1104 2362 1186 quia

353 1211 461 1344 :atti
488 1187 728 1340 “tittttt
750 1187 922 1356 attilii
944 1207 1035 1356 {tt
1047 1185 1332 1355 ,ilidii‘qlli
1384 1187 2361 1359 tt“ttttttttttttt“tttttttttatttgtt

354 1359 396 1426 de
425 1361 551 1428 eunetis
579 1361 712 1442 regibus
735 1369 842 1424 terrae
863 1357 1015 1442 loquitur,
1044 1359 1208 1444 intelligat
1231 1359 1330 1424 etiam
1355 1410 1358 1451 Ι
1385 1360 1425 1423 ad
1450 1357 1608 1443 Cyprum,
1629 1369 1663 1425 et
1685 1359 1829 1440 Oretum,
1855 1367 1888 1425 et
1910 1359 2124 1443 Mitylenem,
2154 1369 2186 1424 et
2207 1359 2287 1426 alias
2308 1360 2361 1425 in·

354 1447 385 1512 si
414 1447 486 1513 aliie
515 1446 699 1522 euoeedant,
733 1456 846 1511 tamen
875 1452 964 1510 oerto
992 1443 1053 1510 hoo
1080 1464 1151 1510 esse
1180 1446 1214 1509 in
1242 1444 1331 1510 eoelo
1356 1462 1358 1509 ε
1384 1444 1474 1510 sulas
1507 1445 1773 1512 mediterraneas.
1819 1445 1887 1512 Sed
1916 1444 2050 1530 linguae
2080 1444 2252 1512 hebraieae
2281 1447 2363 1511 trita

356 1531 540 1612 deoretum,
575 1542 612 1596 ut
645 1540 781 1616 pereant
815 1551 927 1596 omues
955 1531 1010 1596 isti
1040 1530 1161 1614 populi.
1214 1530 1332 1596 Voluit
1355 1514 1359 1635 ἱ
1384 1539 1434 1596 est
1456 1530 1612 1614 loquutio,
1635 1553 1747 1596 omnes
1767 1531 1917 1615 regiones
1936 1541 2028 1596 trans
2044 1551 2133 1596 mare
2149 1531 2229 1597 sitas
2249 1532 2360 1597 voeari

355 1619 457 1702 igitur
486 1617 682 1683 dubitationi
712 1636 891 1694 ooourrere,
922 1618 997 1700 quia
1023 1637 1088 1681 uon
1111 1617 1221 1683 statim
1244 1637 1332 1682 eom·
1384 1615 1517 1681 insulas.
1557 1618 1666 1702 Reges
1687 1617 1871 1683 insularum
1893 1617 2041 1683 venient.
2075 1615 2244 1698 Quosuam
2263 1627 2362 1682 vooat

354 1702 480 1788 pletum
511 1705 574 1769 tuit
604 1704 666 1769 hoe
691 1703 891 1780 vatioinium,
923 1701 979 1768 sed
1002 1703 1121 1784 populi,
1151 1702 1332 1785 dequibus
1383 1701 1450 1768 illio
1473 1703 1632 1786 propheta
1654 1723 1749 1787 reges
1772 1703 1982 1769 insularum?
2007 1722 2125 1785 nempe
2147 1703 2201 1786 qui
2223 1702 2362 1770 navibus

355 1812 442 1858 nune
460 1791 578 1872 agitur,
603 1789 809 1855 retinuerunt
828 1797 951 1853 statum
966 1788 1108 1872 aliquem
1125 1788 1330 1866 medioerem,
1385 1790 1516 1853 venturi
1532 1794 1634 1854 ¹eraut
1656 1791 1691 1854 in
1706 1788 1875 1854 iudaeam.
1910 1787 1968 1855 Sia
1982 1791 2080 1854 etiam
2097 1788 2158 1855 hoo
2176 1789 2245 1853 loeo
2263 1808 2361 1872 reges

353 1884 393 1940 ut
434 1874 540 1941 videri
578 1882 688 1958 posset
721 1875 879 1940 mentitus
913 1894 984 1939 esee
1016 1874 1185 1957 propheta.
1242 1875 1332 1958 Ilrgo
1384 1873 1511 1940 insulae
1535 1895 1707 1954 possumus
1727 1875 1911 1957 intelligere
1935 1874 2118 1958 quiounque
2149 1874 2360 1939 transmarini

354 1960 476 2027 diserte
499 1961 653 2043 exprimit
674 1966 797 2028 eurotas
818 1979 914 2044 repes,
937 1967 976 2024 ut
992 1959 1107 2025 fideles
1129 1957 1331 2043 suspendant
1384 1967 1486 2025 erant.
1531 1959 1692 2027 Videmus
1716 1981 1803 2026 nuno
1825 1981 1892 2025 non
1915 1961 2013 2026 unius
2043 1970 2174 2025 tantum
2205 1961 2363 2044 temporie

352 2069 451 2112 auum
474 2047 639 2126 iudioium,
662 2045 764 2111 donee
787 2061 915 2128 tempus
930 2054 1150 2128 opportunum
1167 2045 1331 2113 viudiotae
1384 2066 1480 2129 reges
1502 2046 1595 2110 uitari
1625 2044 1665 2110 ad
1687 2046 1752 2112 Dei
1778 2045 1946 2112 iudieium.
1991 2044 2159 2126 Quorsum
2190 2046 2279 2110 enim
2308 2045 2359 2110 di·

355 2132 420 2198 Dei
443 2132 606 2199 aeoiderit.
640 2131 729 2197 Dieit
751 2140 874 2216 postea,
895 2129 1041 2210 Artaba,
1065 2150 1149 2214 quae
1171 2132 1231 2197 luit
1254 2131 1331 2196 urbs
1355 2154 1357 2243 p
1384 2140 1471 2197 aeret
1500 2132 1660 2214 propheta
1689 2153 1803 2197 omues
1834 2153 1926 2216 reges
1948 2132 2030 2215 'Iyri
2060 2141 2093 2196 et
2121 2151 2235 2196 omnes
2264 2151 2360 2217 reges

355 2239 421 2284 nou
454 2220 634 2297 maritima,
671 2217 727 2283 sed
761 2229 871 2283 tamen
903 2238 971 2282 non
1004 2217 1119 2300 prooul
1152 2226 1279 2283 remota
1312 2239 1331 2282 a
1385 2215 1540 2284 Sidonis?
1564 2240 1606 2282 au
1631 2218 1713 2283 duae
1734 2219 1818 2284 istae
1842 2219 1939 2284 urbes
1962 2225 2114 2300 poteraut
2135 2216 2256 2282 habere
2278 2237 2360 2300 qua·

355 2305 456 2370 mari:
490 2303 607 2370 deinde
629 2319 693 2383 rtttt,
727 2323 825 2387 quam
856 2321 1007 2368 vocamus
1039 2303 1179 2382 Gazam,
1210 2303 1330 2386 quiae
1383 2312 1459 2368 tuor
1481 2303 1534 2369 vel
1557 2303 1668 2368 deoem
1691 2303 1809 2388 reges?
1840 2301 1906 2370 Sed
1939 2304 2021 2368 ratio
2050 2302 2108 2368 illa
2137 2302 2282 2366 notanda
2307 2307 2361 2368 est

355 2390 403 2456 sio
426 2391 547 2456 Graeoi
570 2389 819 2455 transtulerunt.
865 2387 1039 2456 (laetorum
1063 2389 1148 2473 quod
1172 2400 1331 2472 putarunt
1383 2409 1479 2471 quam
1503 2387 1634 2466 adduxi,
1659 2408 1776 2471 nempe
1791 2388 1974 2454 admonitos
1996 2389 2096 2455 fuisse
2117 2389 2204 2453 filios
2221 2387 2293 2466 Dei,
2317 2410 2361 2453 ne

356 2476 475 2542 Graeei
506 2486 539 2541 et
561 2477 674 2540 Latini
702 2475 878 2558 scriptores
901 2474 1026 2540 Gazam
1048 2474 1149 2538 fuisse
1172 2485 1329 2558 voertam,
1384 2475 1482 2540 nimis
1505 2474 1631 2540 fervido
1659 2475 1784 2558 impetu
1813 2484 1964 2559 optarent
1993 2474 2054 2539 sibi
2083 2474 2360 2557 eomplementum

356 2560 443 2644 quod
472 2560 540 2627 illio
570 2561 765 2644 deposuerat
786 2559 895 2645 (tyrus
923 2581 999 2625 auos
1028 2558 1201 2626 thesauros
1230 2581 1330 2644 quum
1383 2560 1482 2625 huius
1505 2561 1696 2644 prophetiae
1719 2561 1906 2626 monstrari.
1949 2560 2090 2625 Perinde
2112 2560 2214 2643 igitur
2244 2571 2293 2625 est
2320 2579 2361 2624 ao

354 2646 478 2712 bellum
508 2646 574 2712 huo
602 2656 636 2712 et
666 2646 742 2712 illuo
775 2646 1009 2726 oireumierret,
1037 2665 1172 2729 prorsus
1202 2655 1253 2710 est
1275 2645 1330 2710 ab·
1384 2647 1412 2709 si
1434 2646 1588 2723 dixisset,
1615 2647 1768 2729 quamvls
1798 2667 1863 2711 nou
1892 2646 2024 2712 eveniat
2045 2646 2079 2709 in
2103 2666 2179 2729 rege
2201 2645 2283 2729 'Iyri
2305 2645 2362 2710 rel

355 2732 509 2810 surdum,
543 2754 581 2798 ao
609 2732 671 2797 luit
700 2731 819 2797 frivola
847 2711 1020 2804 divinatio,
1054 2732 1207 2814 quonism
1239 2730 1331 2796 Gaza
1385 2729 1530 2812 Sidonis,
1560 2733 1614 2815 qui
1638 2731 1733 2798 hodie
1755 2731 1837 2798 solio
1860 2730 2039 2814 praesidet,
2070 2741 2181 2797 tamen
2210 2732 2276 2796 iam
2308 2733 2361 2795 in·

355 2831 403 2884 est
427 2819 610 2898 thesaurus,
634 2826 667 2883 et
689 2817 810 2884 Graeoi
832 2816 1073 2884 transtulerunt
1091 2821 1169 2894 Ana,
1193 2817 1330 2895 Gazam,
1384 2816 1509 2883 eumbit
1531 2819 1657 2882 eunetis
1679 2818 1810 2902 regibus
1828 2816 1893 2883 Dei
1915 2817 2072 2897 vindiota,
2095 2836 2177 2901 quae
2194 2837 2254 2881 suo
2276 2827 2361 2881 tem-

355 2904 430 2970 ideo
452 2906 544 2970 veuit
565 2904 630 2970 illis
652 2903 716 2970 boe
738 2905 773 2969 iu
797 2912 952 2968 mentem:
984 2902 1129 2969 sednon
1152 2904 1231 2968 eatis
1254 2923 1331 2969 eon·
1384 2923 1463 2987 pore
1497 2905 1636 2985 patefiet.
1680 2902 1812 2970 Soimus
1845 2905 1972 2987 Tyrum
2003 2912 2037 2968 et
2069 2901 2224 2968 Sidonem
2257 2902 2362 2968 inisse

354 2991 505 3057 siderate.
556 2990 663 3055 Notus
695 2999 746 3055 eet
778 2990 862 3054 situs
895 2989 995 3055 urbis.
1043 2988 1172 3054 Deinde
1202 2988 1332 3055 subiioit
1385 2989 1708 3070 urbesPhoenieiae,
1730 2988 1918 3073 etquidem
1937 2989 2172 3054 nobilissimas:
2195 2997 2229 3053 et
2249 2989 2361 3067 'llyrus

356 3075 524 3155 Auroram,
555 3096 638 3157 quae
667 3075 729 3140 fuit
758 3076 837 3141 urbs
865 3074 983 3155 vieina,
1012 3083 1045 3140 et
1066 3095 1133 3140 non
1155 3075 1268 3158 proonl
1290 3075 1331 3141 ab
1383 3074 1495 3157 plures
1517 3074 1615 3159 longe
1641 3075 1784 3141 eolonias
1814 3075 1931 3140 habuit
1960 3078 2047 3140 inter
2076 3095 2158 3157 quas
2185 3076 2362 3158 praeeipua

356 3163 470 3237 Azoto,
493 3180 575 3241 quae
597 3161 814 3244 subiungitur.
849 3159 916 3226 Sed
932 3160 1091 3244 propheta
1109 3161 1186 3226 dieit
1200 3159 1331 3244 Astora,
1384 3160 1446 3224 fuit
1462 3159 1644 3244 Carthago:
1668 3168 1702 3225 et
1723 3159 1791 3226 illio
1814 3160 1990 3244 quotannis
2006 3160 2105 3226 etiam
2118 3159 2362 3245 Carthaginen-

356 3245 443 3328 quod
465 3266 586 3311 nomeu
606 3245 725 3312 Graeoi
744 3244 984 3311 transtulerunt
999 3245 1149 3323 Azotum,
1172 3256 1204 3311 et
1220 3247 1332 3312 Latini
1385 3267 1437 3312 ses
1459 3267 1579 3312 munus
1599 3247 1780 3312 offerebant
1798 3245 1931 3312 honoris
1953 3265 2061 3326 eausa,
2083 3255 2120 3311 ut
2141 3258 2362 3329 agnoseereut

357 3352 413 3398 eos
444 3330 565 3396 imitati
598 3339 685 3396 eunt.
741 3330 902 3397 Videmus
942 3351 1020 3416 ergo
1056 3332 1250 3415 prophetam
1291 3333 1332 3397 de
1385 3353 1420 3398 se
1449 3330 1539 3398 illine
1569 3331 1733 3398 oriundos.
1779 3333 1889 3416 Tyrus
1918 3341 2028 3397 autem
2057 3341 2128 3396 erat
2154 3330 2283 3397 oolonia
2304 3329 2359 3396 Si·

355 3425 465 3484 traotu
486 3415 544 3483 illo
567 3437 672 3500 agere,
695 3417 750 3501 qui
773 3415 928 3482 tendebat
950 3437 1065 3483 versus
1087 3415 1230 3500 Syriam.
1265 3416 1332 3484 Sed
1385 3416 1479 3483 donis
1509 3426 1545 3482 ut
1571 3426 1708 3483 narrant
1737 3417 1898 3483 historiei:
1933 3415 1990 3483 aed
2020 3415 2222 3500 praevaluit,
2252 3426 2285 3482 et
2315 3418 2363 3482 ita

355 3503 525 3587 quaeritur
547 3523 607 3569 eur
630 3503 776 3568 nominet
792 3503 948 3586 reliquiae
961 3501 1093 3570 Astora.
1129 3503 1333 3568 Existimant
1385 3503 1452 3568 filia
1476 3503 1602 3570 voravit
1618 3512 1767 3568 matrem.
1801 3503 1978 3568 (laetorum
2000 3501 2081 3568 satis
2102 3513 2237 3586 apparet
2253 3499 2363 3568 Isaiae

357 3589 459 3672 aliqui
494 3588 599 3654 notari
634 3588 732 3653 urbes
764 3589 905 3671 virinus,
948 3609 1029 3672 quae
1062 3610 1127 3654 nou
1161 3590 1206 3653 ita
1238 3597 1333 3654 erant
1385 3598 1418 3654 et
1439 3588 1598 3653 Ieremias
1619 3598 1766 3672 temporo
1789 3589 1890 3655 luisse
1911 3588 1979 3655 illio
2001 3609 2111 3672 reges:
2134 3587 2193 3653 sed
2214 3597 2363 3670 tempore

356 3674 518 3754 eelebres,
552 3674 647 3740 siouti
678 3673 782 3754 Geth,
814 3695 898 3757 quae
927 3675 1005 3740 alibi
1037 3675 1240 3740 nominatur:
1275 3673 1332 3740 sed
1385 3673 1567 3739 Alexandri
1589 3685 1660 3740 erat
1682 3674 1764 3739 liber
1792 3681 1897 3740 status
1927 3675 2098 3756 utriusque
2127 3673 2229 3739 urbis.
2274 3673 2362 3738 Nam

355 3759 419 3825 suit
440 3758 517 3824 urbs
539 3760 649 3826 minus
672 3758 798 3824 nobilis.
842 3760 968 3826 Verum
989 3759 1046 3826 illa
1068 3761 1228 3843 expositio
1251 3761 1332 3825 mibi
1385 3759 1509 3825 multae
1548 3761 1754 3844 eontigerant
1795 3761 1992 3826 mutationes
2030 3762 2071 3825 ab
2117 3781 2155 3824 eo
2202 3771 2360 3841 tempore.

355 3843 488 3910 videtur
511 3851 543 3908 et
565 3855 684 3924 ooaota,
709 3853 742 3910 et
759 3843 909 3910 absurda.
943 3846 1127 3912 Probabilis
1145 3848 1333 3912 oonieotura
1384 3846 1481 3912 Nune
1504 3845 1695 3928 simpliciter
1717 3845 1797 3912 dioit
1818 3845 1986 3930 propheta,
2009 3847 2130 3928 Tyrum
2152 3852 2187 3910 et
2202 3844 2362 3912 Sidonem

356 3939 423 4008 est,
457 3929 597 3995 Azotum
626 3931 725 3997 fuisse
758 3935 1000 4016 expugnatam,
1034 3931 1090 3996 sed
1119 3937 1230 3998 tamen
1259 3933 1333 4016 quia
1385 3931 1483 3998 simul
1506 3931 1682 4015 implicitae
1705 3932 1806 3997 luisse
1828 3929 1943 3997 iisdem
1966 3931 2096 4014 poenis,
2124 3951 2205 4013 quas
2234 3931 2362 3997 denun-

357 4037 476 4100 magua
506 4024 578 4081 erat
606 4015 819 4083 commoditas
849 4016 922 4096 looi,
950 4037 1015 4081 non
1045 4018 1143 4084 fuisse
1170 4015 1333 4083 desertam
1386 4018 1480 4083 tiavit
1504 4028 1568 4082 tam
1592 4018 1725 4102 regibus
1748 4038 1846 4101 quam
1870 4017 2008 4100 populis.
2053 4015 2221 4098 Sequitur,

356 4122 501 4184 prorsus.
551 4101 636 4167 Nam
665 4115 777 4171 uteru
805 4101 924 4169 dieitur
952 4100 1039 4186 quod
1072 4112 1123 4169 est
1155 4105 1332 4180 residuum,

356 4186 410 4253 vel
441 4187 591 4254 relietum
621 4209 663 4252 ex
692 4188 802 4271 aliqua
830 4188 931 4254 olade.
976 4186 1073 4269 Quod
1103 4209 1180 4272 ergo
1202 4209 1332 4254 roman·
1471 4188 1523 4252 23.
1546 4187 1590 4252 Et
1610 4187 1736 4270 Dedan,
1758 4193 1786 4252 et
1810 4188 1936 4267 Thema,
1959 4192 1986 4252 et
2007 4187 2089 4272 Bae,
2113 4193 2141 4253 at
2162 4189 2282 4253 eandm
2303 4194 2362 4252 ter-

357 4271 438 4338 serit
459 4295 500 4337 ex
524 4276 635 4350 Azoto,
658 4271 691 4337 id
713 4272 822 4358 gladio
844 4273 910 4340 Dei
932 4272 1105 4352 adiudieat,
1128 4274 1226 4357 idque
1249 4275 1332 4358 peri·
1385 4274 1516 4339 minatis
1537 4274 1572 4339 ia
1593 4274 1711 4356 arpalo
1734 4274 1959 4357 (altivertunt,
1982 4283 2128 4340 attonsos
2139 4293 2242 4352 ooma,
2264 4275 2361 4340 siouti

357 4363 478 4436 turum,
505 4356 673 4440 Sequitur,
1386 4359 1484 4424 etiam
1507 4359 1537 4423 9.
1561 4378 1629 4441 eap.
1659 4358 1715 4424 sed
1744 4359 1811 4426 illie
1838 4359 1879 4424 de
1908 4359 1970 4424 hae
2001 4379 2077 4425 roeo
2107 4359 2175 4425 dixi
2197 4373 2361 4442 quantum

1385 4444 1509 4509 terebat
1529 4443 1642 4529 loeus).

443 4529 496 4594 21.
519 4527 647 4609 Bodetia,
670 4533 697 4594 et
719 4528 826 4612 Moab,
848 4533 877 4594 et
897 4529 978 4600 atie
1001 4529 1145 4596 Ammon.

1471 4615 1615 4680 Tantum
1639 4633 1724 4679 nuno
1742 4616 1889 4681 breviter
1910 4616 2141 4700 perstringam,
2163 4635 2282 4700 nempe
2305 4636 2360 4680 vo·

446 4699 584 4782 Semper
605 4699 744 4764 verbum
767 4699 981 4784 repetendum
1003 4711 1070 4781 est,
1103 4700 1188 4784 quod
1211 4699 1333 4766 soilieet
1384 4701 1453 4767 nari
1485 4712 1649 4766 extremos
1682 4701 1809 4783 anguli,
1845 4700 1898 4766 vel
1927 4702 2120 4767 terminatos
2153 4703 2274 4785 angulo
2304 4703 2359 4784 qui

358 4788 509 4886 propinet
542 4786 699 4852 Ieremias
737 4787 870 4885 oalioem
905 4786 1058 4852 omnibus
1074 4788 1161 4887 ‘istis
1195 4784 1333 4884 populis.
1386 4787 1452 4886 lere
1473 4786 1631 4871 iuooguiti
1654 4785 1895 4886 erautnludaeis
1912 4797 2045 4872 propter
2067 4788 2213 4853 loeornm
2237 4787 2359 4886 dietam

358 4870 1084 5056 tutumstatuistis
1097 4873 1206 5024 itt
1237 4879 1333 5022 llll
1359 4900 1362 5036 l
1385 4879 1482 5023 tta
1504 4872 2062 5041 „liittffmntgllbituliilolt
2078 4872 2359 5056 tuditibus

357 5043 458 5108 etiam
480 5043 698 5110 Ammonitas.
742 5044 864 5127 Aliqua
892 5051 964 5109 erat
986 5045 1135 5126 eognatio
1158 5045 1245 5108 inter
1266 5051 1333 5107 tres
1358 5047 1362 5158 p
1386 5042 1464 5110 dioit
1484 5063 1587 5108 omnes
1608 5049 1760 5109 extremos
1781 5045 1911 5127 reputt,
1942 5045 2003 5111 boo
2034 5053 2084 5108 est
2113 5045 2168 5127 qui
2192 5045 2359 5108 terminati

358 5129 439 5193 istas
472 5139 604 5212 gentes,
638 5138 671 5196 et
700 5128 882 5195 Israelitas:
913 5128 987 5194 ideo
1016 5127 1147 5194 videtur
1175 5129 1335 5213 propheta
1387 5137 1464 5195 sunt
1485 5129 1610 5194 ultimis
1641 5130 1771 5196 finibus.
1817 5131 1913 5211 Quod
1942 5131 1985 5198 ud
2012 5130 2144 5209 Dedan,
2174 5135 2203 5194 et
2228 5129 2360 5212 Thema,

357 5213 505 5280 oonsulto
538 5215 636 5281 simul
668 5216 837 5299 copulasse
865 5224 932 5280 tres
963 5215 1042 5280 istos
1073 5215 1218 5297 populos.
1264 5212 1333 5278 Ad·
1386 5213 1510 5279 etBur
1530 5223 1666 5300 speetat,
1698 5217 1818 5282 seimus
1839 5217 1989 5301 regiones
2010 5216 2085 5281 illas
2108 5236 2226 5281 nomen
2249 5237 2361 5300 sump-

357 5299 475 5385 iungit,
1387 5300 1469 5366 sisse
1497 5322 1516 5365 a
1545 5303 1613 5366 suis
1642 5302 1820 5368 autoribus.
1865 5301 1948 5384 Quis
1978 5301 2077 5368 fuerit
2099 5300 2216 5366 Dedan
2247 5313 2361 5368 teneu-
