5158 6124
392 456 458 522 383
1199 453 1586 522 PRAEIAEOTIONES
2320 459 2376 526 384

392 643 490 712 simul
514 643 613 709 etiam
636 641 822 708 addendum
845 650 910 723 est,
940 640 1045 726 prime
1069 641 1169 708 fuisse
1192 647 1312 707 tractos
1330 642 1365 706 in
1504 642 1555 706 14.
1593 641 1655 723 Qut
1684 644 1776 727 dicit,
1804 644 1971 726 oedificabo
1997 643 2076 710 mibi
2101 646 2226 710 demum
2252 647 2375 728 eruptura

392 731 564 808 iudicium,
595 728 672 813 quis
700 749 766 793 non
799 736 927 794 tantum
950 728 1086 812 quisque
1108 729 1264 811 privatim
1286 727 1366 793 deli·
1417 726 1659 814 (mensurarum
1678 728 1719 793 ad
1744 728 1889 806 verbum,
1913 729 2113 796 subaudiunt
2135 728 2263 812 qnidam
2288 732 2376 798 inter·

392 821 526 902 querat,
556 813 613 881 sed
642 823 854 898 corruperant
887 814 1037 897 pessimis
1069 814 1227 896 exemplis
1261 823 1366 878 totum
1417 821 1535 897 protes,
1558 834 1770 899 magnarum:
1801 815 1857 880 sed
1880 815 1961 880 illud
1984 816 2139 900 trigidum
2162 825 2230 880 est:
2263 818 2375 902 simpli·

392 901 506 987 populi
535 908 672 967 statum:
702 898 835 979 deinde,
866 900 943 981 quia
972 909 1181 984 sumpserant
1208 899 1268 966 sibi
1291 900 1366 982 plus
1416 901 1497 966 citer
1529 900 1617 964 eninr
1653 899 1770 968 domus
1805 921 2035 967 mensurarum
2065 900 2255 966 tantundem
2290 904 2375 988 valet,

393 988 558 1066 licentiae,
595 1005 694 1069 quem
731 986 815 1051 nihil
855 992 1049 1052 metuerent.
1106 985 1236 1054 Scimus
1276 985 1365 1049 enim
1418 1006 1455 1052 ac
1488 983 1603 1051 domus
1635 987 1790 1069 spatiosa)
1824 993 1854 1052 et
1883 987 2048 1054 eoeuomete
2084 987 2299 1053 dilatationem
2328 989 2376 1073 (sd

393 1074 564 1158 tyrannice
585 1071 657 1137 ideo
679 1071 821 1156 grassari
845 1069 973 1153 divites,
1001 1071 1077 1153 quia
1099 1079 1177 1137 sunt
1198 1071 1291 1154 quasi
1314 1090 1365 1136 so·
1417 1071 1564 1151 verbum,
1589 1072 1640 1136 vel
1664 1072 1925 1155 respirationem,
1956 1081 2013 1137 ant
2035 1071 2278 1155 perflationum:
2309 1095 2378 1140 nam

392 1160 454 1225 luti
483 1159 619 1242 legibus.
669 1158 762 1223 Haeo
791 1157 895 1240 igitur
924 1156 1006 1221 ratio
1037 1165 1087 1222 est
1119 1177 1178 1224 eur
1208 1157 1367 1240 propheta
1417 1168 1473 1225 rot
1503 1157 1666 1240 significat
1696 1164 1764 1224 tam
1796 1159 1958 1242 respirare
1988 1178 2087 1242 quam
2117 1156 2267 1222 dilatare:
2299 1159 2376 1224 uude

391 1244 578 1329 specialiter
599 1242 652 1308 hio
674 1241 935 1308 maledictionem
958 1242 1027 1326 regi
1045 1251 1079 1307 et
1100 1242 1287 1326 proceribus
1310 1242 1366 1307 de·
1417 1241 1588 1308 deducitur
1610 1255 1675 1322 nrt,
1698 1245 1784 1327 qnod
1808 1245 1973 1328 signifieat
1993 1243 2155 1326 spiritum,
2178 1253 2211 1308 et
2231 1245 2377 1330 ventum),

392 1331 533 1396 nuntiet.
575 1329 665 1396 Dicit
687 1337 795 1393 summ
818 1329 904 1410 ipsos
920 1329 1102 1411 aedificasse
1123 1330 1254 1394 iniuste:
1276 1328 1367 1410 ponit
1417 1333 1446 1393 et
1461 1330 1606 1411 perforet
1628 1329 1691 1395 sibi
1710 1332 1876 1412 tenesmos:
1909 1335 1936 1394 et
1965 1334 2041 1396 tecte
2069 1330 2134 1413 (vel
2159 1330 2316 1415 cooperta)
2341 1335 2378 1394 est

390 1417 467 1484 Neu
500 1416 675 1493 iustitiam,
708 1423 741 1479 et
773 1414 849 1479 Non
882 1413 1038 1482 iudicium
1072 1435 1129 1498 pro
1162 1413 1365 1492 crudelitate,
1417 1415 1532 1480 domus
1551 1415 1649 1499 cedro,
1669 1421 1697 1480 et
1717 1421 1812 1484 uncto
1833 1415 1940 1481 minio.

391 1502 579 1579 insedibus,
617 1499 756 1583 rapinis:
797 1497 940 1582 denique
972 1501 1221 1583 comprehendit
1252 1519 1365 1564 omnes

391 1587 573 1672 iniquitatis
595 1585 718 1669 species
746 1585 807 1650 sub
836 1586 888 1650 his
910 1584 1054 1653 vocibus.
1100 1584 1243 1651 Additur
1272 1586 1365 1664 ratio,
1504 1585 1572 1650 Alii
1594 1592 1737 1660 vertunt.
1761 1597 1794 1652 et
1818 1587 1904 1669 picta
1926 1585 2088 1671 sinopide:
2111 1583 2169 1651 sed
2189 1586 2320 1650 minium
2336 1595 2379 1650 est

391 1675 470 1757 quia
492 1673 585 1739 abusi
608 1671 733 1736 luerint
753 1671 912 1754 proximis
934 1671 1012 1752 suis,
1034 1672 1096 1737 hoe
1114 1678 1173 1748 est,
1196 1671 1367 1756 exegerint
1417 1673 1542 1754 species
1574 1671 1740 1756 sinopidis.
1794 1672 1925 1738 Vocant
1957 1683 2066 1737 antem
2107 1669 2287 1754 sinopidem
2323 1692 2380 1735 non

390 1759 445 1826 vel
473 1759 673 1825 extorserint
701 1755 742 1821 ab
771 1755 837 1820 illis
865 1778 997 1839 operas,
1030 1766 1063 1823 et
1095 1778 1161 1822 non
1191 1757 1367 1822 retulerint
1417 1767 1539 1824 cretam
1566 1759 1690 1834 albam,
1722 1759 1779 1823 sed
1809 1758 1982 1824 rubricam.
2037 1757 2237 1841 Quanquam
2265 1767 2382 1840 ponunt

390 1845 494 1911 ullam
517 1843 710 1910 mercedem.
745 1842 811 1908 Hie
833 1842 963 1927 quidem
986 1843 1025 1908 de
1048 1862 1114 1907 una
1136 1851 1228 1925 parte
1250 1842 1366 1926 iniqui·
1418 1854 1485 1908 tres
1508 1843 1639 1925 species.
1673 1844 1736 1908 Est
1757 1844 1845 1910 eninr
1868 1845 1992 1927 sinopis
2014 1842 2205 1922 rubicunda,
2228 1852 2278 1908 est
2292 1843 2381 1919 fusca,

391 1931 469 1998 tatis
491 1929 622 1996 disserit
640 1927 815 2012 propheta:
839 1927 896 1994 sed
914 1928 990 1994 hine
1009 1929 1115 2011 potuit
1135 1928 1229 1993 facile
1245 1927 1366 2012 colligi,
1418 1930 1515 1994 tertio
1558 1938 1609 1994 est
1650 1929 1810 2012 quaedam
1855 1932 1961 1994 mixta
2003 1949 2045 1993 ex
2078 1930 2180 1994 variis
2216 1928 2379 1994 coloribus:

390 2037 488 2100 quam
512 2017 624 2099 inique
646 2025 680 2080 et
701 2015 857 2080 scelerate
877 2012 1033 2079 dominati
1053 2013 1192 2080 luissent
1214 2014 1269 2097 qui
1288 2021 1366 2080 tune
1419 2015 1556 2080 minium
1597 2027 1706 2080 autem
1740 2014 1880 2082 lusidius
1911 2024 1970 2082 est.
2033 2013 2203 2096 Quantum
2244 2013 2284 2078 ad
2321 2033 2383 2078 rem

390 2103 559 2186 pollebant
580 2100 734 2184 imperio,
757 2099 844 2183 qnod
867 2100 991 2166 scilicet
1012 2099 1227 2166 abuterentur
1256 2101 1366 2184 proxi·
1417 2103 1523 2186 ipsam
1546 2109 1682 2184 spectat,
1713 2122 1777 2166 non
1799 2112 1851 2166 est
1871 2101 2046 2185 ambiguus
2068 2100 2247 2184 prophetae
2268 2118 2383 2178 sensus,

390 2188 455 2254 mis
476 2188 544 2253 suis
566 2195 720 2270 tanquam
744 2185 916 2268 mancipiis
939 2185 979 2251 ad
1003 2185 1116 2251 domos
1138 2185 1365 2264 exstruendas,
1418 2188 1493 2271 quia
1526 2185 1738 2270 reprehendit
1769 2187 1803 2250 in
1837 2207 1914 2270 rege
1948 2185 2077 2251 Ioakim
2117 2186 2325 2251 ambitionem
2354 2199 2384 2247 et

391 2274 433 2340 ad
456 2272 656 2339 aedificanda
679 2271 808 2354 palatia,
831 2271 985 2354 quoniam
1003 2272 1167 2356 negabant
1182 2270 1365 2338 mercedem
1418 2273 1621 2355 snperbiam,
1652 2271 1739 2354 quod
1767 2271 1890 2338 seilicet
1918 2270 2143 2337 mediocritate
2166 2282 2296 2355 patrum
2317 2290 2384 2335 suo-

390 2358 521 2425 miseris
535 2356 734 2423 hominibus.
767 2356 861 2422 Nihil
876 2368 985 2422 antem
1001 2357 1163 2423 crudelius
1185 2364 1246 2437 est,
1267 2377 1367 2440 quam
1418 2379 1492 2424 rum
1525 2376 1592 2421 non
1622 2366 1794 2423 contentus
1827 2367 1995 2441 appeteret
2028 2357 2220 2423 immodicas
2253 2375 2385 2439 pompae,

392 2444 545 2510 fraudare
569 2444 687 2509 laboris
709 2444 759 2509 sul
782 2442 890 2508 trnotu
913 2443 1047 2508 miseros
1069 2443 1227 2522 homines,
1252 2442 1308 2526 qui
1331 2442 1366 2507 in
1418 2453 1451 2510 et
1474 2442 1713 2527 quodammodo
1736 2453 1918 2508 exstrueret
1937 2443 2000 2508 sibi
2015 2442 2049 2506 in
2068 2443 2211 2509 nubibus
2227 2442 2384 2526 palatium,

392 2531 479 2596 diem
503 2530 657 2596 victitant
678 2550 720 2595 ex
742 2549 802 2594 sue
824 2527 947 2608 labere,
971 2526 1243 2611 quomadmodum
1266 2529 1366 2594 etiam
1418 2529 1514 2613 qnasi
1537 2530 1603 2594 iam
1625 2548 1691 2592 non
1714 2528 1850 2608 haberet
1870 2528 2070 2594 domicilium
2093 2529 2242 2594 interra.
2277 2526 2386 2611 Splen-

391 2619 427 2682 in
448 2616 522 2700 lege
537 2615 748 2699 praecipitur,
772 2635 813 2678 ns
829 2633 952 2679 merces
967 2615 1105 2697 operarii
1122 2613 1262 2679 dormiat
1279 2612 1366 2695 apud
1419 2615 1533 2681 dorin
1564 2613 1720 2680 aedificiis
1750 2636 1809 2698 per
1835 2636 1870 2680 se
1900 2634 1968 2679 non
1998 2623 2105 2697 petest
2137 2614 2305 2693 damnari,
2336 2609 2385 2677 sed

390 2723 468 2768 nos:
503 2701 637 2784 perinde
670 2701 758 2765 enim
791 2710 841 2764 est
870 2720 907 2766 ac
938 2701 965 2766 si
999 2700 1237 2784 iugularentur.
1290 2699 1367 2764 Huc
1419 2701 1496 2785 quia
1517 2701 1589 2765 fieri
1612 2701 1668 2764 vix
1691 2709 1813 2783 potest,
1842 2702 1907 2765 imo
1928 2701 1997 2765 fere
2026 2721 2192 2784 nunqnam
2226 2700 2385 2782 contingit,

392 2788 491 2853 etiam
515 2786 640 2853 accedit
662 2786 765 2850 altera
787 2785 980 2869 indignitas:
1008 2786 1035 2850 si
1063 2784 1147 2849 latro
1168 2785 1367 2870 iugulaverit
1419 2788 1499 2870 quin
1520 2784 1681 2869 cupiditas
1700 2785 1757 2849 illa
1779 2785 1987 2870 inexplebilis
2005 2795 2160 2852 nascatur
2175 2808 2220 2851 ex
2235 2783 2387 2868 snperbia,

391 2873 557 2939 hominem
581 2873 802 2955 incognitum,
832 2871 903 2936 vult
931 2871 1030 2954 potiri
1058 2870 1195 2953 praeda:
1226 2870 1283 2937 scd
1312 2870 1368 2954 qui
1420 2873 1498 2938 hine
1520 2872 1558 2936 fit
1579 2879 1617 2935 ut
1637 2871 1816 2954 prophetae
1834 2871 2062 2937 vehementius
2078 2872 2267 2938 exclament
2284 2879 2388 2935 eontra

391 2958 537 3025 laborem
560 2957 697 3024 extorsit
719 2957 759 3022 ab
782 2957 916 3022 homine
938 2958 1068 3037 misero,
1092 2967 1125 3021 st
1143 2958 1242 3040 suxit,
1266 2965 1303 3021 nt
1321 2958 1369 3022 ita
1421 2966 1631 3040 sumptuosas
1652 2956 1776 3038 demes,
1798 2966 1831 3022 et
1853 2957 2050 3022 maledicant
2072 2958 2199 3041 pompis
2224 2957 2297 3034 illis,
2320 2953 2388 3038 quia

394 3046 520 3127 loquar,
542 3044 612 3108 eius
634 3043 838 3126 sanguinem,
862 3042 939 3106 duim
955 3053 1070 3126 postea
1086 3042 1244 3108 amandat
1260 3043 1369 3126 ipsum
1420 3043 1599 3127 respiciunt
1631 3043 1791 3126 originem
1825 3055 1858 3107 et
1890 3044 1989 3108 finem
2022 3043 2140 3125 ipsum.
2185 3043 2268 3108 rate
2300 3041 2389 3106 etiam

393 3129 517 3196 nudum
540 3137 573 3192 et
595 3147 751 3212 egenum,
782 3127 844 3192 hoe
876 3129 1017 3194 atrocius
1038 3136 1103 3206 est,
1133 3130 1282 3212 quamsi
1304 3129 1371 3194 vio·
1421 3128 1591 3196 consilinm
1614 3128 1793 3211 prophetae
1814 3128 1875 3193 luit
1898 3127 2069 3195 hocloco:
2102 3136 2136 3193 et
2167 3127 2243 3194 ideo
2273 3124 2388 3191 inducit

393 3214 499 3280 lenter
526 3214 725 3279 interficeret
752 3212 918 3277 hominem
947 3213 1159 3298 incognitum.
1205 3210 1369 3280 Tenemus
1421 3235 1532 3300 regem
1555 3213 1693 3279 Ioalsim.
1741 3212 1804 3294 Qui
1831 3213 1922 3294 dicit,
1955 3214 2134 3296 Aedifioobe
2163 3213 2246 3279 mitt
2274 3213 2390 3280 emes

395 3320 473 3384 ergo
496 3319 585 3363 nune
608 3296 779 3363 consillum
803 3297 991 3380 prophetae.
1030 3297 1096 3364 Sed
1126 3299 1202 3382 qnia
1232 3300 1369 3365 eandem
1421 3302 1577 3382 emptam,
1617 3305 1646 3364 et
1678 3300 1843 3366 mauseolo
1872 3301 2126 3382 respirationem.
2179 3297 2278 3365 Istud
2311 3296 2389 3362 enim

394 3385 575 3452 doctrinam
600 3383 707 3448 adhuc
729 3382 910 3462 continuat,
933 3381 1081 3448 differam
1104 3383 1139 3448 in
1162 3385 1351 3450 crastinum.
1420 3387 1522 3452 diem
1564 3384 1713 3469 designat
1756 3383 1890 3450 stultam
1935 3385 2024 3450 illem
2066 3384 2297 3469 cupiditatem,
2336 3401 2393 3466 qua

1421 3472 1547 3537 Ioakim
1570 3471 1680 3534 fuerat
1701 3470 1771 3535 fere
1792 3470 1981 3549 inebriatus,
2003 3482 2042 3536 ut
2064 3491 2124 3554 pro
2143 3471 2249 3536 nihilo
2265 3469 2392 3535 duceret

481 3558 653 3623 Postrema
675 3553 814 3620 lectione
835 3553 1002 3636 coepimus
1024 3574 1187 3637 exponere
1217 3556 1370 3639 obiurga·
1443 3555 1578 3640 uidqnid
1618 3561 1694 3621 ante
1733 3557 1840 3622 tuerat
1878 3558 2090 3638 conspicuum
2133 3557 2168 3621 in
2208 3553 2393 3622 Ierusalem.

395 3645 518 3710 tionem
554 3661 618 3725 qna
651 3661 730 3706 usus
770 3650 818 3704 est
859 3640 1020 3722 propheta
1060 3640 1218 3706 adversus
1257 3661 1371 3724 regem
1422 3579 1555 3708 {cimus
1577 3641 1700 3723 palatia
1721 3641 1822 3707 fuisse
1842 3641 1909 3706 illis
1932 3643 2012 3708 setis
2040 3651 2249 3725 sumptuosa:
2285 3636 2393 3706 deinde

394 3730 535 3809 Ioakim,
566 3726 651 3811 quod
681 3725 806 3791 seilicet
828 3727 964 3790 miseros
987 3725 1135 3792 homines
1159 3736 1302 3806 vexaret,
1333 3747 1370 3792 ao
1422 3729 1542 3793 seimus
1576 3746 1675 3808 qnam
1708 3726 1877 3810 splendide
1911 3749 1969 3792 rex
2001 3726 2152 3793 Iehndah
2190 3724 2394 3792 habitaverit

394 3814 507 3880 multis
530 3811 686 3878 molestiis
709 3813 915 3895 opprimeret.
950 3809 1035 3874 Nam
1059 3833 1159 3894 quum
1182 3812 1229 3877 illi
1253 3833 1311 3894 pro
1335 3834 1370 3878 o·
1423 3814 1496 3878 Etsi
1525 3812 1613 3878 enim
1637 3809 1821 3878 Solomonis
1854 3811 1977 3896 palatia
2009 3833 2074 3878 uon
2106 3814 2242 3878 stabant
2275 3813 2310 3877 in
2343 3827 2397 3874 sne

395 3901 494 3968 sitnm
517 3907 601 3964 esset
629 3905 798 3964 exstruere
828 3895 999 3980 splendida
1027 3898 1190 3978 aedificia,
1219 3834 1371 3982 adigebat
1423 3898 1621 3983 integritate,
1644 3897 1729 3982 qnod
1752 3910 1862 3964 tamen
1884 3898 2052 3964 residuum
2075 3908 2147 3963 erat
2163 3897 2296 3963 abunde
2311 3895 2396 3962 sulfi-

396 3987 524 4071 plebem
547 3983 588 4048 ad
611 3983 746 4050 serviles
769 4002 893 4066 operas.
938 3982 1012 4048 Hoc
1034 3983 1136 4066 igitur
1164 3983 1282 4049 vitium
1313 4005 1371 4048 no·
1423 4006 1497 4052 esre
1529 3993 1658 4066 poterat
1690 3983 1816 4049 homini
1849 4005 1915 4050 non
1949 3984 1995 4048 ita
2036 3984 2185 4067 superbo.
2244 3983 2397 4066 Sequitur

396 4074 481 4137 tavit
514 4067 674 4153 propheta
706 4089 805 4152 quum
840 4067 976 4145 diceret,
1015 4067 1103 4133 Herse
1134 4072 1190 4150 qui
1228 4069 1372 4152 aedificet
1423 4091 1502 4154 ergo
1524 4071 1559 4135 in
1582 4069 1709 4135 Ioakim
1732 4088 1886 4153 regnasse
1904 4068 2080 4149 luxuriam,
2102 4090 2202 4152 quum
2220 4070 2398 4151 despiceret

397 4159 522 4224 domum
542 4174 634 4220 suom
652 4154 777 4237 iniuste,
800 4153 1005 4220 decenaeutu
1018 4173 1079 4220 eeu
1090 4174 1150 4236 per
1164 4155 1371 4236 iniquitatem,
1423 4155 1580 4239 palatium
1603 4154 1683 4220 illud
1705 4157 1850 4238 regium,
1882 4165 1915 4219 et
1936 4154 2094 4239 quidquid
2117 4154 2225 4221 adhue
2249 4152 2399 4219 manebat

397 4243 433 4307 in
455 4240 666 4318 noniudicio‚
689 4239 894 4306 adverbum.
930 4239 1117 4320 Caeterum,
1135 4241 1211 4322 qnia
1233 4241 1372 4307 obiicere
1422 4245 1657 4324 postmortem
1681 4239 1874 4306 Solomonis.
1919 4241 2006 4306 Nam
2028 4242 2148 4306 scimus
2171 4240 2285 4306 Deum
2308 4239 2399 4303 bene·

398 4337 526 4413 poterat
547 4326 675 4390 Ioalxim
698 4326 759 4390 sibi
782 4325 843 4390 hoc
860 4325 966 4404 lioore,
989 4324 1260 4408 quemadmodum
1279 4346 1373 4409 reges
1424 4324 1547 4391 dixisse
1569 4335 1603 4390 et
1625 4326 1785 4392 Ezechiae
1808 4327 1887 4412 regi,
1916 4336 1949 4392 et
1969 4326 2084 4404 Iosias,
2114 4335 2147 4391 et
2168 4326 2253 4393 aliis.
2300 4319 2400 4404 Atqui

398 4413 589 4480 existimant
611 4430 671 4477 sna
692 4431 790 4476 causa
811 4423 955 4478 creatum
979 4433 1049 4477 esse
1071 4419 1176 4475 tetum
1193 4412 1371 4476 mundum:
1424 4431 1495 4476 sese
1518 4411 1749 4476 continuerant
1770 4411 1819 4475 illi
1843 4414 1930 4477 intra
1952 4423 2067 4477 metes.
2101 4410 2213 4494 Quum
2233 4432 2315 4496 ergo
2340 4407 2400 4472 tato

398 4509 532 4566 revocat
552 4497 661 4580 ipsum
685 4497 725 4561 ad
749 4498 800 4561 ins
822 4517 1003 4574 commune,
1026 4496 1110 4580 quod
1134 4505 1243 4562 essent
1262 4507 1373 4561 tamen
1424 4495 1590 4563 fastidium
1620 4496 1790 4578 obreperet
1820 4498 1930 4563 animo
1961 4497 2107 4574 Ioehim,
2142 4497 2221 4564 hino
2256 4500 2400 4580 apparet,

401 4588 471 4653 eius
509 4583 685 4666 propinqui
724 4603 838 4647 omnes
875 4583 1059 4648 Israelitae:
1106 4582 1198 4664 quasi
1240 4580 1372 4660 diceret,
1424 4581 1589 4650 hominem
1611 4602 1682 4648 esse
1703 4582 1855 4648 inflatum
1880 4605 1964 4649 rana
1985 4582 2154 4666 superbia:
2187 4584 2256 4648 imo
2280 4577 2401 4649 stolidi·

400 4669 562 4754 Quamvis
583 4666 724 4733 excellas
745 4667 860 4752 gradu,
890 4677 1001 4733 tamen
1023 4672 1060 4733 tn
1083 4688 1168 4732 nnrrs
1190 4689 1232 4732 ex
1254 4687 1373 4751 genere
1424 4676 1492 4733 tate
1522 4668 1629 4749 potius
1658 4667 1757 4733 luisse
1786 4670 1921 4734 ebrium.
1965 4669 2058 4735 Haec
2086 4671 2188 4755 igitur
2222 4669 2310 4734 ratio
2345 4675 2402 4744 est,

400 4758 570 4836 Abrahae,
610 4762 643 4818 et
684 4765 835 4836 sumptus
867 4777 884 4818 e
916 4753 1024 4820 medio
1062 4755 1198 4818 fratrum
1232 4763 1372 4818 tuorum.
1425 4773 1485 4818 cnr
1518 4754 1666 4836 asperius
1699 4775 1787 4820 nnnc
1820 4775 1894 4819 eum
1928 4755 2067 4838 emtiget
2098 4755 2272 4839 propheta.
2317 4749 2403 4819 Dtcr't

400 4843 475 4910 Non
497 4851 548 4908 est
569 4840 671 4923 igitur
692 4839 778 4921 qnod
803 4839 861 4905 tibi
888 4860 1027 4922 usurpes
1054 4851 1182 4904 tantum
1212 4839 1372 4918 licentiae,
1425 4839 1544 4923 igitur,
1577 4839 1753 4920 Aeditieebo
1774 4839 1853 4905 mibi
1882 4839 2008 4907 manum
2037 4842 2193 4924 ameum,
2227 4834 2401 4912 monetale

400 4929 492 5012 qnasi
514 4927 570 4992 isti
592 4923 725 4990 obnoxii
754 4924 813 4989 tibi
842 4925 959 4990 forent.
1003 4925 1093 5008 Ergo
1122 4938 1271 4991 tenemus
1298 4945 1373 5008 pro·
1424 4925 1472 4990 oet
1491 4925 1742 5006 respirationem,
1765 4924 1818 4990 vel
1833 4927 2071 5008 perflationem.
2106 4927 2226 4992 Postea
2241 4920 2402 5007 adiungit,

400 5013 518 5098 phetae
539 5009 729 5092 eonsilium,
758 5009 813 5075 nbi
837 5010 969 5075 damnat
991 5010 1218 5076 crudelitatem
1240 5011 1274 5075 in
1298 5032 1375 5096 rege
1426 5009 1470 5074 Et
1497 5009 1635 5093 perfodit
1666 5009 1729 5075 sibi
1759 5010 1920 5092 [carebas.
1977 5012 2063 5077 Nam
2097 5013 2179 5079 haee
2219 5019 2295 5077 erat
2330 5027 2402 5092 pars

400 5099 545 5176 Ioslsim,
575 5097 630 5180 qui
652 5117 713 5180 pro
736 5118 795 5161 sua
817 5094 950 5162 libidine
973 5097 1145 5181 magnifica
1174 5097 1295 5179 palatia
1316 5119 1373 5162 ex·
1426 5096 1585 5171 luxuriae,
1608 5115 1707 5178 quum
1730 5107 1907 5180 coeperunt
1929 5099 2079 5163 homines
2102 5096 2253 5163 diffluere
2277 5097 2311 5161 in
2329 5111 2403 5161 snae
2533 5141 2534 5152 ,

401 5193 529 5250 struere
562 5182 673 5248 volens
707 5182 828 5248 abusus
869 5181 968 5247 fuerit
1009 5183 1126 5247 misero
1166 5182 1302 5265 populo,
1341 5190 1375 5247 et
1426 5180 1579 5247 lautitias.
1615 5183 1808 5264 Antiquitas
1830 5189 1926 5248 erant
1948 5182 2111 5249 fenestrae
2134 5185 2284 5268 exiguae.
2320 5180 2403 5245 Nam

398 5269 574 5336 extorserit
595 5266 668 5351 plns
691 5289 787 5352 quam
810 5268 858 5335 las
881 5278 960 5334 erat.
1006 5267 1100 5333 Nunc
1122 5271 1278 5351 sequitur,
1427 5274 1555 5331 tantum
1579 5275 1744 5350 spectatus
1766 5267 1827 5332 fuit
1848 5290 1929 5335 usus
1951 5269 1992 5334 ab
2013 5269 2200 5335 hominibus
2218 5268 2328 5354 frugi:
2350 5259 2405 5331 sed

1427 5349 1539 5435 postea
1561 5353 1685 5420 invasit
1706 5355 1798 5438 quasi
1817 5353 1906 5419 luror
1923 5355 2056 5439 quidam
2072 5356 2249 5422 multorum
2267 5364 2404 5426 mentes,
