5038 6118
164 428 226 494 125
892 431 942 496 IN
964 432 1214 500 IEREMIAM.
1260 431 1359 500 OAP.
1382 433 1444 500 XI.
2105 435 2168 500 126

163 637 225 697 eor,
248 616 373 683 videam
392 615 542 682 munem
559 621 647 682 teum
664 617 702 683 de
719 617 816 699 ipsis:
838 619 917 699 quia
933 619 990 686 tibi
1006 621 1142 686 revelavi
1194 620 1368 706 Signifioat
1390 620 1531 704 deniquo
1554 639 1619 684 non
1641 639 1736 702 posse
1757 622 1935 687 oonsistare
1953 620 2042 704 ipsos
2060 643 2168 690 eoram
2303 616 2307 620 ’

164 721 293 768 caraem
314 721 415 768 meam
438 701 542 787 (litem
566 722 684 782 meam,
707 705 747 768 ad
771 703 930 790 verbum).
1193 707 1314 772 iudioio
1336 705 1409 770 Dei.
1454 704 1526 771 Iam
1548 704 1711 788 adiungit,
1741 703 1847 772 Deum
1867 707 2006 773 areae
2026 726 2114 774 reuse
2141 717 2169 777 et

1193 811 1253 871 cer,
1284 811 1350 855 non
1382 801 1509 855 mntem
1534 801 1571 856 ut
1593 797 1732 856 testetur
1754 790 1794 855 de
1816 812 1877 857 sue
1899 792 2003 875 ipsius
2032 793 2166 880 iutegri-

248 874 314 974 llia
332 872 494 973 prqphata
516 882 686 972 postquem
706 873 892 940 admonitus
909 874 971 940 luit
992 875 1032 942 de
1050 885 1141 942 tauta
1194 885 1271 954 teto,
1299 875 1572 976 quem-admodum
1601 875 1657 940 alii
1679 876 1812 976 volunt:
1841 877 1898 944 aad
1921 887 1959 942 ut
1982 877 2168 978 hypopritas

163 958 290 1120 tttt,
305 958 1142 1128 tttttt{ttttutttttt‘bttttt
1192 960 1831 1128 littttttttdttttttt
1856 973 2168 1116 tibitibi

164 1129 312 1213 laborat,
334 1130 453 1213 iuquit,
475 1131 675 1212 mortitam,
701 1131 758 1212 qui
778 1130 875 1196 iudea
895 1149 929 1196 aa
949 1132 1062 1215 iustae,
1085 1132 1141 1214 qui
1193 1133 1248 1198 ubi
1271 1141 1408 1197 ventum
1437 1133 1534 1198 luerit
1557 1131 1597 1197 ad
1620 1132 1765 1208 tribunal
1791 1133 1938 1213 eoeleste,
1969 1143 2048 1199 tuno
2070 1133 2168 1200 aliam

162 1215 321 1282 eaeterie
348 1235 439 1282 reare
468 1220 496 1280 et
524 1215 626 1293 eada,
659 1216 783 1281 videam
815 1215 961 1282 abiman
989 1223 1076 1282 tuom
1104 1218 1141 1284 ele
1193 1216 1262 1282 iore
1290 1217 1470 1282 rationem:
1504 1217 1582 1299 quie
1610 1218 1735 1284 soilioot
1755 1218 1846 1286 Deae
1871 1220 1991 1302 proba,
2024 1231 2084 1285 aut
2110 1241 2167 1286 sx-

163 1303 255 1385 ipris.
285 1300 427 1364 Videtur
447 1299 502 1367 hio
521 1301 680 1382 propheta
701 1321 813 1366 seeum
836 1321 993 1385 pugnare.
1027 1303 1141 1384 Nuper
1192 1303 1316 1370 eminet
1338 1299 1429 1387 (uam
1447 1303 1509 1370 hoo
1528 1304 1692 1387 signifieat
1709 1305 1848 1370 verbum
1870 1303 1938 1403 pta)
1960 1309 2167 1387 reaeeeteer,

164 1388 251 1452 euim
274 1386 417 1452 asseruit
436 1407 471 1451 sa
489 1405 561 1452 asse
579 1385 718 1450 similem
738 1407 825 1469 agno
841 1396 898 1452 aut
913 1387 1026 1465 vitulo,
1047 1389 1139 1470 quasi
1193 1388 1254 1454 hoo
1275 1397 1333 1467 est,
1355 1388 1490 1456 intimos
1512 1389 1659 1456 effaetus.
1700 1389 1785 1454 Nam
1808 1391 1971 1474 seriptura
1992 1411 2051 1472 per
2073 1411 2168 1456 renas

163 1475 265 1539 vitam
288 1490 383 1538 suem
405 1471 541 1537 offerret
562 1471 596 1536 in
619 1472 815 1536 saorifioium
845 1483 1073 1554 spontaneum,
1103 1483 1141 1538 ut
1192 1472 1347 1557 intelligit
1377 1495 1491 1540 omnes
1521 1474 1725 1542 ebsounditos
1753 1475 1899 1540 effaetus.
1944 1473 2048 1552 Dioit,
2083 1475 2168 1557 Quia

163 1559 352 1642 loquuntur.
395 1556 462 1623 Hie
489 1563 610 1634 autem,
639 1557 732 1638 quasi
754 1567 889 1640 repente
914 1558 1139 1636 oxoeudesoet,
1193 1559 1250 1624 tibi
1274 1559 1407 1642 patefeci
1427 1559 1582 1628 iuditium
1604 1579 1717 1626 mum.
1761 1559 1835 1624 Non
1858 1558 1992 1625 dubium
2015 1569 2066 1626 est
2088 1561 2167 1642 quin

162 1643 315 1726 implorat
338 1641 518 1708 vindiatam
536 1640 610 1707 Dei.
655 1641 748 1706 Haeo
769 1652 858 1707 oarte
879 1643 1037 1709 videntur
1058 1643 1140 1709 mul·
1193 1645 1355 1727 prophete
1384 1645 1438 1712 hio
1466 1651 1620 1728 provooat
1649 1645 1689 1710 ad
1718 1644 1873 1710 iudioium
1897 1643 1980 1709 Dei:
2013 1647 2166 1729 quoniam

162 1739 235 1794 tum
258 1749 328 1794 asse
351 1727 491 1794 diversa.
535 1727 620 1792 Nem
644 1728 673 1792 si
695 1735 767 1793 erat
788 1729 882 1809 quasi
907 1731 1049 1807 viotima,
1082 1748 1141 1794 our
1193 1729 1284 1795 vidot
1320 1751 1355 1795 se
1391 1729 1525 1797 destitui
1562 1731 1710 1796 omnium
1746 1731 1941 1812 patrooinio,
1978 1731 2066 1795 videt
2103 1730 2167 1796 sibi

162 1837 228 1880 uon
253 1812 380 1898 plaeide
408 1822 578 1896 exspectat
606 1815 787 1878 ovantum?
815 1834 875 1879 our
898 1825 991 1879 teuto
1014 1816 1141 1880 fervore
1193 1835 1307 1880 omnes
1336 1836 1406 1882 essa
1436 1816 1600 1884 adversos.
1644 1817 1746 1882 Peuoi
1776 1815 1908 1898 quidem
1939 1825 2018 1883 tuno
2047 1816 2091 1899 pii
2115 1837 2165 1882 re·

162 1899 376 1966 eooenditur?
398 1919 457 1963 our
479 1899 526 1964 ita
546 1899 746 1980 imprecatur
766 1899 833 1965 illis
850 1898 915 1965 Dei
939 1899 1139 1965 viudiotem'l
1193 1902 1333 1977 stabant,
1356 1901 1626 1985 quemadmodum
1651 1901 1727 1966 alibi
1751 1899 1908 1967 vidimus:
1939 1903 1995 1968 sad
2018 1901 2071 1966 hio
2092 1922 2166 1984 pre·

161 1984 229 2052 Sed
252 1985 333 2050 heeo
353 1985 476 2067 optime
505 1985 591 2049 inter
613 2003 649 2050 se
670 1985 885 2068 conveniunt,
915 1986 943 2049 si
967 1985 1140 2070 distingui·
1192 1985 1291 2069 pheta
1315 1987 1457 2069 loquitur
1479 1997 1627 2070 respectu
1649 1986 1876 2052 multitudiuis.
1920 1987 2084 2067 Quoniam
2107 1988 2166 2069 igi-

162 2092 237 2137 mus
255 2071 344 2134 inter
364 2071 532 2153 privatum
556 2070 721 2148 adsutum,
743 2075 777 2133 et
794 2071 882 2134 inter
898 2071 1004 2136 uelum
1024 2091 1140 2152 purum
1192 2072 1303 2136 turin
1327 2073 1446 2156 pupulo
1468 2093 1565 2139 nemo
1588 2079 1668 2137 tuno
1689 2072 1849 2152 exstabat,
1877 2073 1932 2155 qui
1964 2093 2030 2136 nou
2055 2073 2164 2154 palam

163 2167 197 2223 et
218 2167 306 2222 reate
328 2155 555 2238 compositum,
577 2176 642 2238 quo
663 2175 731 2219 non
752 2157 861 2237 potuit
882 2157 1009 2222 turbari
1032 2157 1141 2222 mode·
1192 2157 1360 2222 resisteret
1388 2155 1469 2236 Deo,
1502 2158 1550 2222 ita
1580 2167 1616 2221 ut
1645 2157 1756 2222 nullus
1788 2166 1874 2223 esset
1904 2178 1942 2222 aa
1966 2157 2079 2223 uitatis
2108 2168 2166 2222 eut

162 2244 247 2308 ratio
265 2240 441 2307 doetrinae.
472 2241 557 2306 Nam
576 2241 727 2322 quemvis
746 2241 1027 2322 prophetavimus
1047 2262 1139 2307 suam
1191 2242 1337 2307 iustitiae
1382 2253 1525 2319 atrones,
1550 2243 1623 2308 ideo
1644 2244 1805 2309 convertit
1823 2264 1859 2308 so
1877 2241 1918 2308 ed
1971 2263 2061 2306 oum:
2084 2242 2165 2325 Epo,

162 2327 355 2412 negligeret,
390 2346 496 2408 neque
522 2334 710 2392 moveretur
731 2327 871 2408 privatis
900 2327 1039 2404 iniuriis,
1072 2349 1140 2394 non
1192 2328 1310 2411 inquit,
1335 2329 1360 2392 ι’
1385 2329 1544 2410 'patafeei
1564 2348 1694 2395 oausam
1714 2348 1824 2413 meum,
1847 2329 1908 2396 hoo
1931 2337 1990 2408 est,
2013 2326 2164 2406 Domine,

162 2423 273 2479 tamen
297 2412 369 2478 ideo
391 2413 454 2476 fuit
476 2412 568 2495 quasi
590 2411 707 2493 stipes:
729 2409 787 2478 aad
806 2411 896 2478 aelus
910 2411 976 2478 Dsi
995 2433 1051 2479 oor
1068 2413 1139 2479 eius
1192 2424 1229 2477 tu
1252 2415 1314 2479 sois
1336 2412 1443 2496 qualis
1464 2414 1508 2478 sit
1529 2435 1627 2480 oause
1649 2434 1731 2492 mee,
1758 2424 1790 2478 at
1813 2435 1880 2480 non
1902 2434 1965 2498 ago
1986 2413 2165 2496 quidquem

163 2498 290 2582 edebat,
312 2496 584 2582 quemadmodum
607 2497 730 2562 seimus
751 2495 814 2563 hoo
836 2499 1053 2566 eommuuiter
1075 2498 1138 2564 dio·
1192 2499 1353 2564 simulate.
1393 2498 1466 2582 Ego
1489 2499 1577 2564 enim
1600 2499 1660 2564 tibi
1681 2499 1822 2565 fideliter
1843 2508 1940 2566 etex
1962 2499 2073 2564 animo
2095 2517 2163 2562 sar-

162 2593 233 2648 tum
256 2603 328 2649 esse
350 2585 391 2648 de
411 2583 562 2649 omnibus
585 2582 712 2649 Christi
746 2582 919 2648 membris:
952 2583 1052 2651 Zelus
1082 2584 1138 2649 do·
1193 2585 1254 2663 vio,
1288 2582 1562 2668 quemadmodum
1596 2593 1633 2650 ιιι
1662 2585 1739 2650 sois:
1774 2605 1876 2668 quum
1907 2587 1954 2650 ita
1983 2585 2043 2662 sit,
2076 2583 2165 2666 Erpa

162 2689 237 2734 mus
258 2676 335 2734 tuae
357 2668 498 2734 eomedit
521 2689 583 2746 me,
613 2675 647 2733 et
669 2668 844 2750 opprobria
869 2668 1138 2752 exprobrantium
1190 2669 1314 2734 videaris
1344 2669 1515 2734 vindidam
1547 2674 1634 2734 tama
1660 2671 1699 2736 de
1725 2671 1815 2754 ipsis.
1859 2671 2026 2736 Dooemur
2055 2679 2164 2734 autem

163 2755 224 2820 tibi
246 2753 434 2820 osoidsrunt
454 2773 554 2837 super
576 2774 629 2820 ma
651 2753 751 2838 (Psal.
767 2754 819 2831 69,
837 2755 895 2834 103
917 2754 1010 2822 Ioau.
1026 2755 1056 2834 2,
1075 2755 1138 2841 lt).
1191 2756 1253 2821 hoo
1274 2755 1354 2834 loeo,
1388 2753 1486 2819 etiam
1510 2756 1536 2819 si
1560 2757 1727 2837 oouspiret
1754 2764 1844 2822 totus
1872 2755 2015 2822 mundus
2045 2753 2086 2820 ad
2107 2775 2164 2836 op·

162 2840 329 2921 Propheta
350 2840 452 2924 igitur
473 2840 613 2906 antehae
635 2859 654 2904 a
676 2861 712 2906 se
735 2841 860 2922 depulit
880 2861 1012 2908 omnem
1034 2843 1139 2925 suspi-
1191 2838 1393 2923 primendam
1417 2840 1566 2905 veritatis
1589 2840 1703 2918 luoem,
1730 2859 1797 2904 non
1820 2840 1938 2906 debers
1960 2851 2070 2906 temen
2094 2839 2164 2904 ani·

163 2928 300 3006 aionem,
330 2945 431 3007 quum
462 2923 586 2992 diosrst
607 2946 643 2990 aa
665 2924 706 2990 ad
728 2930 956 2992 maotationsm
988 2947 1060 2992 esso
1080 2947 1138 3010 pa·
1191 2926 1255 2992 mis
1287 2925 1395 3008 frangi
1428 2925 1605 3008 prophetas
1639 2934 1696 2988 aut
1728 2926 1893 2990 dootores:
1926 2945 2032 3024 noque
2065 2925 2163 2989 etiam

162 3021 282 3092 retum,
304 3030 343 3078 aa
364 3011 392 3076 si
414 3017 501 3076 asset
523 3031 640 3094 agnus,
662 3019 721 3076 aut
743 3011 884 3078 vitulus:
916 3031 1005 3078 nuno
1027 3020 1138 3078 autem
1191 3011 1308 3076 debera
1326 3009 1368 3076 ab
1385 3010 1554 3075 hominum
1574 3009 1694 3075 iudioio
1716 3008 1867 3093 pendere,
1890 3030 2045 3091 quoniam
2062 3009 2164 3074 fallax

162 3097 322 3177 ostendit,
356 3115 391 3162 sa
419 3104 531 3161 temsu
560 3116 628 3161 non
657 3116 778 3174 oerore,
811 3106 869 3162 aut
899 3117 1039 3162 vanuum
1068 3118 1139 3163 osso
1191 3108 1226 3162 et
1242 3095 1326 3162 falsa
1346 3104 1433 3162 esset
1455 3097 1594 3162 trutina:
1617 3095 1675 3161 sed
1694 3095 1811 3161 debere
1831 3104 1978 3178 perstare
1995 3096 2028 3159 in
2048 3095 2164 3174 olfioio,

162 3182 231 3247 uelo
249 3181 325 3247 Dei.
364 3182 455 3266 Ergo
477 3182 532 3247 hio
553 3183 676 3247 evomit
698 3201 822 3246 novum
845 3182 1016 3258 fervorem,
1038 3203 1139 3265 quum
1190 3191 1223 3247 ot
1249 3182 1312 3247 hoo
1339 3201 1405 3248 uuo
1434 3190 1603 3248 eontentos
1634 3201 1704 3246 essa
1733 3180 1761 3246 si
1789 3181 1862 3246 Deo
1894 3181 2036 3245 offioium
2069 3199 2163 3246 suum

162 3269 249 3345 dioit,
283 3267 335 3332 Pu
357 3265 502 3346 Ietooeli,
530 3268 587 3348 qui
614 3267 770 3332 tartaria
797 3267 895 3333 eorda
916 3271 944 3331 a
963 3285 1063 3351 reare,
1093 3267 1138 3333 ei·
1191 3265 1346 3351 probent,
1375 3276 1408 3333 et
1429 3269 1521 3350 quasi
1550 3267 1612 3332 sub
1642 3265 1713 3333 aius
1741 3273 1917 3349 eonspeotu
1947 3275 2162 3348 exsequantur

162 3353 252 3419 ἀιαιιι
271 3352 423 3418 ulamau
443 3356 532 3416 taem
553 3353 592 3418 de
613 3353 704 3437 ipsis.
741 3350 811 3417 Neo
833 3349 969 3416 dubium
992 3362 1042 3418 est
1059 3354 1139 3436 quin
1192 3373 1312 3418 munus
1344 3353 1406 3419 sibi
1438 3353 1634 3418 iniunotum.
1689 3352 1824 3417 Interea
1859 3353 1957 3415 otiam
1990 3349 2163 3430 diseamus,

161 3438 322 3521 prophete
355 3437 408 3502 hio
438 3437 566 3502 solutus
594 3440 684 3502 omui
716 3436 825 3502 uernis
858 3437 978 3503 affeetu
1008 3445 1139 3503 tentum
1191 3439 1313 3504 trustra
1344 3438 1554 3522 tergiversari
1587 3457 1701 3504 omues
1733 3437 1867 3520 impios,
1901 3444 1934 3502 et
1967 3435 2163 3520 hypooritas,

162 3525 322 3589 iustiuetu
344 3523 481 3607 spiritus
510 3523 702 3605 pronuntiet
723 3521 810 3604 quod
832 3521 980 3606 legimus,
1027 3522 1139 3604 Quum
1191 3524 1271 3589 dum
1293 3521 1430 3589 eludunt
1450 3523 1674 3606 propheticam
1693 3525 1915 3588 autoritatem:
1939 3522 2016 3605 quia
2033 3518 2164 3585 medem

162 3629 245 3692 ergo
270 3607 446 3676 dietaverit
474 3609 607 3690 spiritus
640 3617 773 3673 sanatus
804 3608 889 3675 hano
916 3609 1139 3692 pretationem
1191 3608 1367 3674 trahantur
1394 3606 1435 3672 ad
1462 3607 1602 3674 eoeleste
1631 3608 1798 3675 iudioium.
1842 3607 1933 3691 Ergo
1960 3607 1987 3671 si
2014 3605 2163 3671 videmus

162 3702 275 3760 saneto
296 3693 380 3776 viro,
402 3693 510 3777 potuit
532 3713 603 3758 asse
625 3692 849 3759 voluntarium
871 3695 1084 3760 morifioium:
1107 3703 1140 3760 ot
1191 3693 1340 3760 deotorss
1361 3693 1425 3759 rite
1445 3701 1480 3757 et
1501 3693 1626 3760 sineere
1649 3693 1800 3777 perfungi
1822 3714 1882 3758 suo
1903 3711 2051 3771 munere,
2082 3691 2163 3756 seia-

162 3787 273 3844 taman
296 3779 404 3860 potuit
425 3779 523 3843 otiam
546 3777 660 3843 simut
673 3780 790 3844 mento
816 3797 994 3860 prevooare
1015 3779 1057 3845 ad
1081 3781 1139 3845 tri-
1191 3800 1267 3845 mus
1300 3799 1367 3843 non
1399 3798 1493 3860 posse
1527 3798 1586 3844 nos
1619 3780 1762 3879 effugere
1796 3777 1951 3844 iudicium
1985 3775 2065 3856 Dei,
2100 3775 2163 3842 nisi

162 3863 262 3929 bunal
284 3863 358 3944 Dei,
387 3871 424 3928 ut
446 3862 487 3928 de
508 3864 676 3946 impietate
706 3863 836 3947 reprobi
864 3865 976 3947 populi
1000 3886 1138 3950 posnam
1191 3884 1304 3930 eorum
1338 3861 1503 3929 doetrinae
1536 3883 1595 3931 uos
1624 3864 1822 3932 subrisimus.
1867 3863 1912 3928 Et
1940 3863 2003 3946 ipsi
2032 3881 2163 3946 quoque

161 3959 322 4015 sumeret:
352 3969 459 4030 neque
481 3950 569 4014 euim
591 3969 704 4014 omues
730 3948 958 4016 indifferenter
980 3951 1137 4017 involvit:
1191 3949 1371 4033 prophetae
1393 3958 1426 4014 et
1447 3957 1596 4032 pastores
1618 3950 1738 4016 debant
1759 3949 1912 4034 oolligere
1934 3969 1975 4014 ex
1997 3947 2059 4014 hoo
2080 3949 2161 4024 looo,

161 4032 217 4100 sed
242 4033 282 4098 da
304 4032 440 4116 perditis
461 4039 496 4098 et
518 4034 699 4118 desperatis
725 4033 901 4102 subsoribit
921 4035 986 4100 Dei
1008 4037 1138 4104 iudioio.
1191 4034 1464 4120 quemadmodum
1495 4055 1600 4118 nuper
1623 4035 1702 4113 dixi,
1735 4035 1884 4118 quamvis
1912 4043 1999 4100 totus
2023 4033 2165 4099 mundus

162 4119 290 4184 Verum
317 4117 449 4200 quidam
471 4127 536 4199 est,
572 4140 665 4202 posse
689 4119 750 4186 hoo
772 4121 908 4203 exponi,
942 4123 1035 4204 quasi
1063 4141 1139 4206 pro·
1191 4121 1397 4200 adversetur,
1434 4141 1500 4186 nou
1533 4133 1643 4187 tamen
1678 4120 1899 4186 desistendum
1933 4141 2004 4186 esso
2037 4140 2058 4185 a
2088 4139 2164 4184 oon·

162 4204 263 4288 pheta
290 4202 494 4288 praedioerst
522 4205 696 4288 quodiam
719 4205 842 4272 soiebat
869 4205 1061 4288 impendere
1082 4228 1139 4290 po·
1191 4206 1331 4284 stantia,
1368 4227 1473 4290 nsque
1506 4206 1578 4272 ideo
1611 4204 1728 4272 debere
1763 4226 1835 4272 esso
1870 4205 2048 4270 flexibiles:
2086 4205 2165 4287 quin
2234 4205 2245 4228 ’

162 4290 241 4373 pelo
263 4309 339 4356 suo:
369 4296 402 4355 et
424 4289 558 4373 quidam
580 4293 626 4356 ita
648 4300 826 4375 exponunt,
855 4290 916 4364 hoe
938 4300 998 4370 est,
1024 4292 1140 4360 volunt
1191 4293 1298 4374 potius
1319 4291 1399 4357 satis
1421 4291 1564 4358 habeant
1584 4292 1612 4358 si
1634 4290 1727 4358 Deus
1748 4292 1862 4374 probat
1885 4310 1997 4358 sorum
2021 4310 2164 4355 oausam.

163 4395 235 4442 essa
263 4375 386 4441 nudam
417 4375 671 4458 praediotiouem
701 4379 822 4460 absque
846 4387 932 4442 voto.
977 4376 1044 4446 sse
1072 4390 1138 4444 ter·
1191 4378 1309 4444 Postea
1331 4376 1489 4460 sequitur,

163 4469 280 4526 rantur
306 4463 379 4528 sine
408 4481 507 4527 eausa
538 4469 713 4544 praetextu
746 4460 969 4528 absurditatis.
1014 4463 1140 4529 Putant

163 4547 252 4612 anim
274 4547 336 4613 hoa
357 4567 429 4614 asse
450 4546 642 4624 absurdum,
671 4549 698 4612 si
721 4547 883 4630 propheta
907 4549 1018 4631 oupiet
1037 4569 1136 4632 popu·
1276 4547 1328 4612 21.
1360 4545 1532 4628 Propterea
1558 4548 1605 4613 eie
1632 4547 1709 4614 diat
1736 4545 1871 4614 Ietovet
1899 4546 1942 4612 ad
1969 4546 2055 4612 viros
2075 4547 2165 4611 Aea-

163 4632 233 4697 lum
263 4653 360 4699 suam
383 4653 454 4700 essa
482 4631 658 4716 perditum.
700 4633 814 4697 Potuit
842 4634 930 4698 enim
953 4632 986 4699 id
1008 4645 1138 4722 optare:
1190 4632 1282 4715 thoth,
1311 4633 1367 4714 pet
1388 4637 1541 4714 quem
1562 4634 1704 4700 animm
1725 4639 1822 4716 taem,
1852 4632 1991 4713 diemdo,
2022 4631 2072 4696 Ne
2089 4649 2172 4712 pro.

163 4717 220 4784 sed
243 4718 517 4800 quomadmodum
539 4716 618 4795 dixi,
639 4717 708 4782 eolo
728 4739 824 4802 quem
847 4718 983 4801 spiritus
1003 4729 1138 4786 sanetus
1183 4718 1294 4800 pterea
1314 4719 1347 4782 in
1369 4717 1495 4784 nentes
1517 4717 1656 4798 Ielioeee,
1689 4724 1798 4785 deos
1826 4719 1973 4783 morieris
2001 4717 2037 4782 in
2064 4735 2163 4780 amaa

163 4803 359 4872 aooendaret
389 4805 424 4869 in
457 4802 553 4870 eorda
587 4803 677 4883 eius,
714 4814 749 4868 ot
780 4803 891 4870 verbis
923 4804 1022 4871 etiem
1054 4826 1137 4889 quae
1188 4809 1296 4872 auehe
1317 4800 1393 4888 (hoo
1414 4812 1474 4882 est,
1496 4824 1538 4869 ne
1560 4803 1710 4870 moriaris
1732 4824 1833 4868 manu
1856 4800 1991 4886 nostra).

163 4889 250 4956 idem
273 4890 408 4990 spiritus
430 4890 620 4956 diotavarat.
664 4889 771 4956 Voaet
791 4898 901 4958 autem
922 4890 1030 4956 Deam
1053 4892 1138 4958 iudi·
1274 4889 1326 4956 22.
1352 4886 1523 4970 Propterea
1542 4890 1590 4956 eie
1610 4889 1686 4954 dicit
1704 4887 1841 4955 Ielroveb
1862 4888 2062 4965 aeciam,
2083 4883 2163 4951 ane

161 4996 228 5043 aera
248 4977 398 5059 auam,
428 4984 466 5042 ιιι
487 4975 655 5058 abstergat
675 4984 708 5042 at
730 4975 882 5040 disoutiat
909 4976 1002 5042 funus
1024 4997 1138 5044 omnes
1187 4995 1241 5060 epo
1261 4977 1396 5042 ιιιιιαιιε
1424 4972 1590 5061 (visitabo)
1618 4994 1713 5057 stipor
1733 4995 1800 5042 eos:
1828 4974 2028 5040 massere
2056 4989 2162 5036 εονιιιιι

163 5060 281 5144 quibus
309 5059 422 5126 Iudaei
456 5061 689 5145 gloriabantur,
724 5081 825 5144 quum
853 5061 976 5127 vellent
1005 5083 1136 5129 oausam
1187 5061 1358 5128 morientia
1376 5057 1500 5142 paea:
1527 5059 1591 5141 atti
1612 5079 1728 5141 aaroni,
1750 5060 1885 5141 etfiliae
1905 5077 2012 5124 eoram
2030 5056 2162 5123 moriat

163 5165 255 5212 suam
276 5145 425 5229 probare.
457 5146 532 5212 Hae
553 5167 631 5231 argo
654 5146 825 5230 signifieat,
847 5145 931 5210 nihil
953 5148 1040 5230 ipsos
1062 5167 1137 5215 aou·
1186 5153 1240 5214 tar
1258 5146 1355 5227 fame.

163 5233 255 5316 sequi
291 5232 359 5299 suis
396 5232 740 5316 tergiversationibus,
779 5232 933 5315 quoniam
969 5233 1049 5298 fumi
1087 5233 1137 5299 illi
1274 5231 1326 5297 23.
1357 5227 1401 5294 ,et
1420 5232 1583 5298 resideam
1609 5250 1673 5298 eoa
1694 5230 1752 5296 orit
1779 5229 1861 5310 ipsis
1909 5229 1969 5295 hoo
1991 5237 2049 5309 est,
2080 5229 2161 5296 nibil

163 5325 360 5386 evanesoent
396 5325 573 5401 autequam
610 5317 765 5384 eoosdeut
800 5316 842 5382 ad
877 5316 941 5383 Dei
978 5317 1135 5385 tribuual.
1189 5317 1253 5386 erit
1287 5317 1369 5400 ipsis
1405 5315 1603 5402 residuum:
1640 5316 1716 5399 qaia
1751 5315 1855 5380 venire
1905 5317 2009 5382 eciam
2042 5315 2162 5381 molam
