5134 6124
382 415 447 480 εει
1121 386 1126 397 ’
1194 404 1583 474 Pasauucusouns
2316 411 2371 477 sse

470 603 519 669 te.
550 600 694 682 Ieltovalc,
716 598 812 665 robnr
834 602 984 663 meamet
1005 598 1142 662 martina
1163 617 1240 679 mea,
1262 603 1291 662 et
1311 617 1358 662 re·
1382 593 1387 738 ⁴
1411 597 1473 662 sub
1496 599 1644 681 gentium
1668 598 1835 664 vocatione
1857 597 2101 680 comprehendit
2124 597 2276 664 Ieremias
2297 600 2371 681 quod

379 688 507 772 sapiam
528 689 563 753 in
581 688 633 753 die
651 685 815 769 acumine
837 683 903 768 (vel
928 682 1127 767 afflictionis)
1150 684 1194 750 ad
1210 688 1238 749 te
1254 688 1359 766 centn
1412 682 1489 748 alibi
1512 683 1649 749 dicitnr:
1681 703 1811 767 semper
1841 683 1908 749 tore
1931 682 2039 749 salvas
2069 683 2222 766 reliquias
2250 685 2370 770 gratiae.

381 777 502 840 carnut
523 796 538 840 e
558 771 675 854 finibus
696 777 811 850 narce,
841 791 878 836 ac
898 771 1014 853 amnt,
1051 767 1136 835 Certe
1164 770 1360 834 mendacium
1412 770 1457 833 Et
1480 783 1710 854 argumentum
1740 782 1791 836 εει
1812 791 1832 834 ε
1855 768 1969 834 maiori
1998 766 2039 834 ad
2062 770 2179 846 miuus,
2211 769 2281 835 Nou
2310 781 2371 834 tan·

376 863 582 944 possederunt
601 863 709 940 patres
725 858 835 940 nostri,
857 857 982 922 vanitas
1004 853 1211 940 (vanitatem)
1234 855 1362 921 etnilttl
1412 869 1484 921 tum
1507 877 1629 938 paucos
1658 855 1808 922 homines
1831 855 1921 920 Deus
1948 855 2113 932 retinebit,
2141 854 2196 920 sed
2220 856 2274 939 qui
2295 877 2373 922 nuno

381 947 417 1012 in
438 947 520 1028 ipsis
541 945 626 1012 utile.
1413 941 1567 1007 videntur
1597 942 1733 1025 dispersi
1765 964 1822 1026 per
1846 955 1949 1006 totum
1985 941 2160 1024 mundum,
2193 940 2265 1006 illos
2286 942 2323 1006 ad
2344 962 2374 1007 se

1411 1026 1558 1112 colliget:
1584 1029 1686 1093 multo
1709 1027 1811 1112 igitur
1834 1029 1938 1110 magis
1960 1026 2043 1092 salvi
2067 1027 2246 1093 manebunt
2267 1048 2307 1092 ex
2327 1048 2373 1111 gc-

469 1115 566 1198 Quod
594 1116 754 1182 hactenus
784 1114 868 1179 dixit
900 1113 1074 1196 propheta,
1106 1118 1233 1196 poterat
1256 1111 1360 1176 videri
1412 1135 1490 1178 nere
1511 1113 1666 1180 Abrahae
1697 1115 1885 1198 quicunque
1914 1111 2074 1178 divinitus
2103 1123 2180 1178 suut
2207 1113 2311 1180 electi:
2342 1134 2374 1178 ae

382 1202 559 1270 adversum
583 1201 645 1268 Dei
671 1200 949 1285 promissionibus,
977 1210 1008 1264 ει
1030 1201 1124 1281 quasi
1146 1219 1280 1284 prorsus
1303 1198 1358 1263 ab·
1412 1201 1544 1266 tametsi
1565 1221 1685 1283 corpus
1707 1203 1815 1284 ipsum
1840 1198 1951 1283 populi
1975 1199 2124 1277 intereat,
2154 1199 2312 1265 Dominus
2333 1212 2374 1263 ta-

381 1288 471 1355 ulere
492 1288 605 1354 foedus
635 1286 727 1366 illud,
761 1285 847 1369 quod
882 1287 1049 1370 pepigerat
1080 1306 1157 1351 cum
1180 1283 1359 1350 Abraham.
1412 1307 1488 1350 men
1511 1287 1564 1370 qui
1589 1307 1665 1352 suos
1689 1289 1792 1368 norit,
1817 1297 1883 1350 non
1902 1286 1986 1351 sinet
2009 1285 2082 1350 illos
2106 1286 2211 1368 perire
2233 1287 2327 1351 etiam
2343 1284 2375 1350 iu

384 1375 474 1441 Deua
504 1375 647 1458 elegerat
680 1372 742 1438 sibi
776 1372 930 1457 populum
965 1392 1068 1436 unum
1096 1395 1139 1436 ex
1168 1381 1235 1436 toto
1263 1369 1358 1435 orbe:
1412 1373 1510 1438 rebus
1540 1372 1729 1456 desperatis.
1775 1373 1841 1439 Sed
1868 1372 2023 1454 quoniam
2058 1370 2188 1436 difficile
2219 1383 2287 1436 erat
2314 1391 2375 1436 cer·

381 1483 469 1528 nuuc
494 1461 572 1544 quid
595 1482 633 1525 eo
654 1459 866 1543 pessumdato
896 1459 1001 1541 potuit
1025 1456 1075 1522 vel
1105 1457 1360 1540 perfectissimus
1413 1468 1532 1537 tamen,
1562 1458 1654 1524 Vocat
1676 1457 1789 1542 Decem,
1819 1457 1916 1524 radnr
1937 1477 2039 1540 mam,
2070 1462 2097 1522 at
2120 1457 2325 1536 mansionen,
2354 1461 2376 1521 et

381 1546 527 1616 fidelium
558 1547 669 1612 animo
698 1547 877 1628 concipere,
912 1566 1010 1626 quam
1041 1542 1155 1609 foedus
1184 1541 1266 1607 illud
1289 1563 1360 1607 esse
1411 1543 1579 1627 refnqirnn.
1613 1544 1704 1610 Dicit
1726 1559 1806 1620 ’tubi
1825 1559 1867 1621 ’tn
1890 1563 1943 1608 mu
1959 1545 2043 1626 force
2063 1549 2091 1608 et
2110 1543 2287 1625 forteresse:
2307 1544 2376 1625 quia

381 1634 520 1710 irritum,
543 1655 585 1698 ex
607 1653 672 1715 quo
695 1631 787 1696 Deus
810 1641 970 1696 statuerat
992 1635 1127 1712 perdere
1150 1628 1299 1708 Iudaeos,
1329 1640 1362 1693 et
1413 1631 1453 1696 ab
1477 1631 1590 1695 eadem
1614 1628 1724 1696 radice
1746 1631 1885 1695 veniunt
1914 1628 1994 1695 haec
2020 1629 2092 1706 duo,
2125 1651 2190 1694 uon
2220 1649 2376 1712 possemus

381 1719 489 1784 delere
510 1719 658 1803 ipsorum
678 1716 820 1783 nomen?
845 1717 925 1782 Fuit
945 1717 1045 1800 igitur
1063 1717 1145 1782 haee
1167 1715 1361 1799 gravissima
1412 1717 1514 1781 latine
1537 1717 1583 1781 ita
1604 1731 1679 1799 epte
1702 1715 1889 1782 transferre.
1921 1715 2026 1781 Vocat
2048 1715 2150 1801 igitur
2167 1714 2274 1782 Dennt
2294 1715 2377 1780 rcbnr

382 1806 528 1882 tentatio,
558 1816 592 1870 et
613 1825 697 1888 quae
720 1817 827 1887 posset
855 1814 1027 1869 concutere
1058 1803 1262 1868 firmissimos
1290 1800 1359 1865 ani·
1411 1823 1515 1884 annm,
1537 1807 1564 1868 et
1586 1803 1790 1869 munitionem
1810 1823 1920 1868 mont:
1941 1801 1999 1867 sed
2022 1812 2197 1884 utrumque
2219 1823 2239 1866 a
2261 1800 2377 1865 tortitu-

381 1912 461 1958 mos.
507 1891 586 1956 Ideo
617 1889 778 1974 prophete
809 1911 897 1955 nuuc
927 1911 998 1956 sose
1028 1889 1153 1973 colligit
1175 1903 1207 1953 ει
1231 1887 1361 1970 repellit
1413 1889 1488 1953 diue
1518 1888 1645 1954 dieitur.
1689 1890 1809 1954 Postea
1839 1887 2002 1972 adiungit,
2033 1887 2192 1970 refugiam
2222 1907 2322 1952 mnne
2348 1887 2377 1951 in

380 1977 594 2043 tentationem
618 1979 726 2042 istam.
771 1975 859 2057 quia
881 1985 989 2040 autem
1014 1973 1104 2040 videt
1131 1975 1281 2039 homines
1304 1973 1359 2038 de·
1412 1976 1463 2040 die
1485 1975 1676 2057 afflictionis.
1716 1975 1782 2041 Hic
1806 1973 1954 2039 videmus
1977 1994 2037 2057 pro
2059 1972 2305 2040 circumstantia
2325 1972 2378 2036 loci

381 2075 536 2147 speratos,
559 2063 723 2129 convertit
744 2083 779 2129 se
803 2061 843 2128 ad
861 2062 989 2126 Deum:
1013 2073 1045 2127 et
1069 2061 1108 2126 de
1130 2061 1282 2144 gentium
1306 2080 1359 2124 vo·
1414 2060 1524 2125 Deum
1546 2061 1657 2126 ornari
1679 2061 1840 2142 epithetis,
1864 2082 1946 2143 quae
1969 2059 2096 2144 possint
2118 2079 2178 2124 nos
2200 2058 2317 2125 fiducia
2336 2058 2379 2122 in·

382 2152 508 2216 catione
542 2151 764 2225 concionatur,
800 2169 882 2231 quae
910 2148 1006 2212 facile
1034 2157 1159 2230 poterat
1187 2146 1360 2212 absorbere
1413 2161 1550 2226 struere,
1573 2156 1606 2212 ει
1627 2149 1717 2230 quasi
1741 2168 1870 2212 armare
1892 2145 1934 2212 ad
1953 2143 2160 2212 sustinendos
2182 2165 2295 2210 omnes
2317 2161 2379 2209 teu·

382 2235 473 2313 illud,
493 2235 580 2319 quod
596 2235 675 2315 dixi,
693 2233 865 2300 sandalum
881 2234 921 2298 de
936 2235 1029 2298 electi
1050 2233 1160 2318 populi
1180 2232 1361 2298 defectione
1413 2235 1573 2299 tatianum
1603 2234 1756 2315 impetus.
1801 2234 1915 2316 Neque
1945 2233 2032 2298 enim
2061 2232 2142 2297 satis
2166 2230 2379 2296 vehementiae

382 2335 414 2389 et
435 2323 580 2389 interitu.
614 2321 712 2386 Nunc
735 2339 884 2386 tenemus
907 2319 1084 2402 prophetae
1106 2320 1288 2384 consilinm.
1324 2315 1362 2384 si
1414 2320 1530 2384 luisset
1552 2324 1585 2383 in
1609 2318 1747 2402 simplici
1772 2318 1827 2385 illo
1850 2338 2010 2395 sermone,
2040 2317 2194 2396 Ieltocalr,
2225 2322 2325 2401 putes
2344 2315 2380 2380 od

383 2411 455 2491 quis
477 2408 567 2492 legat
598 2418 703 2472 totum
733 2406 793 2471 hoc
820 2418 929 2489 ceput,
964 2407 1089 2487 putabit
1113 2405 1286 2470 Ieremiam
1320 2426 1362 2469 ex
1413 2406 1600 2470 niceten.-
1628 2406 1860 2487 sedquoniam
1890 2406 2041 2470 redactus
2070 2418 2141 2468 erat
2169 2403 2327 2487 propheta
2352 2403 2380 2466 in

383 2494 521 2577 abrupto
551 2494 652 2558 verba
682 2492 722 2557 ad
753 2491 860 2556 Deum
895 2493 1016 2556 facere:
1051 2490 1107 2555 sed
1137 2490 1281 2556 tenenda
1314 2501 1365 2554 εει
1413 2492 1576 2558 maximas
1610 2493 1777 2576 angustias
1811 2505 1860 2570 et,
1897 2489 2170 2574 quemadmodum
2207 2489 2276 2554 iam
2312 2487 2381 2562 dixi,

383 2581 477 2658 ratio,
499 2599 596 2662 quam
621 2577 700 2641 dixi.
735 2577 849 2642 Voluit
871 2578 959 2641 euim
981 2587 1071 2642 etse
1095 2590 1127 2640 ει
1149 2575 1228 2641 alios
1251 2575 1363 2642 fideles
1416 2590 1543 2660 poterat
1571 2578 1712 2661 opprimi
1738 2578 1808 2642 eius
1830 2577 1927 2642 fides:
1958 2574 2031 2640 ideo
2054 2589 2148 2640 vocat
2170 2574 2276 2640 Deum
2302 2573 2382 2656 [orti

384 2667 512 2729 munire
531 2673 646 2730 contra
661 2661 752 2727 illam
768 2663 1008 2746 cogitationem,
1029 2683 1111 2746 quae
1126 2661 1245 2744 alioqui
1264 2663 1361 2727 fidem
1415 2663 1553 2727 tudinem
1585 2683 1693 2743 mam,
1727 2667 1755 2728 et
1786 2663 1989 2728 munitionem
2020 2681 2128 2743 munt,
2162 2665 2189 2726 et
2220 2661 2381 2742 catanien,

385 2751 532 2815 omnium
555 2748 790 2814 labefactasset.
831 2745 987 2814 Ostendit
1010 2761 1118 2814 numm
1141 2747 1219 2832 quid
1242 2749 1286 2814 sit
1309 2768 1364 2830 op·
1415 2768 1532 2831 nempe,
1554 2750 1589 2813 in
1609 2750 1662 2814 die
1684 2748 1882 2830 afflictionis:
1904 2749 1995 2831 qnasi
2018 2747 2149 2826 diecret,
2171 2746 2245 2810 Iam
2265 2759 2383 2828 tempus

385 2837 502 2900 timum
525 2835 614 2899 factu
636 2835 670 2899 in
694 2834 791 2900 rebus
814 2833 1012 2900 turbulentis
1034 2841 1068 2900 et
1087 2833 1250 2901 conlusis-
1277 2835 1362 2898 Nam
1416 2847 1482 2911 est,
1519 2855 1583 2916 quo
1616 2836 1768 2917 experiar
1800 2834 1877 2918 quid
1910 2834 2019 2899 valeat
2052 2840 2147 2898 tuum
2184 2831 2383 2914 praesidinm,

387 2919 489 2987 Satan
521 2919 604 2984 nihil
637 2919 726 2985 aliud
759 2933 907 2998 venatur,
939 2941 1040 3003 quam
1069 2932 1108 2986 ut
1129 2941 1189 2986 nos
1218 2920 1363 3004 implicet
1417 2931 1473 2984 tua
1494 2921 1611 2998 virtus,
1642 2937 1698 2986 tua
1724 2923 1879 3004 potentia.
1924 2920 2007 2986 Nam
2031 2918 2182 3002 quamvis
2205 2939 2259 2983 me
2281 2917 2383 2983 exani·

385 3006 498 3072 multis
521 3021 553 3070 et
575 3007 749 3072 contrariis
773 3005 1065 3088 disputationibus:
1099 3014 1133 3073 ει
1154 3017 1203 3072 εει
1226 3019 1363 3090 argutus
1417 3016 1508 3070 ment
1542 3020 1730 3089 praesentes
1764 3007 1927 3085 miseriae,
1961 3016 1995 3072 et
2023 3005 2141 3070 ultima
2170 3003 2281 3070 clades
2309 3022 2384 3085 qnae

386 3091 578 3174 disputator,
602 3092 668 3155 imo
691 3092 848 3174 sophista.
889 3093 957 3156 Nos
980 3102 1089 3158 eutem
1113 3093 1187 3174 plus
1209 3093 1288 3158 satis
1310 3114 1364 3157 su·
1416 3091 1597 3175 impendet,
1636 3106 1746 3158 tamen
1781 3105 1817 3156 tu
1852 3094 1915 3158 eris
1953 3092 2035 3156 mihi
2073 3090 2245 3174 retugium.
2301 3088 2384 3154 Dicit

385 3197 460 3242 mus
483 3177 635 3260 propensi
658 3177 699 3241 ad
722 3176 807 3245 hanc
837 3177 1043 3254 facilitatem,
1074 3179 1159 3262 quod
1189 3178 1364 3262 recipimus
1416 3191 1526 3244 antem
1555 3185 1703 3246 ceturae
1729 3183 1833 3263 pentec
1861 3200 1883 3244 a
1910 3178 2026 3260 pinibus
2054 3183 2162 3242 terrae.
2211 3176 2287 3242 Hoc
2315 3194 2384 3256 qno·

386 3262 545 3346 quidquid
565 3283 635 3328 sese
654 3263 792 3346 ingerit:
816 3273 849 3328 et
866 3263 912 3328 ita
927 3264 1129 3346 fitutsaepe
1148 3263 1365 3330 uosobruant
1416 3286 1478 3347 que
1510 3266 1696 3331 antitheton
1731 3265 1911 3330 notandum
1946 3271 2011 3343 est,
2046 3264 2122 3347 qnia
2155 3263 2246 3345 prius
2280 3259 2385 3327 Iudaei

386 3355 518 3414 nostrae
541 3349 763 3432 cogitationes,
788 3369 868 3432 quas
892 3348 943 3415 vel
967 3349 1061 3416 uobis
1083 3349 1287 3428 accersimus,
1311 3350 1363 3414 vel
1416 3351 1584 3417 coluerant
1614 3352 1721 3417 Deum
1754 3353 1788 3414 in
1819 3351 1954 3416 obscuro
1988 3349 2125 3434 angulo:
2159 3347 2241 3414 dicit
2274 3358 2384 3422 autem,

387 3435 485 3500 nimis
519 3434 659 3501 libenter
694 3436 879 3518 recipimus,
913 3456 1015 3519 quum
1051 3433 1192 3502 Satanae
1227 3437 1364 3502 artificio
1417 3435 1527 3516 Quum
1566 3450 1654 3502 terra
1688 3437 1745 3502 illa
1781 3437 1913 3502 eiecerit
1950 3456 2025 3502 suos
2062 3434 2199 3513 incolas,
2239 3446 2386 3500 venturos

386 3532 464 3586 sunt
486 3520 623 3586 oblatae.
669 3519 805 3586 Nullum
829 3521 930 3606 igitur
955 3522 1063 3606 aptius
1094 3520 1273 3587 remedium
1304 3529 1363 3605 est,
1416 3543 1530 3587 omues
1564 3522 1699 3606 populos
1732 3544 1797 3586 nou
1832 3532 1962 3587 tantum
1997 3542 2014 3585 e
2045 3521 2233 3605 regionibus
2269 3517 2385 3593 vicinis,

386 3627 485 3690 quam
519 3605 715 3688 abrumpere
746 3606 827 3673 istas
861 3607 1115 3691 disputationes,
1148 3621 1181 3673 ει
1210 3618 1300 3675 recta
1329 3608 1364 3671 in
1416 3607 1473 3673 sed
1508 3610 1606 3674 etiam
1640 3609 1680 3674 ab
1714 3608 1794 3690 ipsis
1826 3607 2117 3673 extremitatibus.v
2153 3606 2260 3672 Addit
2292 3609 2387 3688 pena

387 3693 496 3757 Deum
527 3693 685 3758 coniicere
714 3692 838 3768 oculos,
871 3702 904 3758 et
933 3715 1047 3759 omnes
1077 3715 1192 3761 sensus
1226 3706 1363 3761 nostros.
1416 3694 1566 3775 dicturae,
1597 3694 1684 3760 Certe
1705 3695 1903 3760 mendacem
1924 3693 2130 3776 possederunt
2151 3697 2266 3774 patrea
2287 3689 2387 3768 creatri,

386 3778 460 3842 Hoc
482 3776 562 3843 tacit
591 3778 750 3861 propheta
779 3798 880 3860 quum
910 3779 998 3856 dicit,
1029 3779 1174 3864 Ieltonalr,
1204 3780 1246 3845 ad
1269 3785 1296 3846 te
1316 3801 1364 3846 ce·
1416 3781 1541 3846 vanitas
1567 3781 1639 3861 fnit,
1668 3780 1750 3845 nillil
1771 3781 1805 3845 in
1829 3780 1909 3862 ipsis
1931 3779 2015 3846 ntile.
2059 3778 2233 3845 Poasidere
2261 3789 2388 3843 tantun·

386 3864 472 3930 nient
497 3868 610 3947 pectes.
657 3862 816 3929 Videmus
844 3884 931 3929 nunc
964 3867 1083 3949 opponi
1117 3867 1364 3931 conversionem
1417 3865 1490 3930 dem
1524 3865 1578 3931 hio
1614 3866 1718 3945 calet,
1752 3878 1848 3949 atque
1882 3865 2034 3949 amplecti
2067 3865 2137 3929 loco
2171 3862 2388 3930 haereditatis.

387 3949 535 4032 gentium
568 3949 683 4024 exitio,
718 3948 803 4031 quod
837 3949 927 4031 prius
961 3950 1170 4016 denuntiavit
1197 3951 1365 4017 Ieremias.
1417 3951 1546 4018 Scimus
1570 3953 1656 4016 enim
1685 3973 1778 4018 suam
1804 3954 1920 4036 cuique
1950 3951 2186 4016 haereditatem
2217 3950 2389 4032 pretiosam

388 4036 475 4100 Nam
498 4037 544 4100 sic
567 4036 739 4100 coniuncta
764 4045 836 4100 orat
858 4035 980 4100 veritas
1003 4036 1066 4100 Dei
1088 4052 1121 4099 et
1143 4038 1366 4103 misericordia
1417 4059 1498 4118 esse,
1523 4046 1556 4102 et
1579 4039 1728 4103 homiues
1752 4039 1785 4103 in
1810 4039 1878 4103 suis
1900 4035 2009 4102 fundis
2032 4043 2066 4101 et
2088 4037 2176 4120 agris
2199 4047 2280 4102 sunt
2303 4033 2388 4118 quasi

389 4142 464 4186 cum
487 4121 592 4186 salute
615 4119 726 4202 populi
749 4121 853 4198 electi,
884 4135 919 4186 ut
942 4120 1041 4185 huius
1064 4121 1215 4188 interitus
1239 4123 1364 4188 videre·
1417 4123 1525 4188 defixi.
1560 4123 1724 4204 Quoniam
1745 4146 1822 4207 ergo
1841 4133 1964 4207 gentes,
1987 4135 2165 4205 antequam
2188 4121 2390 4187 illuminatae

390 4217 445 4272 tur
469 4206 566 4270 etiam
595 4226 728 4288 prorsus
756 4207 830 4272 illas
860 4206 978 4272 delere.
1023 4207 1190 4287 Propheta
1211 4229 1289 4292 ergo
1312 4210 1365 4274 hic
1417 4222 1535 4286 esseut,
1570 4211 1732 4291 putabant
1760 4230 1924 4274 summam
1954 4207 2121 4273 felicitatis
2147 4229 2227 4274 suae
2255 4208 2390 4290 positam

389 4293 525 4375 opponit
541 4291 687 4372 gentium
704 4292 967 4357 conversionem:
987 4293 1079 4374 quasi
1095 4292 1226 4370 diceret,
1246 4295 1365 4373 Quam·
1418 4314 1489 4359 esse
1508 4295 1542 4358 in
1560 4294 1862 4376 superstitionibus:
1886 4292 1958 4360 ideo
1979 4315 2036 4377 per
2054 4295 2298 4360 eonemsionem
2318 4291 2391 4357 dicit

392 4381 441 4444 vis
465 4399 552 4442 nunc
575 4387 687 4458 pereat
708 4399 812 4461 genus
834 4375 998 4452 Abrahae,
1029 4397 1095 4442 non
1125 4391 1232 4443 tamen
1263 4382 1364 4444 inter·
1420 4379 1577 4461 propheta
1592 4381 1771 4460 possedisse
1792 4381 2004 4446 mendacium:
2027 4381 2119 4463 quasi
2138 4379 2272 4456 diceret,
2296 4380 2391 4444 Puta·

390 4464 476 4530 uidet
498 4462 611 4528 foedus
634 4463 708 4540 Dei,
739 4483 799 4528 nec
828 4460 1005 4544 quidquam
1035 4464 1204 4528 minuetur
1233 4486 1273 4528 ex
1296 4465 1366 4528 eius
1420 4477 1496 4528 runt
1519 4477 1629 4548 patres
1652 4469 1756 4532 nostri
1778 4489 1813 4532 se
1835 4466 1943 4532 felices
1967 4487 2003 4531 eo
2026 4466 2154 4540 beatos,
2185 4486 2288 4548 quum
2310 4461 2391 4528 idola

390 4550 510 4635 gloria:
534 4549 687 4632 quoniam
712 4560 826 4631 gentes
849 4569 962 4613 omnes
984 4547 1025 4612 ad
1048 4570 1083 4613 se
1105 4561 1281 4613 convertet.
1328 4549 1365 4615 Si
1418 4570 1479 4614 sua
1501 4563 1533 4615 et
1555 4553 1712 4634 figmenta
1741 4553 1893 4618 colerent.
1940 4551 2019 4616 Fuit
2052 4552 2153 4635 igitur
2183 4551 2258 4616 baec
2289 4567 2392 4617 eornm

391 4637 463 4721 quis
486 4634 626 4712 obiiciat,
656 4634 823 4698 conversis
852 4632 1012 4716 gentibus,
1045 4644 1155 4699 tamen
1180 4655 1242 4698 non
1266 4635 1367 4700 inisse
1417 4635 1603 4718 bannitus,
1633 4636 1695 4703 hoe
1718 4648 1775 4715 εει,
1807 4637 1886 4702 nihil
1912 4648 2069 4721 putarunt
2097 4637 2160 4702 sibi
2183 4659 2255 4702 esse
2280 4636 2392 4702 melius

391 4720 506 4788 foedus
529 4720 591 4786 Dei
614 4718 730 4786 stabile
752 4729 785 4784 et
807 4729 1009 4801 perpetuum,
1033 4719 1094 4784 uisi
1117 4718 1238 4802 posteri
1260 4717 1366 4785 Abra·
1418 4719 1470 4784 vel
1493 4723 1666 4804 optabilius
1693 4744 1791 4804 quam
1814 4745 1875 4788 sua
1897 4722 1984 4788 idola
2007 4723 2159 4805 amplecti
2190 4735 2222 4788 et
2245 4744 2323 4788 suos
2345 4744 2392 4786 er·

392 4807 454 4873 hae
477 4805 634 4873 haeredes
663 4815 773 4871 essent
804 4803 939 4888 gratiae,
974 4825 1072 4885 quam
1102 4804 1149 4869 illi
1174 4804 1265 4870 Deus
1293 4825 1366 4886 pro·
1419 4825 1526 4871 rores:
1558 4808 1612 4872 sed
1633 4807 1695 4886 fnit
1717 4810 1922 4888 mertdacinm,
1957 4808 2075 4890 inquit,
2106 4808 2257 4887 honest,
2294 4829 2392 4890 quum

393 4895 543 4960 miserat:
567 4891 734 4975 responsio
756 4889 859 4956 facilis
882 4902 940 4968 est,
963 4910 1079 4972 nempe
1102 4910 1203 4972 quum
1220 4889 1311 4954 Deus
1326 4892 1366 4956 ad
1419 4901 1573 4972 putarent
1606 4893 1667 4956 sibi
1701 4915 1771 4959 esse
1804 4895 2004 4975 praeclaram
2039 4894 2297 4976 haereditatem,
2336 4892 2393 4957 tuit

392 5001 428 5046 se
450 4980 615 5046 convertit
644 4987 773 5062 gentes,
804 4995 981 5040 memorem
1014 4977 1112 5040 tuisse
1142 4976 1367 5056 promissionis
1418 4977 1520 5041 stulta
1548 4978 1753 5057 imaginatio:
1789 4980 1866 5044 Fnit
1895 4981 2028 5062 deniqne
2055 4981 2192 5062 conitus,
2220 4980 2340 5062 inquit,
2368 4984 2392 5041 et

393 5086 480 5144 suae,
504 5067 550 5130 ita
569 5075 606 5131 ut
624 5063 793 5131 ecelesiam
817 5061 877 5125 sibi
902 5059 1068 5142 colligeret
1092 5076 1160 5125 tam
1184 5082 1224 5124 ex
1237 5060 1367 5126 ludaeis
1418 5061 1501 5128 nillil
1518 5063 1552 5126 in
1570 5064 1651 5142 ipsis
1672 5067 1758 5132 attile.
1789 5065 1880 5131 Haeo
1898 5065 2057 5132 confessio
2079 5066 2223 5132 ostendit
2245 5067 2392 5150 gentium

393 5173 491 5235 quam
522 5175 562 5216 cx
586 5150 754 5236 gentibus:
789 5146 884 5212 sicuti
918 5145 1016 5210 etiam
1046 5145 1166 5210 scimus
1196 5144 1368 5210 Christum
1420 5149 1666 5214 conversionem
1696 5149 1738 5214 ab
1766 5153 1912 5216 externis
1943 5153 2039 5217 notis.
2085 5153 2306 5228 Paenitentia,
2342 5150 2392 5214 uhi

394 5238 532 5314 venisse,
564 5251 600 5301 ut
623 5255 734 5319 pacem
764 5231 976 5297 annuntiaret
1004 5231 1043 5295 iis
1065 5229 1119 5312 qui
1144 5229 1240 5312 longe
1264 5236 1367 5310 erant,
1420 5231 1529 5297 Deum
1552 5256 1616 5299 non
1640 5237 1765 5301 occulte
1787 5234 1892 5315 modo,
1913 5237 1968 5303 sed
1993 5237 2089 5302 malis
2110 5237 2271 5320 exemplis
2294 5237 2392 5303 offen-

394 5334 425 5390 et
444 5323 484 5389 iis
503 5323 558 5406 qni
581 5344 690 5406 prope,
713 5315 987 5406 quemadmodum
1009 5316 1102 5382 docet
1118 5315 1249 5380 Paulus.
1280 5317 1369 5400 Ergo
1421 5316 1537 5398 dimus,
1559 5321 1792 5386 consessionem
1815 5323 1928 5406 exigit.
1961 5323 2049 5406 Ergo
2072 5321 2231 5407 propheta
2252 5321 2394 5390 ostendit
