5038 6118
397 438 437 504 15
1194 434 1579 504 Puautucmouus
2341 441 2378 504 16

395 625 549 707 diximus,
571 632 604 691 et
625 625 754 708 saepius
776 625 947 692 dicandum
970 628 1042 708 erit,
1067 626 1255 711 prophetas,
1284 624 1362 690 dum
1413 644 1575 707 quaenam
1597 624 1733 691 consilia
1755 623 1954 710 agitaverint
1975 623 2104 690 Iudaei:
2134 635 2168 690 et
2189 623 2287 691 simol
2310 647 2378 710 per·

394 711 574 811 respiciant
595 709 750 794 populum
780 712 898 794 ipsum,
926 714 997 779 sine
1026 713 1214 795 exceptione
1242 709 1360 776 minari
1412 710 1546 792 stringit
1568 729 1680 776 eornm
1703 709 1867 793 duritiem,
1897 709 1982 794 qaod
2004 708 2128 811 scilieet
2150 709 2215 776 huo
2243 718 2277 810 at
2305 711 2379 780 illoc

394 795 544 863 omnibns
561 797 747 862 interitum:
766 796 821 862 nbi
838 808 947 863 autem
964 808 1161 898 convertunt
1178 815 1361 862 sermonem
1412 794 1613 862 deflectendo
1635 795 1835 896 confiderent
1854 817 1890 862 se
1911 815 2006 880 pesse
2026 795 2179 896 indueram
2202 793 2268 895 Der
2289 817 2378 862 aver·

393 881 768 1052 tlttltatflllt’
788 881 1362 1067 ‘ittttllltlldtttt
1412 888 1496 1031 itt.
1517 880 2379 1066 .l·;¹llll⁰t¹.ttll⁰l.t·t..f3¹l.l⁰tl¹..ttt

392 1052 610 1204 “luae
627 1074 707 1154 u
726 1053 1258 1207 *assuescebant
1283 1053 1362 1203 ιιι
1411 1061 1850 1204 sarasar-*taam
1863 1053 2087 1206 nulla·
2100 1051 2379 1205 uuella

391 1159 598 1308 phoararbare
627 1157 863 1308 ff'enpitur,
891 1235 929 1291 ut
957 1228 1038 1292 satis
1056 1160 1183 1290 pnotum
1212 1157 1282 1288 mo
1315 1223 1361 1288 Et
1412 1221 1566 1288 adhibere
1580 1185 1739 1289 remedia:
1762 1224 1818 1290 aed
1832 1159 2006 1290 squbeidnnt
2022 1224 2058 1289 in
2073 1157 2199 1290 solhhiis
2212 1159 2376 1308 proximis,

392 1330 455 1408 quo
476 1309 581 1394 magis
611 1309 788 1408 amplificet
809 1308 988 1378 vindictam
1011 1311 1085 1394 Dei,
1111 1309 1188 1377 dicit
1217 1308 1360 1374 marcida
1411 1328 1477 1408 non
1499 1308 1633 1408 student
1654 1309 1785 1392 placare
1808 1309 1925 1388 Deum,
1956 1330 2064 1392 neque
2086 1308 2193 1375 redire
2213 1329 2289 1376 oum
2311 1311 2378 1395 ipso

392 1405 491 1461 atram
513 1395 581 1495 lore
596 1396 667 1496 ipsa
682 1395 766 1460 lolia.
801 1393 940 1496 Summa
955 1407 1017 1498 eet,
1036 1395 1231 1496 nonprocul
1246 1395 1361 1494 abesse
1411 1413 1446 1458 ιιι
1464 1404 1620 1478 gratiam:
1644 1395 1700 1460 sed
1717 1393 1772 1494 nbi
1792 1394 1959 1495 tantillum
1976 1396 2046 1479 spei
2063 1395 2206 1494 effertur,
2230 1403 2379 1462 statuunt

390 1479 1361 1650 litt.tietb.{lttltztttllttttlttt
1411 1479 2003 1632 t..l.’'⁰lll.⁰⁸’.t.tlll¹t.ttttl
2031 1479 2276 1648 issplihffssbl
2300 1481 2378 1649 iii

390 1671 472 1735 quae
493 1653 580 1736 ipsos
601 1659 723 1731 manet,
753 1672 870 1736 nempe
900 1653 986 1734 qnod
1007 1654 1100 1719 Deus
1130 1651 1274 1736 privabit
1303 1670 1359 1714 eos
1409 1650 1559 1731 emmae,
1585 1651 1700 1734 inquit,
1732 1653 1792 1731 vel,
1821 1651 1867 1717 Ut
1896 1651 1976 1735 qnid
2004 1649 2210 1720 habitamus?
2255 1653 2377 1716 Verum

390 1737 541 1803 omnibus
562 1737 737 1802 alimentis.
780 1736 865 1803 Nam
888 1759 947 1821 per
969 1738 1193 1824 synecdochen
1211 1736 1360 1821 designat
1410 1737 1541 1835 proprie
1563 1735 1625 1801 hoo
1647 1737 1717 1803 loco
1739 1736 1903 1821 signifieat
1930 1736 2086 1803 desidere.
2138 1735 2178 1803 Ut
2204 1737 2282 1818 quid
2308 1757 2377 1835 erpo

389 1819 442 1888 hio
463 1821 621 1906 quidquid
644 1823 685 1886 ad
708 1822 829 1888 victum
858 1825 1008 1904 pertinet.
1052 1824 1126 1890 Non
1154 1822 1297 1907 loquitur
1319 1821 1359 1886 de
1409 1820 1612 1888 ἄοοιᾱοοιιιοὲ
1635 1823 1726 1906 qnasi
1747 1843 1783 1888 se
1800 1823 1887 1905 ipsos
1905 1822 2099 1890 damnamnt
2115 1823 2280 1906 ignaviae:
2304 1823 2376 1905 qnid

389 1910 475 1986 vino,
494 1917 529 1974 et
550 1909 724 1989 frumento,
754 1917 786 1974 et
807 1907 891 1974 oleo:
919 1909 978 1975 sed
1008 1929 1067 1993 per
1095 1911 1176 1975 ficus
1205 1917 1238 1973 et
1266 1927 1359 1988 uvae,
1410 1906 1473 1972 sihi
1495 1907 1568 1972 salt
1587 1908 1720 1993 pigritia
1743 1908 1822 1974 haec
1835 1969 1838 1976 ,
1851 1908 1986 1975 nostra?
2025 1907 2185 1974 Sodamus
2213 1908 2250 1972 in
2279 1909 2378 1991 pagis,
2485 1919 2486 1922 ’

388 1993 659 2077 quemadmodum
675 1991 754 2075 dini,
765 1992 914 2079 designat
929 1996 1067 2078 quodvis
1082 1993 1230 2060 alimenti
1245 2014 1359 2076 genus,
1410 1993 1466 2074 qui
1488 1994 1628 2074 expositi
1645 2004 1723 2059 sunt
1737 1994 1913 2060 violentiae
1927 1993 2080 2060 hostium
2115 1991 2254 2076 Gellipite
2268 1993 2378 2076 igitur,

386 2080 434 2143 ita
455 2089 493 2144 ut
514 2078 593 2143 lolia
614 2079 714 2144 etiam
736 2092 938 2145 marcescant
957 2101 995 2146 ao
1015 2078 1174 2146 decidant
1208 2077 1359 2146 Secundo
1408 2097 1471 2155 noe,
1499 2084 1528 2144 et
1549 2079 1764 2163 bprediomar
1785 2079 1876 2146 arbes
1894 2081 2051 2146 mandas:
2078 2098 2137 2144 eoa
2164 2077 2232 2144 tilio
2251 2079 2381 2161 quaeca-

389 2163 459 2230 looo
480 2162 580 2247 addit,
603 2163 714 2230 Etiam
732 2185 811 2247 qaae
832 2166 943 2231 dedeo
964 2165 1031 2232 illie
1052 2164 1237 2232 aemma.
1274 2163 1358 2245 Qui·
1409 2183 1490 2230 mre.
1535 2163 1659 2230 Putant
1689 2186 1767 2248 ergo
1798 2187 1835 2232 se
1863 2166 1932 2231 lere
1960 2164 2149 2242 incolumes,
2182 2164 2210 2229 si
2242 2165 2379 2248 ingressi

388 2247 463 2315 dam
485 2250 546 2314 hcc
568 2251 771 2332 restringunt
793 2249 835 2314 ad
864 2251 987 2318 lruotus
1010 2252 1045 2316 in
1068 2249 1194 2316 horreis
1215 2261 1247 2314 et
1269 2249 1359 2316 eellis
1409 2249 1477 2314 sint
1505 2250 1602 2316 urbes
1630 2251 1785 2316 munitas.
1829 2251 1950 2317 Postea
1976 2249 2134 2317 Ieremias
2162 2271 2204 2314 ex
2232 2252 2380 2330 opposite

387 2335 557 2420 repositos,
579 2335 671 2417 quasi
694 2335 824 2412 diceret,
848 2336 960 2402 Etiam
982 2338 1010 2402 si
1028 2355 1192 2402 annonam
1214 2335 1358 2402 habeant
1409 2335 1552 2400 ostendit
1585 2355 1682 2418 quam
1713 2336 1814 2402 stulte
1846 2337 2013 2402 confidant
2047 2335 2167 2402 talibus
2198 2335 2297 2413 asylis
2329 2333 2378 2398 vel

388 2419 589 2487 renonditam
611 2422 645 2484 in
667 2422 736 2486 suis
764 2418 889 2487 horreis
916 2431 949 2488 et
977 2421 1077 2501 cellis,
1108 2422 1154 2486 ita
1182 2431 1221 2486 ut
1247 2422 1359 2486 referti
1409 2418 1635 2506 subterfugiis:
1672 2419 1767 2505 (lette,
1802 2423 1920 2505 inquit,
1957 2421 2049 2488 Deras
2076 2425 2178 2487 mater
2204 2419 2296 2486 silere
2325 2439 2380 2484 aas

389 2507 456 2571 sint
476 2506 568 2571 omni
596 2506 770 2588 opulentia,
804 2518 912 2571 tamen
945 2507 1005 2574 hoe
1039 2515 1142 2572 totum
1176 2505 1260 2571 nihil
1293 2504 1359 2572 illis
1407 2505 1489 2587 fecit.
1536 2507 1674 2571 Dixerat
1694 2509 1796 2589 prius,
1818 2507 1871 2576 niv
1897 2519 2011 2582 notit,
2035 2516 2069 2571 et
2090 2506 2157 2572 illic
2179 2505 2379 2589 quiescemus

388 2591 551 2674 prodesse,
573 2594 650 2673 quia
672 2592 750 2674 ipsis
774 2592 950 2658 auferetur.
992 2591 1076 2657 Nam
1099 2593 1241 2658 transire
1262 2612 1358 2673 saepe
1409 2604 1477 2658 nni
1500 2591 1528 2656 si
1555 2591 1666 2658 nificat
1687 2592 1801 2659 silere:
1824 2593 1968 2659 secundo
1984 2593 2054 2659 loco
2071 2591 2189 2675 repetit
2206 2589 2290 2656 idem
2306 2611 2380 2655 ver-

385 2679 433 2742 ita
454 2675 599 2759 capitur:
621 2687 654 2740 et
675 2687 699 2743 n
722 2675 821 2741 finale
844 2676 1037 2744 tantundem
1061 2678 1147 2742 valet
1164 2697 1201 2744 ao
1223 2677 1250 2742 si
1272 2685 1359 2742 esset
1410 2675 1498 2754 hum,
1583 2681 1620 2760 te,
1641 2679 1756 2761 inquit,
1786 2678 1876 2744 Data
1896 2683 1999 2744 οοοίον
2018 2678 2111 2744 silere
2130 2696 2187 2742 aes
2206 2676 2295 2757 seed:
2323 2675 2380 2741 sed

390 2775 575 2847 separatum
598 2774 687 2838 ortt),
716 2765 755 2826 ab
786 2762 876 2844 ipsis.
919 2762 1016 2844 Quod
1037 2763 1167 2846 quidam
1190 2762 1359 2828 resolvunt
1410 2762 1572 2827 contrario
1605 2783 1713 2828 senso.
1770 2764 1830 2830 Est
1857 2763 1959 2847 igitur
1987 2763 2148 2831 concinna
2177 2761 2302 2836 allusio,
2329 2760 2380 2826 vel

385 2849 472 2932 ipsos
490 2847 722 2931 praeteribunt,
741 2832 850 2924 nahah
873 2849 971 2915 nimis
994 2856 1044 2914 est
1061 2856 1221 2915 coactum:
1245 2847 1358 2914 dicunt
1410 2849 1634 2928 paronomasia
1661 2848 1695 2912 in
1718 2849 1819 2914 verbo
1842 2861 1921 2917 nni.
1966 2848 2101 2914 Ieltooob
2130 2867 2200 2932 erpo
2224 2848 2298 2929 fecit
2325 2866 2379 2911 aaa

386 2941 558 3017 praecepta
583 2934 682 2999 fnisse
704 2933 782 2998 data
803 2932 943 3017 Iudaeis,
974 2953 1056 3017 qnae
1078 2933 1281 3016 evanuerint,
1306 2933 1356 2997 vel
1409 2932 1510 3013 silere,
1540 2932 1592 2998 vel
1615 2933 1798 3017 quiescere:
1826 2934 1878 3000 vel
1906 2933 2028 3000 excidit
2048 2954 2118 3011 nos,
2150 2952 2225 2998 nam
2256 2935 2291 2996 in
2319 2931 2380 2998 hac

384 3020 679 3102 praeterflnxerint.
719 3018 785 3086 Sed
806 3018 868 3086 hoc
891 3041 956 3085 non
977 3028 1083 3102 potest
1104 3018 1273 3103 quadrare.
1314 3019 1358 3084 Et
1410 3019 1638 3103 coniugatione
1666 3019 1831 3103 signifieat
1855 3021 2015 3086 excidere.
2059 3019 2219 3086 Videmus
2240 3039 2319 3102 ergo
2341 3018 2379 3082 ab

388 3111 549 3187 quantum
573 3103 613 3167 ad
635 3105 775 3186 primam
796 3106 1032 3187 expositionem
1054 3108 1205 3189 pertinet,
1230 3105 1358 3171 videtur
1410 3123 1476 3167 nna
1498 3114 1590 3186 parte
1612 3106 1750 3187 proferri
1772 3105 1850 3189 quid
1879 3105 1997 3171 animis
2018 3104 2133 3171 Iudaei
2162 3103 2379 3186 conciperent,

388 3190 471 3254 mihi
494 3189 592 3253 nimis
613 3190 772 3254 restricta.
805 3189 877 3272 Ego
899 3191 1000 3272 igitur
1021 3191 1067 3256 sin
1086 3191 1222 3273 accipio:
1245 3189 1355 3255 Etiam
1409 3209 1526 3272 nempe
1548 3189 1748 3273 quaerendae
1769 3212 1840 3258 esee
1862 3192 2071 3268 munitiones,
2094 3211 2177 3273 quae
2198 3191 2284 3272 ipsos
2305 3209 2380 3271 pro·

386 3275 414 3339 si
439 3294 521 3340 uvae
543 3285 576 3338 et
604 3275 686 3340 ficus
707 3272 748 3337 ad
777 3276 999 3340 maturitatem
1022 3279 1224 3356 perveniant,
1247 3286 1357 3341 tamen
1409 3283 1557 3360 tegerent
1579 3277 1619 3342 ab
1641 3277 1784 3342 hostiurn
1814 3278 1948 3360 impetu.
1991 3276 2121 3341 Deinde
2152 3275 2313 3357 propheta
2339 3295 2379 3340 ex

386 3359 532 3425 ablatum
555 3359 596 3422 iri
622 3359 708 3442 qnod
735 3359 892 3441 putabant
907 3361 972 3424 iam
988 3371 1137 3443 paratum
1154 3381 1234 3426 esse.
1267 3361 1357 3445 Ergo
1409 3371 1502 3441 parte
1522 3361 1587 3426 Dei
1609 3361 1752 3428 ostendit
1773 3383 1828 3427 eos
1849 3362 1949 3447 longe
1970 3362 2050 3438 tolli.
2081 3362 2157 3444 quia
2179 3361 2271 3426 Deus
2293 3362 2379 3442 ipsos

384 3444 539 3528 intelligit
550 3445 826 3528 prophetaverios
838 3466 908 3512 esse
921 3446 1031 3511 modos
1041 3446 1156 3528 quibus
1164 3445 1205 3511 ad
1217 3448 1358 3511 sennem
1410 3445 1575 3528 quiescere
1597 3446 1710 3513 feeerit
1732 3447 1861 3513 diverso
1884 3447 1989 3525 modo,
2017 3468 2136 3531 nempe
2157 3447 2233 3529 qnia
2256 3444 2378 3530 redegit

383 3541 417 3598 et
431 3530 574 3613 inopiam
589 3529 716 3614 redigat
731 3530 878 3606 Iudaees,
894 3532 968 3614 quia
983 3531 1035 3596 vel
1050 3532 1158 3597 hostes
1173 3531 1359 3614 spoliabunt
1410 3532 1442 3594 in
1480 3531 1631 3597 nihilum.
1687 3532 1863 3613 Quieeoere
1899 3535 1987 3599 enim
2024 3541 2057 3598 et
2093 3533 2189 3598 silere
2225 3531 2379 3596 dicuntur

385 3637 498 3682 eorum
513 3637 596 3682 uvas
607 3621 640 3680 et
654 3615 745 3692 fieus,
762 3615 814 3680 rel
825 3615 895 3699 ipse
904 3616 1106 3683 sterilitatem
1119 3618 1289 3683 immittet:
1305 3618 1358 3683 rel
1410 3619 1539 3690 mortui.
1600 3616 1755 3700 Denique
1799 3617 2011 3702 tranquillum
2055 3627 2177 3684 statum
2219 3617 2380 3701 significat

384 3702 482 3768 etiam
505 3702 533 3767 si
550 3701 741 3768 existiment
756 3700 817 3766 sibi
833 3703 955 3768 victum
971 3721 1042 3767 esse
1058 3703 1094 3767 in
1111 3711 1273 3786 promptu,
1292 3724 1357 3768 non
1410 3722 1511 3785 quum
1534 3702 1680 3786 loquitur
1707 3703 1744 3768 in
1776 3725 1913 3786 persona
1942 3703 2071 3788 populi:
2101 3704 2272 3768 interitum
2302 3722 2380 3767 vero

385 3793 496 3852 tamen
519 3787 649 3852 dabitur
670 3787 745 3852 lrui.
784 3787 875 3854 Haeo
897 3808 1025 3853 summa
1046 3796 1105 3854 est.
1150 3786 1315 3872 Sequitur,
1410 3786 1559 3870 designat
1591 3808 1693 3870 quom
1725 3788 1869 3872 loquitur
1901 3811 1942 3856 ex
1975 3788 2039 3854 Dei
2070 3789 2232 3854 mandato.
2287 3786 2378 3852 Idem

1238 3873 1242 3882 ⁴
1409 3882 1520 3957 postea
1551 3872 1770 3956 metaphorice
1805 3876 1991 3955 confirmat,
2024 3875 2110 3956 quod
2140 3875 2264 3940 scilieet
2290 3873 2379 3940 Das

473 3957 523 4022 14.
553 3956 592 4023 Ut
613 3959 689 4040 quid
710 3977 766 4023 noa
786 3958 950 4024 adanae?
976 3957 1159 4042 conprecare
1176 3977 1239 4037 cos,
1262 3965 1290 4023 ot
1311 3961 1357 4024 ia·
1403 3963 1513 4041 polica
1533 3958 1601 4025 illis
1619 3960 1737 4026 dederit
1758 3981 1860 4043 equae
1878 3961 1972 4042 fellis,
1995 3971 2173 4043 autuqnes
2192 3971 2378 4025 venenatas.

384 4043 568 4128 predicetur
588 4042 680 4107 urbes
700 4043 839 4108 manitus
861 4042 975 4129 (urbes
997 4044 1198 4121 munitionis,
1220 4043 1261 4108 ad
1285 4066 1358 4110 ver·
1409 4045 1454 4110 Et
1486 4043 1647 4128 adiungit,
1688 4045 1772 4127 Quia
1803 4047 1900 4128 impie
1931 4046 2051 4130 mimus
2084 4051 2190 4112 watra
2222 4043 2376 4110 Ieltooam.

386 4128 477 4214 hum)
499 4134 527 4194 et
547 4130 743 4212 quiescamus
763 4129 838 4194 iilic.
880 4127 967 4194 Oerlc
985 4127 1124 4193 uetovat
1145 4127 1235 4194 Dee
1255 4134 1359 4195 aeder
1408 4129 1571 4213 Colligere
1599 4130 1674 4196 licet
1701 4153 1743 4196 ex
1771 4130 1833 4196 hoc
1861 4142 2026 4215 postremo
2048 4131 2156 4209 verbo,
2186 4129 2375 4213 prophetam

385 4216 478 4280 silere
509 4233 566 4280 aas
597 4211 663 4298 (val
693 4214 857 4294 quiescere
885 4212 959 4299 nos)
985 4214 1066 4295 feeit,
1099 4219 1128 4278 et
1151 4217 1272 4295 potavit
1302 4235 1359 4280 noe
1409 4214 1462 4280 hic
1491 4213 1581 4280 obire
1610 4236 1730 4282 munus
1758 4238 1865 4283 sunm.
1917 4217 2064 4300 Populus
2092 4217 2180 4282 enim
2210 4235 2376 4297 nunquam

386 4302 478 4384 aquis
499 4300 656 4365 manaa
678 4297 744 4383 (vel
763 4301 854 4381 aquis
875 4299 978 4365 fellis:
1000 4317 1075 4364 nam
1097 4311 1172 4366 otti
1195 4300 1358 4383 significat
1409 4311 1524 4382 sponte
1545 4301 1713 4366 confessus
1735 4311 1822 4367 esset
1843 4323 1878 4367 se
1907 4303 2010 4368 instas
2036 4303 2113 4368 dare
2134 4322 2255 4385 poenas
2270 4301 2376 4366 eoele-

386 4385 429 4452 lel
451 4397 485 4451 et
508 4382 692 4469 venenum),
719 4384 797 4466 qaia
818 4385 912 4467 impie
932 4385 1054 4469 epten
1074 4389 1179 4450 contra
1200 4384 1356 4451 lebetam.
1408 4405 1496 4450 rum:
1520 4385 1576 4450 sed
1598 4386 1760 4469 propheta
1780 4387 1835 4453 hio
1856 4387 2003 4471 coarguit
2029 4409 2093 4466 eos,
2123 4388 2274 4471 quoniam
2302 4405 2376 4469 spe·

1207 4549 1208 4554 γ
1408 4481 1481 4535 rent
1504 4491 1539 4535 se
1562 4472 1629 4535 lore
1651 4480 1748 4550 tutos,
1779 4473 1807 4536 si
1829 4473 2020 4557 confugiant
2041 4474 2082 4538 ad
2105 4474 2203 4539 urbes
2224 4473 2374 4537 munitas.

473 4555 574 4620 Varie
595 4554 683 4619 hune
705 4574 837 4619 versum
855 4561 887 4618 et
904 4563 1076 4638 sequentes
1093 4561 1276 4637 exponunt:
1299 4554 1356 4620 sed
1408 4555 1511 4636 Quasi
1534 4577 1611 4622 vero
1634 4557 1725 4622 Deus
1753 4579 1818 4624 non
1849 4559 1951 4642 possit
1982 4579 2035 4624 eos
2064 4559 2143 4624 illuo
2172 4578 2274 4641 usque
2302 4579 2376 4642 per·

387 4641 530 4707 breviter
550 4639 720 4706 ostendam
751 4638 927 4722 prophetae
956 4640 1135 4707 eonsilium.
1180 4639 1261 4704 Mihi
1291 4661 1355 4705 non
1409 4643 1510 4724 sequi.
1569 4642 1658 4707 Dicit
1693 4643 1795 4726 igitur
1828 4644 2004 4710 vindictam
2037 4643 2101 4708 Dei
2140 4644 2210 4709 lore
2242 4644 2376 4709 affixam

387 4727 523 4793 dubium
546 4735 596 4790 est
617 4725 698 4808 quin
719 4725 773 4791 hic
795 4726 947 4807 suscipiat
962 4727 997 4789 in
1012 4746 1047 4790 se
1062 4745 1234 4810 personam
1255 4726 1356 4792 tetius
1407 4727 1550 4810 ipsoram
1584 4738 1692 4811 tergo:
1733 4737 1766 4792 et
1798 4729 1858 4807 ita,
1889 4749 2084 4813 quocunque
2112 4729 2256 4814 fugiant,
2289 4731 2374 4812 ipsos

387 4811 508 4894 populi.
563 4811 803 4893 Repraesentat
834 4813 936 4896 igitur
972 4810 1024 4877 his
1055 4811 1166 4878 verbis
1198 4811 1356 4893 propheta
1406 4813 1474 4877 lore
1503 4812 1598 4877 malis
1631 4813 1782 4878 omnibns
1814 4815 1985 4897 obnoxius,
2018 4817 2095 4899 quia
2127 4837 2235 4882 seeum
2271 4817 2374 4880 terent

387 4898 465 4979 quid
487 4897 658 4962 volverent
679 4897 712 4962 in
742 4897 811 4960 suis
841 4896 1014 4978 mentibus,
1043 4908 1076 4961 et
1097 4916 1257 4981 quaenam
1280 4917 1355 4962 oon·
1406 4917 1483 4963 enas
1510 4897 1704 4980 impietates,
1737 4908 1770 4963 et
1799 4901 1843 4964 ita
1876 4919 1985 4966 seeum
2019 4902 2155 4967 trahent
2185 4901 2269 4966 iram
2302 4901 2373 4965 Dei.

388 4983 461 5047 silis
482 4987 637 5065 caperent
654 4982 783 5047 Iudaei:
807 4980 924 5046 deinde
941 5003 1008 5047 non
1026 4979 1158 5048 dubium
1177 4981 1275 5047 etiam
1298 4995 1355 5061 est,
1406 4983 1572 5066 Sequitur,

388 5069 466 5150 quin
489 5068 542 5133 his
557 5069 666 5135 verbis
683 5065 832 5167 ostendat
853 5068 949 5149 ipsos,
973 5074 1011 5131 nt
1028 5066 1132 5131 solent
1155 5067 1356 5166 hypocritae,

388 5151 1356 5321 ttt'ttlltl.ttotttlltttlltt‘ttllt
1406 5153 1543 5305 nali?
1566 5153 2286 5323 mmdlildldiddih'llff
2303 5177 2373 5328 <tl

387 5344 487 5389 sensu
508 5322 607 5406 loqui,
629 5324 725 5408 longe
740 5322 909 5389 falluntur.
948 5323 1035 5404 Quin
1053 5324 1158 5406 potius
1179 5324 1233 5387 hio
1254 5323 1354 5391 refert
1406 5324 1570 5411 turbatio).
