<?xml version="1.0" encoding="UTF-8"?>
<!DOCTYPE html PUBLIC "-//W3C//DTD XHTML 1.0 Transitional//EN"
    "http://www.w3.org/TR/xhtml1/DTD/xhtml1-transitional.dtd">
<html xmlns="http://www.w3.org/1999/xhtml" xml:lang="en" lang="en">
 <head>
  <title>
</title>
<meta http-equiv="Content-Type" content="text/html;charset=utf-8" />
  <meta name='ocr-system' content='tesseract 3.04.00' />
  <meta name='ocr-capabilities' content='ocr_page ocr_carea ocr_par ocr_line ocrx_word'/>
</head>
<body>
  <div class='ocr_page' id='page_1' title='image "./corpusreformato14melagoog_0036.png"; bbox 0 0 5038 6118; ppageno 0'>
   <div class='ocr_carea' id='block_1_1' title="bbox 170 375 2172 448">
    <p class='ocr_par' dir='ltr' id='par_1_1' title="bbox 170 375 2172 448">
     <span class='ocr_line' id='line_1_1' title="bbox 170 375 2172 448; baseline 0.004 -9"><span class='ocrx_word' id='word_1_1' title='bbox 170 376 212 440; x_wconf 89' lang='lat'><strong>41</strong></span> <span class='ocrx_word' id='word_1_2' title='bbox 901 375 951 442; x_wconf 91' lang='lat' dir='ltr'><strong>IN</strong></span> <span class='ocrx_word' id='word_1_3' title='bbox 972 375 1221 443; x_wconf 69' lang='lat' dir='ltr'><strong>Insertum.</strong></span> <span class='ocrx_word' id='word_1_4' title='bbox 1264 377 1362 444; x_wconf 83' lang='lat' dir='ltr'><strong>OAP.</strong></span> <span class='ocrx_word' id='word_1_5' title='bbox 1386 377 1447 444; x_wconf 86' lang='lat' dir='ltr'><strong>IX.</strong></span> <span class='ocrx_word' id='word_1_6' title='bbox 2130 385 2172 448; x_wconf 83' lang='lat'><strong>42</strong></span> 
     </span>
    </p>
   </div>
   <div class='ocr_carea' id='block_1_2' title="bbox 116 563 2170 4167">
    <p class='ocr_par' dir='ltr' id='par_1_2' title="bbox 172 563 2169 737">
     <span class='ocr_line' id='line_1_2' title="bbox 173 563 2169 656; baseline 0.006 -27"><span class='ocrx_word' id='word_1_7' title='bbox 173 566 321 632; x_wconf 88' lang='lat' dir='ltr'><strong>tenenda</strong></span> <span class='ocrx_word' id='word_1_8' title='bbox 339 570 390 633; x_wconf 90' lang='lat' dir='ltr'><strong>est</strong></span> <span class='ocrx_word' id='word_1_9' title='bbox 407 565 466 632; x_wconf 85' lang='lat' dir='ltr'><strong>illa</strong></span> <span class='ocrx_word' id='word_1_10' title='bbox 483 565 734 644; x_wconf 86' lang='lat' dir='ltr'><strong>circumstantia,</strong></span> <span class='ocrx_word' id='word_1_11' title='bbox 756 564 834 630; x_wconf 90' lang='lat' dir='ltr'><strong>hinc</strong></span> <span class='ocrx_word' id='word_1_12' title='bbox 856 573 966 631; x_wconf 91' lang='lat' dir='ltr'><strong>tamen</strong></span> <span class='ocrx_word' id='word_1_13' title='bbox 988 563 1152 650; x_wconf 75' lang='lat' dir='ltr'><strong>colligitur</strong></span> <span class='ocrx_word' id='word_1_14' title='bbox 1203 565 1373 632; x_wconf 69' lang='lat' dir='ltr'><strong>deaurant</strong></span> <span class='ocrx_word' id='word_1_15' title='bbox 1409 587 1460 633; x_wconf 82' lang='lat' dir='ltr'><strong>eos</strong></span> <span class='ocrx_word' id='word_1_16' title='bbox 1493 573 1602 652; x_wconf 82' lang='lat' dir='ltr'><strong>putres</strong></span> <span class='ocrx_word' id='word_1_17' title='bbox 1637 569 1788 652; x_wconf 82' lang='lat' dir='ltr'><strong>ipsorum.</strong></span> <span class='ocrx_word' id='word_1_18' title='bbox 1847 570 1943 637; x_wconf 84' lang='lat' dir='ltr'><strong>Hanc</strong></span> <span class='ocrx_word' id='word_1_19' title='bbox 1978 573 2169 656; x_wconf 73' lang='lat' dir='ltr'><strong>particulam</strong></span> 
     </span>
     <span class='ocr_line' id='line_1_3' title="bbox 172 651 1620 737; baseline 0.003 -21"><span class='ocrx_word' id='word_1_20' title='bbox 172 652 326 719; x_wconf 88' lang='lat' dir='ltr'><strong>doctriua</strong></span> <span class='ocrx_word' id='word_1_21' title='bbox 345 652 517 737; x_wconf 84' lang='lat' dir='ltr'><strong>generalis,</strong></span> <span class='ocrx_word' id='word_1_22' title='bbox 538 652 646 735; x_wconf 90' lang='lat' dir='ltr'><strong>legem</strong></span> <span class='ocrx_word' id='word_1_23' title='bbox 660 651 725 716; x_wconf 92' lang='lat' dir='ltr'><strong>Dei</strong></span> <span class='ocrx_word' id='word_1_24' title='bbox 744 670 810 717; x_wconf 92' lang='lat' dir='ltr'><strong>non</strong></span> <span class='ocrx_word' id='word_1_25' title='bbox 830 671 901 716; x_wconf 91' lang='lat' dir='ltr'><strong>esse</strong></span> <span class='ocrx_word' id='word_1_26' title='bbox 918 652 965 716; x_wconf 91' lang='lat' dir='ltr'><strong>ita</strong></span> <span class='ocrx_word' id='word_1_27' title='bbox 980 651 1150 716; x_wconf 88' lang='lat' dir='ltr'><strong>obscuram</strong></span> <span class='ocrx_word' id='word_1_28' title='bbox 1204 652 1352 718; x_wconf 84' lang='lat' dir='ltr'><strong>differam</strong></span> <span class='ocrx_word' id='word_1_29' title='bbox 1375 655 1409 717; x_wconf 92' lang='lat' dir='ltr'><strong>in</strong></span> <span class='ocrx_word' id='word_1_30' title='bbox 1431 655 1620 720; x_wconf 87' lang='lat' dir='ltr'><strong>crastiuum.</strong></span> 
     </span>
    </p>

    <p class='ocr_par' dir='ltr' id='par_1_3' title="bbox 171 736 1150 822">
     <span class='ocr_line' id='line_1_4' title="bbox 171 736 1150 822; baseline -0.002 -20"><span class='ocrx_word' id='word_1_31' title='bbox 171 738 258 820; x_wconf 91' lang='lat' dir='ltr'><strong>quin</strong></span> <span class='ocrx_word' id='word_1_32' title='bbox 287 760 330 805; x_wconf 88' lang='lat' dir='ltr'><strong>ex</strong></span> <span class='ocrx_word' id='word_1_33' title='bbox 350 759 390 803; x_wconf 91' lang='lat' dir='ltr'><strong>ea</strong></span> <span class='ocrx_word' id='word_1_34' title='bbox 411 736 535 804; x_wconf 89' lang='lat' dir='ltr'><strong>discere</strong></span> <span class='ocrx_word' id='word_1_35' title='bbox 568 738 665 804; x_wconf 88' lang='lat' dir='ltr'><strong>liceat</strong></span> <span class='ocrx_word' id='word_1_36' title='bbox 697 737 773 819; x_wconf 92' lang='lat' dir='ltr'><strong>quid</strong></span> <span class='ocrx_word' id='word_1_37' title='bbox 808 745 934 803; x_wconf 88' lang='lat' dir='ltr'><strong>rectum</strong></span> <span class='ocrx_word' id='word_1_38' title='bbox 963 737 1015 802; x_wconf 86' lang='lat' dir='ltr'><strong>sit.</strong></span> <span class='ocrx_word' id='word_1_39' title='bbox 1061 738 1150 822; x_wconf 76' lang='lat' dir='ltr'><strong>Ergo</strong></span> 
     </span>
    </p>

    <p class='ocr_par' dir='ltr' id='par_1_4' title="bbox 116 822 2170 4167">
     <span class='ocr_line' id='line_1_5' title="bbox 172 822 2170 912; baseline 0.003 -24"><span class='ocrx_word' id='word_1_40' title='bbox 172 823 277 890; x_wconf 90' lang='lat' dir='ltr'><strong>simul</strong></span> <span class='ocrx_word' id='word_1_41' title='bbox 306 833 404 908; x_wconf 91' lang='lat' dir='ltr'><strong>etque</strong></span> <span class='ocrx_word' id='word_1_42' title='bbox 436 823 600 906; x_wconf 84' lang='lat' dir='ltr'><strong>protertur</strong></span> <span class='ocrx_word' id='word_1_43' title='bbox 625 824 660 888; x_wconf 94' lang='lat' dir='ltr'><strong>iu</strong></span> <span class='ocrx_word' id='word_1_44' title='bbox 683 823 828 887; x_wconf 92' lang='lat' dir='ltr'><strong>medium</strong></span> <span class='ocrx_word' id='word_1_45' title='bbox 851 822 970 906; x_wconf 82' lang='lat' dir='ltr'><strong>Moses,</strong></span> <span class='ocrx_word' id='word_1_46' title='bbox 1000 834 1032 886; x_wconf 89' lang='lat' dir='ltr'><strong>et</strong></span> <span class='ocrx_word' id='word_1_47' title='bbox 1061 845 1150 889; x_wconf 90' lang='lat' dir='ltr'><strong>aoce-</strong></span> <span class='ocrx_word' id='word_1_48' title='bbox 1287 824 1371 889; x_wconf 85' lang='lat' dir='ltr'><strong>Heri</strong></span> <span class='ocrx_word' id='word_1_49' title='bbox 1404 826 1612 908; x_wconf 78' lang='lat' dir='ltr'><strong>exposuimus</strong></span> <span class='ocrx_word' id='word_1_50' title='bbox 1645 825 1730 909; x_wconf 90' lang='lat' dir='ltr'><strong>quod</strong></span> <span class='ocrx_word' id='word_1_51' title='bbox 1760 826 1887 894; x_wconf 87' lang='lat' dir='ltr'><strong>dicebat</strong></span> <span class='ocrx_word' id='word_1_52' title='bbox 1915 827 2082 912; x_wconf 84' lang='lat' dir='ltr'><strong>propheta,</strong></span> <span class='ocrx_word' id='word_1_53' title='bbox 2113 829 2170 894; x_wconf 93' lang='lat' dir='ltr'><strong>Iu-</strong></span> 
     </span>
     <span class='ocr_line' id='line_1_6' title="bbox 116 907 2169 994; baseline 0.003 -20"><span class='ocrx_word' id='word_1_54' title='bbox 116 942 119 948; x_wconf 77' lang='lat'><strong>,</strong></span> <span class='ocrx_word' id='word_1_55' title='bbox 171 910 262 975; x_wconf 91' lang='lat' dir='ltr'><strong>dunt</strong></span> <span class='ocrx_word' id='word_1_56' title='bbox 283 911 479 994; x_wconf 72' lang='lat' dir='ltr'><strong>interpretes</strong></span> <span class='ocrx_word' id='word_1_57' title='bbox 500 908 689 993; x_wconf 89' lang='lat' dir='ltr'><strong>prophetae,</strong></span> <span class='ocrx_word' id='word_1_58' title='bbox 713 929 779 974; x_wconf 92' lang='lat' dir='ltr'><strong>non</strong></span> <span class='ocrx_word' id='word_1_59' title='bbox 802 915 853 974; x_wconf 89' lang='lat' dir='ltr'><strong>est</strong></span> <span class='ocrx_word' id='word_1_60' title='bbox 874 929 933 975; x_wconf 89' lang='lat' dir='ltr'><strong>cnr</strong></span> <span class='ocrx_word' id='word_1_61' title='bbox 955 909 1149 993; x_wconf 85' lang='lat' dir='ltr'><strong>tergiverse·</strong></span> <span class='ocrx_word' id='word_1_62' title='bbox 1202 907 1429 990; x_wconf 76' lang='lat' dir='ltr'><strong>daeoeetiam</strong></span> <span class='ocrx_word' id='word_1_63' title='bbox 1458 911 1486 975; x_wconf 91' lang='lat' dir='ltr'><strong>si</strong></span> <span class='ocrx_word' id='word_1_64' title='bbox 1516 912 1638 977; x_wconf 91' lang='lat' dir='ltr'><strong>nemini</strong></span> <span class='ocrx_word' id='word_1_65' title='bbox 1670 932 1781 977; x_wconf 91' lang='lat' dir='ltr'><strong>eorum</strong></span> <span class='ocrx_word' id='word_1_66' title='bbox 1812 914 1939 979; x_wconf 87' lang='lat' dir='ltr'><strong>veniret</strong></span> <span class='ocrx_word' id='word_1_67' title='bbox 1968 916 2003 979; x_wconf 91' lang='lat' dir='ltr'><strong>in</strong></span> <span class='ocrx_word' id='word_1_68' title='bbox 2025 925 2169 980; x_wconf 89' lang='lat' dir='ltr'><strong>mentem</strong></span> 
     </span>
     <span class='ocr_line' id='line_1_7' title="bbox 170 993 2169 1082; baseline 0.002 -20"><span class='ocrx_word' id='word_1_69' title='bbox 170 1017 265 1070; x_wconf 83' lang='lat' dir='ltr'><strong>mur.</strong></span> <span class='ocrx_word' id='word_1_70' title='bbox 300 997 352 1062; x_wconf 87' lang='lat' dir='ltr'><strong>val</strong></span> <span class='ocrx_word' id='word_1_71' title='bbox 384 1015 572 1079; x_wconf 89' lang='lat' dir='ltr'><strong>causemur,</strong></span> <span class='ocrx_word' id='word_1_72' title='bbox 610 995 791 1061; x_wconf 89' lang='lat' dir='ltr'><strong>doctrinam</strong></span> <span class='ocrx_word' id='word_1_73' title='bbox 824 993 914 1059; x_wconf 87' lang='lat' dir='ltr'><strong>illam</strong></span> <span class='ocrx_word' id='word_1_74' title='bbox 948 995 1045 1059; x_wconf 90' lang='lat' dir='ltr'><strong>nimis</strong></span> <span class='ocrx_word' id='word_1_75' title='bbox 1078 1015 1149 1060; x_wconf 90' lang='lat' dir='ltr'><strong>esse</strong></span> <span class='ocrx_word' id='word_1_76' title='bbox 1201 1015 1260 1060; x_wconf 91' lang='lat' dir='ltr'><strong>cur</strong></span> <span class='ocrx_word' id='word_1_77' title='bbox 1281 1005 1349 1060; x_wconf 90' lang='lat' dir='ltr'><strong>tam</strong></span> <span class='ocrx_word' id='word_1_78' title='bbox 1371 1016 1484 1061; x_wconf 86' lang='lat' dir='ltr'><strong>severe</strong></span> <span class='ocrx_word' id='word_1_79' title='bbox 1512 996 1587 1062; x_wconf 90' lang='lat' dir='ltr'><strong>illos</strong></span> <span class='ocrx_word' id='word_1_80' title='bbox 1607 998 1767 1082; x_wconf 84' lang='lat' dir='ltr'><strong>affligeret</strong></span> <span class='ocrx_word' id='word_1_81' title='bbox 1789 997 1889 1077; x_wconf 89' lang='lat' dir='ltr'><strong>Deus,</strong></span> <span class='ocrx_word' id='word_1_82' title='bbox 1919 1020 1984 1064; x_wconf 91' lang='lat' dir='ltr'><strong>non</strong></span> <span class='ocrx_word' id='word_1_83' title='bbox 2006 1021 2100 1082; x_wconf 90' lang='lat' dir='ltr'><strong>posse</strong></span> <span class='ocrx_word' id='word_1_84' title='bbox 2121 1009 2169 1066; x_wconf 90' lang='lat' dir='ltr'><strong>ta·</strong></span> 
     </span>
     <span class='ocr_line' id='line_1_8' title="bbox 170 1080 2170 1164; baseline 0.002 -16"><span class='ocrx_word' id='word_1_85' title='bbox 170 1082 350 1164; x_wconf 89' lang='lat' dir='ltr'><strong>occultam,</strong></span> <span class='ocrx_word' id='word_1_86' title='bbox 372 1081 425 1149; x_wconf 87' lang='lat' dir='ltr'><strong>vel</strong></span> <span class='ocrx_word' id='word_1_87' title='bbox 447 1081 652 1162; x_wconf 85' lang='lat' dir='ltr'><strong>profundam.</strong></span> <span class='ocrx_word' id='word_1_88' title='bbox 697 1081 770 1146; x_wconf 89' lang='lat' dir='ltr'><strong>Lex</strong></span> <span class='ocrx_word' id='word_1_89' title='bbox 792 1080 879 1145; x_wconf 91' lang='lat' dir='ltr'><strong>enim</strong></span> <span class='ocrx_word' id='word_1_90' title='bbox 901 1083 1034 1164; x_wconf 89' lang='lat' dir='ltr'><strong>ponitur</strong></span> <span class='ocrx_word' id='word_1_91' title='bbox 1056 1080 1149 1145; x_wconf 89' lang='lat' dir='ltr'><strong>nobie</strong></span> <span class='ocrx_word' id='word_1_92' title='bbox 1201 1102 1276 1145; x_wconf 92' lang='lat' dir='ltr'><strong>men</strong></span> <span class='ocrx_word' id='word_1_93' title='bbox 1306 1082 1389 1148; x_wconf 88' lang='lat' dir='ltr'><strong>elabi</strong></span> <span class='ocrx_word' id='word_1_94' title='bbox 1422 1081 1484 1148; x_wconf 90' lang='lat' dir='ltr'><strong>hoc</strong></span> <span class='ocrx_word' id='word_1_95' title='bbox 1505 1083 1609 1161; x_wconf 91' lang='lat' dir='ltr'><strong>modo,</strong></span> <span class='ocrx_word' id='word_1_96' title='bbox 1643 1093 1677 1148; x_wconf 93' lang='lat' dir='ltr'><strong>et</strong></span> <span class='ocrx_word' id='word_1_97' title='bbox 1706 1083 1829 1150; x_wconf 83' lang='lat' dir='ltr'><strong>trustra</strong></span> <span class='ocrx_word' id='word_1_98' title='bbox 1860 1082 2033 1150; x_wconf 91' lang='lat' dir='ltr'><strong>obtendere</strong></span> <span class='ocrx_word' id='word_1_99' title='bbox 2065 1086 2170 1153; x_wconf 88' lang='lat' dir='ltr'><strong>instar</strong></span> 
     </span>
     <span class='ocr_line' id='line_1_9' title="bbox 169 1165 2169 1252; baseline 0.003 -20"><span class='ocrx_word' id='word_1_100' title='bbox 169 1187 286 1233; x_wconf 90' lang='lat' dir='ltr'><strong>coram</strong></span> <span class='ocrx_word' id='word_1_101' title='bbox 308 1168 400 1251; x_wconf 85' lang='lat' dir='ltr'><strong>lacis,</strong></span> <span class='ocrx_word' id='word_1_102' title='bbox 430 1178 466 1232; x_wconf 89' lang='lat' dir='ltr'><strong>ut</strong></span> <span class='ocrx_word' id='word_1_103' title='bbox 487 1167 622 1251; x_wconf 85' lang='lat' dir='ltr'><strong>patefiat</strong></span> <span class='ocrx_word' id='word_1_104' title='bbox 644 1167 737 1233; x_wconf 91' lang='lat' dir='ltr'><strong>nobis</strong></span> <span class='ocrx_word' id='word_1_105' title='bbox 759 1167 821 1232; x_wconf 92' lang='lat' dir='ltr'><strong>Dei</strong></span> <span class='ocrx_word' id='word_1_106' title='bbox 844 1165 1006 1231; x_wconf 86' lang='lat' dir='ltr'><strong>voluntas.</strong></span> <span class='ocrx_word' id='word_1_107' title='bbox 1052 1166 1148 1248; x_wconf 81' lang='lat' dir='ltr'><strong>Quis·</strong></span> <span class='ocrx_word' id='word_1_108' title='bbox 1200 1165 1305 1251; x_wconf 84' lang='lat' dir='ltr'><strong>clypei</strong></span> <span class='ocrx_word' id='word_1_109' title='bbox 1338 1188 1491 1246; x_wconf 90' lang='lat' dir='ltr'><strong>errorem,</strong></span> <span class='ocrx_word' id='word_1_110' title='bbox 1524 1170 1598 1251; x_wconf 91' lang='lat' dir='ltr'><strong>quia</strong></span> <span class='ocrx_word' id='word_1_111' title='bbox 1627 1169 1757 1251; x_wconf 89' lang='lat' dir='ltr'><strong>saepius</strong></span> <span class='ocrx_word' id='word_1_112' title='bbox 1786 1171 2056 1252; x_wconf 87' lang='lat' dir='ltr'><strong>pronuntiaverat</strong></span> <span class='ocrx_word' id='word_1_113' title='bbox 2077 1173 2169 1238; x_wconf 90' lang='lat' dir='ltr'><strong>Deus</strong></span> 
     </span>
     <span class='ocr_line' id='line_1_10' title="bbox 170 1252 2168 1339; baseline 0.002 -20"><span class='ocrx_word' id='word_1_114' title='bbox 170 1255 249 1336; x_wconf 91' lang='lat' dir='ltr'><strong>quis</strong></span> <span class='ocrx_word' id='word_1_115' title='bbox 278 1273 356 1339; x_wconf 89' lang='lat' dir='ltr'><strong>ergo</strong></span> <span class='ocrx_word' id='word_1_116' title='bbox 385 1260 494 1337; x_wconf 88' lang='lat' dir='ltr'><strong>potest</strong></span> <span class='ocrx_word' id='word_1_117' title='bbox 520 1253 636 1336; x_wconf 90' lang='lat' dir='ltr'><strong>legere,</strong></span> <span class='ocrx_word' id='word_1_118' title='bbox 666 1261 700 1316; x_wconf 89' lang='lat' dir='ltr'><strong>et</strong></span> <span class='ocrx_word' id='word_1_119' title='bbox 720 1252 833 1318; x_wconf 92' lang='lat' dir='ltr'><strong>audire</strong></span> <span class='ocrx_word' id='word_1_120' title='bbox 862 1252 947 1334; x_wconf 92' lang='lat' dir='ltr'><strong>quod</strong></span> <span class='ocrx_word' id='word_1_121' title='bbox 970 1252 1061 1317; x_wconf 89' lang='lat' dir='ltr'><strong>Deus</strong></span> <span class='ocrx_word' id='word_1_122' title='bbox 1090 1272 1148 1333; x_wconf 91' lang='lat' dir='ltr'><strong>per</strong></span> <span class='ocrx_word' id='word_1_123' title='bbox 1199 1272 1235 1316; x_wconf 91' lang='lat' dir='ltr'><strong>se</strong></span> <span class='ocrx_word' id='word_1_124' title='bbox 1257 1253 1436 1318; x_wconf 90' lang='lat' dir='ltr'><strong>abominari</strong></span> <span class='ocrx_word' id='word_1_125' title='bbox 1467 1267 1589 1319; x_wconf 88' lang='lat' dir='ltr'><strong>eorum·</strong></span> <span class='ocrx_word' id='word_1_126' title='bbox 1609 1257 1863 1337; x_wconf 89' lang='lat' dir='ltr'><strong>superstitiones.</strong></span> <span class='ocrx_word' id='word_1_127' title='bbox 1906 1256 1996 1339; x_wconf 83' lang='lat' dir='ltr'><strong>Ergo</strong></span> <span class='ocrx_word' id='word_1_128' title='bbox 2019 1258 2168 1339; x_wconf 86' lang='lat' dir='ltr'><strong>quamvis</strong></span> 
     </span>
     <span class='ocr_line' id='line_1_11' title="bbox 168 1336 2168 1426; baseline 0.002 -21"><span class='ocrx_word' id='word_1_129' title='bbox 168 1341 291 1406; x_wconf 80' lang='lat' dir='ltr'><strong>Mosen</strong></span> <span class='ocrx_word' id='word_1_130' title='bbox 316 1349 348 1405; x_wconf 88' lang='lat' dir='ltr'><strong>st</strong></span> <span class='ocrx_word' id='word_1_131' title='bbox 369 1339 548 1422; x_wconf 90' lang='lat' dir='ltr'><strong>prophetas</strong></span> <span class='ocrx_word' id='word_1_132' title='bbox 576 1338 676 1404; x_wconf 89' lang='lat' dir='ltr'><strong>semel</strong></span> <span class='ocrx_word' id='word_1_133' title='bbox 699 1336 820 1403; x_wconf 90' lang='lat' dir='ltr'><strong>mundo</strong></span> <span class='ocrx_word' id='word_1_134' title='bbox 842 1336 993 1422; x_wconf 85' lang='lat' dir='ltr'><strong>prodidit,</strong></span> <span class='ocrx_word' id='word_1_135' title='bbox 1022 1336 1079 1402; x_wconf 91' lang='lat' dir='ltr'><strong>ille</strong></span> <span class='ocrx_word' id='word_1_136' title='bbox 1098 1347 1148 1402; x_wconf 89' lang='lat' dir='ltr'><strong>est</strong></span> <span class='ocrx_word' id='word_1_137' title='bbox 1199 1339 1362 1404; x_wconf 88' lang='lat' dir='ltr'><strong>excaecati</strong></span> <span class='ocrx_word' id='word_1_138' title='bbox 1401 1351 1511 1404; x_wconf 88' lang='lat' dir='ltr'><strong>esseut</strong></span> <span class='ocrx_word' id='word_1_139' title='bbox 1549 1361 1677 1420; x_wconf 90' lang='lat' dir='ltr'><strong>amnes,</strong></span> <span class='ocrx_word' id='word_1_140' title='bbox 1720 1339 1836 1405; x_wconf 91' lang='lat' dir='ltr'><strong>deinde</strong></span> <span class='ocrx_word' id='word_1_141' title='bbox 1874 1363 1971 1407; x_wconf 92' lang='lat' dir='ltr'><strong>nemo</strong></span> <span class='ocrx_word' id='word_1_142' title='bbox 2009 1342 2168 1426; x_wconf 87' lang='lat' dir='ltr'><strong>propheta</strong></span> 
     </span>
     <span class='ocr_line' id='line_1_12' title="bbox 168 1423 2167 1508; baseline 0.001 -17"><span class='ocrx_word' id='word_1_143' title='bbox 168 1424 416 1503; x_wconf 87' lang='lat' dir='ltr'><strong>inexcusabilis,</strong></span> <span class='ocrx_word' id='word_1_144' title='bbox 445 1425 522 1508; x_wconf 88' lang='lat' dir='ltr'><strong>quia</strong></span> <span class='ocrx_word' id='word_1_145' title='bbox 548 1425 602 1490; x_wconf 87' lang='lat' dir='ltr'><strong>hic</strong></span> <span class='ocrx_word' id='word_1_146' title='bbox 630 1423 721 1490; x_wconf 86' lang='lat' dir='ltr'><strong>locus</strong></span> <span class='ocrx_word' id='word_1_147' title='bbox 750 1443 824 1500; x_wconf 86' lang='lat' dir='ltr'><strong>cum</strong></span> <span class='ocrx_word' id='word_1_148' title='bbox 854 1424 1014 1489; x_wconf 88' lang='lat' dir='ltr'><strong>similibus</strong></span> <span class='ocrx_word' id='word_1_149' title='bbox 1043 1423 1147 1502; x_wconf 89' lang='lat' dir='ltr'><strong>docet,</strong></span> <span class='ocrx_word' id='word_1_150' title='bbox 1199 1424 1387 1490; x_wconf 87' lang='lat' dir='ltr'><strong>ostenderet</strong></span> <span class='ocrx_word' id='word_1_151' title='bbox 1415 1425 1577 1490; x_wconf 91' lang='lat' dir='ltr'><strong>malorum</strong></span> <span class='ocrx_word' id='word_1_152' title='bbox 1604 1445 1751 1491; x_wconf 90' lang='lat' dir='ltr'><strong>oausam:</strong></span> <span class='ocrx_word' id='word_1_153' title='bbox 1783 1425 1909 1493; x_wconf 88' lang='lat' dir='ltr'><strong>dicebat</strong></span> <span class='ocrx_word' id='word_1_154' title='bbox 1941 1437 2052 1493; x_wconf 90' lang='lat' dir='ltr'><strong>tamen</strong></span> <span class='ocrx_word' id='word_1_155' title='bbox 2078 1427 2167 1492; x_wconf 91' lang='lat' dir='ltr'><strong>Iere-</strong></span> 
     </span>
     <span class='ocr_line' id='line_1_13' title="bbox 168 1508 2166 1596; baseline 0.002 -20"><span class='ocrx_word' id='word_1_156' title='bbox 168 1531 300 1576; x_wconf 87' lang='lat' dir='ltr'><strong>meram</strong></span> <span class='ocrx_word' id='word_1_157' title='bbox 334 1533 404 1578; x_wconf 89' lang='lat' dir='ltr'><strong>esse</strong></span> <span class='ocrx_word' id='word_1_158' title='bbox 436 1511 653 1593; x_wconf 86' lang='lat' dir='ltr'><strong>pervicaciam</strong></span> <span class='ocrx_word' id='word_1_159' title='bbox 685 1511 720 1573; x_wconf 91' lang='lat' dir='ltr'><strong>in</strong></span> <span class='ocrx_word' id='word_1_160' title='bbox 753 1509 918 1588; x_wconf 90' lang='lat' dir='ltr'><strong>omnibus,</strong></span> <span class='ocrx_word' id='word_1_161' title='bbox 951 1509 1007 1592; x_wconf 91' lang='lat' dir='ltr'><strong>qui</strong></span> <span class='ocrx_word' id='word_1_162' title='bbox 1041 1509 1147 1592; x_wconf 87' lang='lat' dir='ltr'><strong>legem</strong></span> <span class='ocrx_word' id='word_1_163' title='bbox 1199 1509 1281 1574; x_wconf 88' lang='lat' dir='ltr'><strong>miae</strong></span> <span class='ocrx_word' id='word_1_164' title='bbox 1303 1508 1364 1575; x_wconf 91' lang='lat' dir='ltr'><strong>hoo</strong></span> <span class='ocrx_word' id='word_1_165' title='bbox 1381 1531 1484 1576; x_wconf 91' lang='lat' dir='ltr'><strong>unum</strong></span> <span class='ocrx_word' id='word_1_166' title='bbox 1506 1511 1664 1587; x_wconf 86' lang='lat' dir='ltr'><strong>sulficere,</strong></span> <span class='ocrx_word' id='word_1_167' title='bbox 1687 1511 1772 1595; x_wconf 91' lang='lat' dir='ltr'><strong>quod</strong></span> <span class='ocrx_word' id='word_1_168' title='bbox 1784 1513 1876 1578; x_wconf 89' lang='lat' dir='ltr'><strong>Deus</strong></span> <span class='ocrx_word' id='word_1_169' title='bbox 1897 1512 2050 1596; x_wconf 89' lang='lat' dir='ltr'><strong>loquutus</strong></span> <span class='ocrx_word' id='word_1_170' title='bbox 2071 1525 2166 1593; x_wconf 91' lang='lat' dir='ltr'><strong>esset,</strong></span> 
     </span>
     <span class='ocr_line' id='line_1_14' title="bbox 169 1594 2166 1681; baseline 0.001 -19"><span class='ocrx_word' id='word_1_171' title='bbox 169 1598 360 1680; x_wconf 91' lang='lat' dir='ltr'><strong>audieruut,</strong></span> <span class='ocrx_word' id='word_1_172' title='bbox 390 1597 452 1662; x_wconf 91' lang='lat' dir='ltr'><strong>uisi</strong></span> <span class='ocrx_word' id='word_1_173' title='bbox 474 1595 644 1663; x_wconf 69' lang='lat' dir='ltr'><strong>obedianti</strong></span> <span class='ocrx_word' id='word_1_174' title='bbox 673 1595 770 1678; x_wconf 81' lang='lat' dir='ltr'><strong>posui</strong></span> <span class='ocrx_word' id='word_1_175' title='bbox 797 1595 898 1678; x_wconf 90' lang='lat' dir='ltr'><strong>igitur</strong></span> <span class='ocrx_word' id='word_1_176' title='bbox 926 1594 1016 1660; x_wconf 81' lang='lat' dir='ltr'><strong>illum</strong></span> <span class='ocrx_word' id='word_1_177' title='bbox 1043 1615 1148 1660; x_wconf 82' lang='lat' dir='ltr'><strong>coram</strong></span> <span class='ocrx_word' id='word_1_178' title='bbox 1198 1607 1232 1659; x_wconf 89' lang='lat' dir='ltr'><strong>et</strong></span> <span class='ocrx_word' id='word_1_179' title='bbox 1254 1605 1404 1679; x_wconf 85' lang='lat' dir='ltr'><strong>pergeret</strong></span> <span class='ocrx_word' id='word_1_180' title='bbox 1435 1598 1534 1662; x_wconf 90' lang='lat' dir='ltr'><strong>etiam</strong></span> <span class='ocrx_word' id='word_1_181' title='bbox 1567 1597 1653 1681; x_wconf 93' lang='lat' dir='ltr'><strong>apud</strong></span> <span class='ocrx_word' id='word_1_182' title='bbox 1682 1599 1768 1681; x_wconf 91' lang='lat' dir='ltr'><strong>ipsos</strong></span> <span class='ocrx_word' id='word_1_183' title='bbox 1797 1598 1893 1680; x_wconf 92' lang='lat' dir='ltr'><strong>loqui.</strong></span> <span class='ocrx_word' id='word_1_184' title='bbox 1938 1597 2077 1664; x_wconf 91' lang='lat' dir='ltr'><strong>Dicebat</strong></span> <span class='ocrx_word' id='word_1_185' title='bbox 2098 1619 2166 1664; x_wconf 91' lang='lat' dir='ltr'><strong>non</strong></span> 
     </span>
     <span class='ocr_line' id='line_1_15' title="bbox 168 1681 2167 1767; baseline 0.001 -19"><span class='ocrx_word' id='word_1_186' title='bbox 168 1685 266 1764; x_wconf 77' lang='lat' dir='ltr'><strong>ipsis,</strong></span> <span class='ocrx_word' id='word_1_187' title='bbox 295 1685 418 1764; x_wconf 89' lang='lat' dir='ltr'><strong>inquit:</strong></span> <span class='ocrx_word' id='word_1_188' title='bbox 452 1687 562 1747; x_wconf 68' lang='lat' dir='ltr'><strong>dccc</strong></span> <span class='ocrx_word' id='word_1_189' title='bbox 583 1682 753 1748; x_wconf 73' lang='lat' dir='ltr'><strong>cedema</strong></span> <span class='ocrx_word' id='word_1_190' title='bbox 777 1700 877 1747; x_wconf 76' lang='lat' dir='ltr'><strong>occec</strong></span> <span class='ocrx_word' id='word_1_191' title='bbox 898 1700 1008 1763; x_wconf 85' lang='lat' dir='ltr'><strong>mecm,</strong></span> <span class='ocrx_word' id='word_1_192' title='bbox 1037 1686 1065 1746; x_wconf 87' lang='lat' dir='ltr'><strong>et</strong></span> <span class='ocrx_word' id='word_1_193' title='bbox 1086 1701 1147 1745; x_wconf 77' lang='lat' dir='ltr'><strong>nora</strong></span> <span class='ocrx_word' id='word_1_194' title='bbox 1198 1681 1298 1747; x_wconf 83' lang='lat' dir='ltr'><strong>luisse</strong></span> <span class='ocrx_word' id='word_1_195' title='bbox 1326 1684 1504 1765; x_wconf 87' lang='lat' dir='ltr'><strong>morigeros</strong></span> <span class='ocrx_word' id='word_1_196' title='bbox 1533 1683 1671 1766; x_wconf 89' lang='lat' dir='ltr'><strong>imperio</strong></span> <span class='ocrx_word' id='word_1_197' title='bbox 1693 1683 1765 1762; x_wconf 90' lang='lat' dir='ltr'><strong>Dei,</strong></span> <span class='ocrx_word' id='word_1_198' title='bbox 1799 1682 1855 1748; x_wconf 91' lang='lat' dir='ltr'><strong>sed</strong></span> <span class='ocrx_word' id='word_1_199' title='bbox 1882 1685 2036 1766; x_wconf 68' lang='lat' dir='ltr'><strong>prosedas</strong></span> <span class='ocrx_word' id='word_1_200' title='bbox 2065 1686 2167 1767; x_wconf 75' lang='lat' dir='ltr'><strong>fuisse</strong></span> 
     </span>
     <span class='ocr_line' id='line_1_16' title="bbox 167 1766 2166 1855; baseline 0.001 -21"><span class='ocrx_word' id='word_1_201' title='bbox 167 1769 408 1834; x_wconf 63' lang='lat' dir='ltr'><strong>mbuluomw</strong></span> <span class='ocrx_word' id='word_1_202' title='bbox 436 1769 472 1833; x_wconf 79' lang='lat' dir='ltr'><strong>irs</strong></span> <span class='ocrx_word' id='word_1_203' title='bbox 500 1789 546 1833; x_wconf 86' lang='lat' dir='ltr'><strong>ac.</strong></span> <span class='ocrx_word' id='word_1_204' title='bbox 595 1766 721 1833; x_wconf 87' lang='lat' dir='ltr'><strong>Definit</strong></span> <span class='ocrx_word' id='word_1_205' title='bbox 753 1766 831 1850; x_wconf 90' lang='lat' dir='ltr'><strong>quid</strong></span> <span class='ocrx_word' id='word_1_206' title='bbox 864 1767 906 1832; x_wconf 89' lang='lat' dir='ltr'><strong>sit</strong></span> <span class='ocrx_word' id='word_1_207' title='bbox 935 1787 999 1831; x_wconf 92' lang='lat' dir='ltr'><strong>uon</strong></span> <span class='ocrx_word' id='word_1_208' title='bbox 1032 1766 1146 1831; x_wconf 89' lang='lat' dir='ltr'><strong>audire</strong></span> <span class='ocrx_word' id='word_1_209' title='bbox 1191 1771 1266 1847; x_wconf 75' lang='lat' dir='ltr'><strong>post</strong></span> <span class='ocrx_word' id='word_1_210' title='bbox 1285 1767 1439 1833; x_wconf 77' lang='lat' dir='ltr'><strong>duritiem</strong></span> <span class='ocrx_word' id='word_1_211' title='bbox 1455 1769 1559 1834; x_wconf 80' lang='lat' dir='ltr'><strong>cordis</strong></span> <span class='ocrx_word' id='word_1_212' title='bbox 1578 1771 1642 1852; x_wconf 81' lang='lat' dir='ltr'><strong>sui,</strong></span> <span class='ocrx_word' id='word_1_213' title='bbox 1663 1775 1692 1833; x_wconf 76' lang='lat' dir='ltr'><strong>et</strong></span> <span class='ocrx_word' id='word_1_214' title='bbox 1713 1773 1787 1852; x_wconf 82' lang='lat' dir='ltr'><strong>poet</strong></span> <span class='ocrx_word' id='word_1_215' title='bbox 1808 1767 1949 1835; x_wconf 81' lang='lat' dir='ltr'><strong>Baalim.</strong></span> <span class='ocrx_word' id='word_1_216' title='bbox 1993 1769 2166 1855; x_wconf 80' lang='lat' dir='ltr'><strong>Adiungit,</strong></span> 
     </span>
     <span class='ocr_line' id='line_1_17' title="bbox 167 1852 2167 1940; baseline 0.003 -23"><span class='ocrx_word' id='word_1_217' title='bbox 167 1875 287 1920; x_wconf 85' lang='lat' dir='ltr'><strong>vocem</strong></span> <span class='ocrx_word' id='word_1_218' title='bbox 310 1875 414 1920; x_wconf 86' lang='lat' dir='ltr'><strong>suam.</strong></span> <span class='ocrx_word' id='word_1_219' title='bbox 458 1854 611 1938; x_wconf 80' lang='lat' dir='ltr'><strong>Fiuguut</strong></span> <span class='ocrx_word' id='word_1_220' title='bbox 643 1855 730 1918; x_wconf 91' lang='lat' dir='ltr'><strong>euim</strong></span> <span class='ocrx_word' id='word_1_221' title='bbox 763 1853 858 1918; x_wconf 91' lang='lat' dir='ltr'><strong>etiam</strong></span> <span class='ocrx_word' id='word_1_222' title='bbox 892 1852 1081 1935; x_wconf 81' lang='lat' dir='ltr'><strong>hypocritae</strong></span> <span class='ocrx_word' id='word_1_223' title='bbox 1111 1873 1146 1918; x_wconf 92' lang='lat' dir='ltr'><strong>se</strong></span> <span class='ocrx_word' id='word_1_224' title='bbox 1196 1853 1242 1916; x_wconf 86' lang='lat' dir='ltr'><strong>itu</strong></span> <span class='ocrx_word' id='word_1_225' title='bbox 1263 1853 1383 1918; x_wconf 86' lang='lat' dir='ltr'><strong>edoctos</strong></span> <span class='ocrx_word' id='word_1_226' title='bbox 1402 1854 1504 1935; x_wconf 75' lang='lat' dir='ltr'><strong>fuisse</strong></span> <span class='ocrx_word' id='word_1_227' title='bbox 1524 1874 1546 1919; x_wconf 87' lang='lat' dir='ltr'><strong>o</strong></span> <span class='ocrx_word' id='word_1_228' title='bbox 1561 1853 1718 1935; x_wconf 77' lang='lat' dir='ltr'><strong>putribus.</strong></span> <span class='ocrx_word' id='word_1_229' title='bbox 1752 1852 1827 1934; x_wconf 80' lang='lat' dir='ltr'><strong>Qua</strong></span> <span class='ocrx_word' id='word_1_230' title='bbox 1848 1854 2007 1938; x_wconf 88' lang='lat' dir='ltr'><strong>particula</strong></span> <span class='ocrx_word' id='word_1_231' title='bbox 2029 1875 2167 1940; x_wconf 87' lang='lat' dir='ltr'><strong>exagge-</strong></span> 
     </span>
     <span class='ocr_line' id='line_1_18' title="bbox 167 1937 2167 2026; baseline 0.002 -22"><span class='ocrx_word' id='word_1_232' title='bbox 167 1940 302 2021; x_wconf 87' lang='lat' dir='ltr'><strong>audire,</strong></span> <span class='ocrx_word' id='word_1_233' title='bbox 337 1948 370 2004; x_wconf 92' lang='lat' dir='ltr'><strong>et</strong></span> <span class='ocrx_word' id='word_1_234' title='bbox 398 1951 551 2006; x_wconf 88' lang='lat' dir='ltr'><strong>annuunt</strong></span> <span class='ocrx_word' id='word_1_235' title='bbox 580 1939 679 2004; x_wconf 86' lang='lat' dir='ltr'><strong>etiam</strong></span> <span class='ocrx_word' id='word_1_236' title='bbox 710 1938 843 2003; x_wconf 90' lang='lat' dir='ltr'><strong>auribus</strong></span> <span class='ocrx_word' id='word_1_237' title='bbox 872 1937 1145 2020; x_wconf 84' lang='lat' dir='ltr'><strong>quemadmodum</strong></span> <span class='ocrx_word' id='word_1_238' title='bbox 1197 1949 1249 2002; x_wconf 87' lang='lat' dir='ltr'><strong>ret</strong></span> <span class='ocrx_word' id='word_1_239' title='bbox 1269 1940 1464 2021; x_wconf 85' lang='lat' dir='ltr'><strong>gravitatem</strong></span> <span class='ocrx_word' id='word_1_240' title='bbox 1492 1940 1655 2006; x_wconf 88' lang='lat' dir='ltr'><strong>criminis:</strong></span> <span class='ocrx_word' id='word_1_241' title='bbox 1684 1939 1759 2023; x_wconf 90' lang='lat' dir='ltr'><strong>quia</strong></span> <span class='ocrx_word' id='word_1_242' title='bbox 1780 1939 1902 2006; x_wconf 87' lang='lat' dir='ltr'><strong>seilicet</strong></span> <span class='ocrx_word' id='word_1_243' title='bbox 1921 1960 1986 2005; x_wconf 89' lang='lat' dir='ltr'><strong>non</strong></span> <span class='ocrx_word' id='word_1_244' title='bbox 2010 1941 2167 2026; x_wconf 90' lang='lat' dir='ltr'><strong>incipiant</strong></span> 
     </span>
     <span class='ocr_line' id='line_1_19' title="bbox 168 2024 2166 2109; baseline 0.002 -19"><span class='ocrx_word' id='word_1_245' title='bbox 168 2026 278 2091; x_wconf 86' lang='lat' dir='ltr'><strong>asini:</strong></span> <span class='ocrx_word' id='word_1_246' title='bbox 317 2025 374 2092; x_wconf 89' lang='lat' dir='ltr'><strong>sad</strong></span> <span class='ocrx_word' id='word_1_247' title='bbox 411 2025 489 2109; x_wconf 90' lang='lat' dir='ltr'><strong>quia</strong></span> <span class='ocrx_word' id='word_1_248' title='bbox 525 2045 593 2090; x_wconf 92' lang='lat' dir='ltr'><strong>non</strong></span> <span class='ocrx_word' id='word_1_249' title='bbox 628 2026 850 2106; x_wconf 89' lang='lat' dir='ltr'><strong>obsequuntur</strong></span> <span class='ocrx_word' id='word_1_250' title='bbox 886 2024 1030 2106; x_wconf 89' lang='lat' dir='ltr'><strong>loquenti</strong></span> <span class='ocrx_word' id='word_1_251' title='bbox 1065 2024 1144 2100; x_wconf 89' lang='lat' dir='ltr'><strong>Deo,</strong></span> <span class='ocrx_word' id='word_1_252' title='bbox 1197 2044 1285 2089; x_wconf 90' lang='lat' dir='ltr'><strong>nunc</strong></span> <span class='ocrx_word' id='word_1_253' title='bbox 1314 2025 1456 2107; x_wconf 88' lang='lat' dir='ltr'><strong>primum</strong></span> <span class='ocrx_word' id='word_1_254' title='bbox 1485 2046 1628 2109; x_wconf 88' lang='lat' dir='ltr'><strong>peccare,</strong></span> <span class='ocrx_word' id='word_1_255' title='bbox 1660 2026 1716 2091; x_wconf 82' lang='lat' dir='ltr'><strong>sed</strong></span> <span class='ocrx_word' id='word_1_256' title='bbox 1745 2024 1900 2091; x_wconf 89' lang='lat' dir='ltr'><strong>obstinati</strong></span> <span class='ocrx_word' id='word_1_257' title='bbox 1929 2027 2071 2092; x_wconf 90' lang='lat' dir='ltr'><strong>suntin</strong></span> <span class='ocrx_word' id='word_1_258' title='bbox 2098 2029 2166 2094; x_wconf 91' lang='lat' dir='ltr'><strong>suis</strong></span> 
     </span>
     <span class='ocr_line' id='line_1_20' title="bbox 168 2108 2165 2195; baseline 0.001 -18"><span class='ocrx_word' id='word_1_259' title='bbox 168 2112 250 2177; x_wconf 89' lang='lat' dir='ltr'><strong>hinc</strong></span> <span class='ocrx_word' id='word_1_260' title='bbox 271 2119 363 2195; x_wconf 90' lang='lat' dir='ltr'><strong>patet</strong></span> <span class='ocrx_word' id='word_1_261' title='bbox 384 2131 440 2176; x_wconf 89' lang='lat' dir='ltr'><strong>eos</strong></span> <span class='ocrx_word' id='word_1_262' title='bbox 461 2111 578 2178; x_wconf 91' lang='lat' dir='ltr'><strong>surdos</strong></span> <span class='ocrx_word' id='word_1_263' title='bbox 600 2131 680 2176; x_wconf 88' lang='lat' dir='ltr'><strong>esse.</strong></span> <span class='ocrx_word' id='word_1_264' title='bbox 720 2110 811 2175; x_wconf 89' lang='lat' dir='ltr'><strong>Dicit</strong></span> <span class='ocrx_word' id='word_1_265' title='bbox 832 2128 909 2192; x_wconf 92' lang='lat' dir='ltr'><strong>ergo</strong></span> <span class='ocrx_word' id='word_1_266' title='bbox 929 2129 978 2174; x_wconf 83' lang='lat' dir='ltr'><strong>eos</strong></span> <span class='ocrx_word' id='word_1_267' title='bbox 998 2129 1059 2174; x_wconf 79' lang='lat' dir='ltr'><strong>uon</strong></span> <span class='ocrx_word' id='word_1_268' title='bbox 1081 2129 1146 2174; x_wconf 81' lang='grc' dir='ltr'>οοι-</span> <span class='ocrx_word' id='word_1_269' title='bbox 1197 2108 1294 2174; x_wconf 86' lang='lat' dir='ltr'><strong>vitiis.</strong></span> <span class='ocrx_word' id='word_1_270' title='bbox 1339 2109 1434 2176; x_wconf 87' lang='lat' dir='ltr'><strong>Licet</strong></span> <span class='ocrx_word' id='word_1_271' title='bbox 1466 2118 1576 2177; x_wconf 90' lang='lat' dir='ltr'><strong>autem</strong></span> <span class='ocrx_word' id='word_1_272' title='bbox 1608 2111 1760 2194; x_wconf 89' lang='lat' dir='ltr'><strong>colligare</strong></span> <span class='ocrx_word' id='word_1_273' title='bbox 1790 2133 1831 2176; x_wconf 87' lang='lat' dir='ltr'><strong>er</strong></span> <span class='ocrx_word' id='word_1_274' title='bbox 1861 2112 1923 2176; x_wconf 93' lang='lat' dir='ltr'><strong>hoc</strong></span> <span class='ocrx_word' id='word_1_275' title='bbox 1954 2112 2033 2190; x_wconf 89' lang='lat' dir='ltr'><strong>loco,</strong></span> <span class='ocrx_word' id='word_1_276' title='bbox 2068 2132 2165 2195; x_wconf 89' lang='lat' dir='ltr'><strong>quam</strong></span> 
     </span>
     <span class='ocr_line' id='line_1_21' title="bbox 167 2194 2164 2282; baseline 0 -18"><span class='ocrx_word' id='word_1_277' title='bbox 167 2197 295 2264; x_wconf 61' lang='lat' dir='ltr'><strong>wieres</strong></span> <span class='ocrx_word' id='word_1_278' title='bbox 321 2199 357 2262; x_wconf 84' lang='lat' dir='ltr'><strong>in</strong></span> <span class='ocrx_word' id='word_1_279' title='bbox 383 2217 451 2263; x_wconf 84' lang='lat' dir='ltr'><strong>voce</strong></span> <span class='ocrx_word' id='word_1_280' title='bbox 478 2217 555 2281; x_wconf 82' lang='lat' dir='ltr'><strong>suc,</strong></span> <span class='ocrx_word' id='word_1_281' title='bbox 586 2195 648 2262; x_wconf 91' lang='lat' dir='ltr'><strong>hoe</strong></span> <span class='ocrx_word' id='word_1_282' title='bbox 678 2203 728 2261; x_wconf 91' lang='lat' dir='ltr'><strong>est</strong></span> <span class='ocrx_word' id='word_1_283' title='bbox 760 2216 825 2260; x_wconf 90' lang='lat' dir='ltr'><strong>nou</strong></span> <span class='ocrx_word' id='word_1_284' title='bbox 858 2194 1038 2260; x_wconf 86' lang='lat' dir='ltr'><strong>obedivisse</strong></span> <span class='ocrx_word' id='word_1_285' title='bbox 1073 2194 1145 2259; x_wconf 90' lang='grc' dir='ltr'>νοοῖ</span> <span class='ocrx_word' id='word_1_286' title='bbox 1196 2194 1296 2260; x_wconf 90' lang='lat' dir='ltr'><strong>stulte</strong></span> <span class='ocrx_word' id='word_1_287' title='bbox 1313 2195 1496 2280; x_wconf 79' lang='lat' dir='ltr'><strong>glorientur</strong></span> <span class='ocrx_word' id='word_1_288' title='bbox 1513 2217 1599 2262; x_wconf 89' lang='lat' dir='ltr'><strong>nunc</strong></span> <span class='ocrx_word' id='word_1_289' title='bbox 1617 2198 1762 2280; x_wconf 88' lang='lat' dir='ltr'><strong>papistae</strong></span> <span class='ocrx_word' id='word_1_290' title='bbox 1777 2197 1811 2262; x_wconf 93' lang='lat' dir='ltr'><strong>in</strong></span> <span class='ocrx_word' id='word_1_291' title='bbox 1827 2197 2008 2263; x_wconf 75' lang='lat' dir='ltr'><strong>imitatione</strong></span> <span class='ocrx_word' id='word_1_292' title='bbox 2025 2207 2164 2282; x_wconf 90' lang='lat' dir='ltr'><strong>patrum.</strong></span> 
     </span>
     <span class='ocr_line' id='line_1_22' title="bbox 167 2280 2165 2368; baseline -0.001 -18"><span class='ocrx_word' id='word_1_293' title='bbox 167 2305 259 2350; x_wconf 88' lang='lat' dir='ltr'><strong>suae.</strong></span> <span class='ocrx_word' id='word_1_294' title='bbox 305 2283 395 2348; x_wconf 90' lang='lat' dir='ltr'><strong>Hinc</strong></span> <span class='ocrx_word' id='word_1_295' title='bbox 417 2283 542 2366; x_wconf 91' lang='lat' dir='ltr'><strong>colligit</strong></span> <span class='ocrx_word' id='word_1_296' title='bbox 563 2281 664 2348; x_wconf 86' lang='lat' dir='ltr'><strong>fuisse</strong></span> <span class='ocrx_word' id='word_1_297' title='bbox 686 2280 811 2361; x_wconf 90' lang='lat' dir='ltr'><strong>surdos,</strong></span> <span class='ocrx_word' id='word_1_298' title='bbox 840 2281 916 2364; x_wconf 88' lang='lat' dir='ltr'><strong>quia</strong></span> <span class='ocrx_word' id='word_1_299' title='bbox 937 2281 1008 2346; x_wconf 85' lang='lat' dir='ltr'><strong>vita</strong></span> <span class='ocrx_word' id='word_1_300' title='bbox 1029 2282 1144 2366; x_wconf 87' lang='lat' dir='ltr'><strong>testari</strong></span> <span class='ocrx_word' id='word_1_301' title='bbox 1196 2280 1320 2346; x_wconf 87' lang='lat' dir='ltr'><strong>Putant</strong></span> <span class='ocrx_word' id='word_1_302' title='bbox 1342 2281 1429 2347; x_wconf 90' lang='lat' dir='ltr'><strong>enim</strong></span> <span class='ocrx_word' id='word_1_303' title='bbox 1451 2282 1602 2366; x_wconf 87' lang='lat' dir='ltr'><strong>exempla</strong></span> <span class='ocrx_word' id='word_1_304' title='bbox 1624 2281 1686 2348; x_wconf 91' lang='lat' dir='ltr'><strong>sibi</strong></span> <span class='ocrx_word' id='word_1_305' title='bbox 1715 2283 1863 2348; x_wconf 86' lang='lat' dir='ltr'><strong>sulficere</strong></span> <span class='ocrx_word' id='word_1_306' title='bbox 1892 2303 1949 2365; x_wconf 90' lang='lat' dir='ltr'><strong>pro</strong></span> <span class='ocrx_word' id='word_1_307' title='bbox 1978 2282 2068 2368; x_wconf 88' lang='lat' dir='ltr'><strong>lege:</strong></span> <span class='ocrx_word' id='word_1_308' title='bbox 2100 2285 2165 2349; x_wconf 89' lang='lat' dir='ltr'><strong>ime</strong></span> 
     </span>
     <span class='ocr_line' id='line_1_23' title="bbox 167 2366 2165 2454; baseline 0 -20"><span class='ocrx_word' id='word_1_309' title='bbox 167 2369 318 2454; x_wconf 91' lang='lat' dir='ltr'><strong>oportuit</strong></span> <span class='ocrx_word' id='word_1_310' title='bbox 340 2370 427 2452; x_wconf 91' lang='lat' dir='ltr'><strong>ipsos</strong></span> <span class='ocrx_word' id='word_1_311' title='bbox 450 2369 591 2434; x_wconf 88' lang='lat' dir='ltr'><strong>audiisse</strong></span> <span class='ocrx_word' id='word_1_312' title='bbox 610 2388 721 2434; x_wconf 87' lang='lat' dir='ltr'><strong>vocem</strong></span> <span class='ocrx_word' id='word_1_313' title='bbox 735 2367 797 2431; x_wconf 88' lang='lat' dir='ltr'><strong>Dei</strong></span> <span class='ocrx_word' id='word_1_314' title='bbox 819 2366 992 2448; x_wconf 89' lang='lat' dir='ltr'><strong>loquentis.</strong></span> <span class='ocrx_word' id='word_1_315' title='bbox 1025 2367 1145 2432; x_wconf 88' lang='lat' dir='ltr'><strong>Postea</strong></span> <span class='ocrx_word' id='word_1_316' title='bbox 1196 2386 1260 2430; x_wconf 91' lang='lat' dir='ltr'><strong>non</strong></span> <span class='ocrx_word' id='word_1_317' title='bbox 1284 2366 1434 2432; x_wconf 91' lang='lat' dir='ltr'><strong>dubitant</strong></span> <span class='ocrx_word' id='word_1_318' title='bbox 1456 2388 1618 2452; x_wconf 90' lang='lat' dir='ltr'><strong>opponere</strong></span> <span class='ocrx_word' id='word_1_319' title='bbox 1640 2369 1702 2433; x_wconf 91' lang='lat' dir='ltr'><strong>Dei</strong></span> <span class='ocrx_word' id='word_1_320' title='bbox 1731 2368 1899 2434; x_wconf 89' lang='lat' dir='ltr'><strong>autoritati</strong></span> <span class='ocrx_word' id='word_1_321' title='bbox 1928 2366 2014 2451; x_wconf 91' lang='lat' dir='ltr'><strong>quod</strong></span> <span class='ocrx_word' id='word_1_322' title='bbox 2044 2367 2165 2434; x_wconf 85' lang='lat' dir='ltr'><strong>laetum</strong></span> 
     </span>
     <span class='ocr_line' id='line_1_24' title="bbox 165 2452 2164 2536; baseline 0 -16"><span class='ocrx_word' id='word_1_323' title='bbox 165 2455 277 2531; x_wconf 89' lang='lat' dir='ltr'><strong>addit,</strong></span> <span class='ocrx_word' id='word_1_324' title='bbox 311 2454 354 2519; x_wconf 79' lang='lat' dir='ltr'><strong>nt</strong></span> <span class='ocrx_word' id='word_1_325' title='bbox 384 2453 624 2520; x_wconf 80' lang='lat' dir='ltr'><strong>ambulaverunt</strong></span> <span class='ocrx_word' id='word_1_326' title='bbox 649 2457 722 2536; x_wconf 83' lang='lat' dir='ltr'><strong>post</strong></span> <span class='ocrx_word' id='word_1_327' title='bbox 747 2453 909 2536; x_wconf 69' lang='lat' dir='ltr'><strong>duritieve,</strong></span> <span class='ocrx_word' id='word_1_328' title='bbox 942 2458 1000 2517; x_wconf 91' lang='lat' dir='ltr'><strong>aut</strong></span> <span class='ocrx_word' id='word_1_329' title='bbox 1028 2459 1143 2517; x_wconf 90' lang='lat' dir='ltr'><strong>coutu-</strong></span> <span class='ocrx_word' id='word_1_330' title='bbox 1195 2461 1245 2517; x_wconf 91' lang='lat' dir='ltr'><strong>est</strong></span> <span class='ocrx_word' id='word_1_331' title='bbox 1266 2452 1307 2518; x_wconf 88' lang='lat' dir='ltr'><strong>ab</strong></span> <span class='ocrx_word' id='word_1_332' title='bbox 1327 2452 1524 2519; x_wconf 90' lang='lat' dir='ltr'><strong>homiuibus.</strong></span> <span class='ocrx_word' id='word_1_333' title='bbox 1556 2452 1623 2520; x_wconf 82' lang='lat' dir='ltr'><strong>Sed</strong></span> <span class='ocrx_word' id='word_1_334' title='bbox 1642 2453 1792 2519; x_wconf 86' lang='lat' dir='ltr'><strong>videmus</strong></span> <span class='ocrx_word' id='word_1_335' title='bbox 1813 2474 1878 2518; x_wconf 90' lang='lat' dir='ltr'><strong>non</strong></span> <span class='ocrx_word' id='word_1_336' title='bbox 1898 2452 1993 2519; x_wconf 93' lang='lat' dir='ltr'><strong>modo</strong></span> <span class='ocrx_word' id='word_1_337' title='bbox 2014 2454 2164 2520; x_wconf 82' lang='lat' dir='ltr'><strong>frivolam</strong></span> 
     </span>
     <span class='ocr_line' id='line_1_25' title="bbox 165 2538 2163 2623; baseline -0.001 -16"><span class='ocrx_word' id='word_1_338' title='bbox 165 2541 309 2607; x_wconf 83' lang='lat' dir='ltr'><strong>maniam</strong></span> <span class='ocrx_word' id='word_1_339' title='bbox 333 2539 436 2606; x_wconf 84' lang='lat' dir='ltr'><strong>cardis</strong></span> <span class='ocrx_word' id='word_1_340' title='bbox 457 2541 520 2620; x_wconf 81' lang='lat' dir='ltr'><strong>sut,</strong></span> <span class='ocrx_word' id='word_1_341' title='bbox 550 2549 608 2604; x_wconf 88' lang='lat' dir='ltr'><strong>aut</strong></span> <span class='ocrx_word' id='word_1_342' title='bbox 637 2548 711 2622; x_wconf 90' lang='lat' dir='ltr'><strong>post</strong></span> <span class='ocrx_word' id='word_1_343' title='bbox 732 2539 951 2622; x_wconf 85' lang='lat' dir='ltr'><strong>cogitationes.</strong></span> <span class='ocrx_word' id='word_1_344' title='bbox 997 2538 1145 2621; x_wconf 89' lang='lat' dir='ltr'><strong>Opponit</strong></span> <span class='ocrx_word' id='word_1_345' title='bbox 1195 2558 1265 2604; x_wconf 89' lang='lat' dir='ltr'><strong>esse</strong></span> <span class='ocrx_word' id='word_1_346' title='bbox 1287 2538 1373 2604; x_wconf 90' lang='lat' dir='ltr'><strong>hanc</strong></span> <span class='ocrx_word' id='word_1_347' title='bbox 1395 2541 1648 2618; x_wconf 88' lang='lat' dir='ltr'><strong>excusationem,</strong></span> <span class='ocrx_word' id='word_1_348' title='bbox 1669 2539 1727 2605; x_wconf 91' lang='lat' dir='ltr'><strong>sed</strong></span> <span class='ocrx_word' id='word_1_349' title='bbox 1749 2539 1872 2606; x_wconf 87' lang='lat' dir='ltr'><strong>crimen</strong></span> <span class='ocrx_word' id='word_1_350' title='bbox 1895 2538 2062 2622; x_wconf 89' lang='lat' dir='ltr'><strong>duplicari,</strong></span> <span class='ocrx_word' id='word_1_351' title='bbox 2084 2561 2163 2623; x_wconf 90' lang='lat' dir='ltr'><strong>quo-</strong></span> 
     </span>
     <span class='ocr_line' id='line_1_26' title="bbox 165 2622 2164 2711; baseline -0.001 -18"><span class='ocrx_word' id='word_1_352' title='bbox 165 2628 385 2711; x_wconf 82' lang='lat' dir='ltr'><strong>oogitationes</strong></span> <span class='ocrx_word' id='word_1_353' title='bbox 413 2624 527 2703; x_wconf 85' lang='lat' dir='ltr'><strong>cordis,</strong></span> <span class='ocrx_word' id='word_1_354' title='bbox 560 2626 611 2692; x_wconf 82' lang='lat' dir='ltr'><strong>vel</strong></span> <span class='ocrx_word' id='word_1_355' title='bbox 634 2625 798 2701; x_wconf 84' lang='lat' dir='ltr'><strong>duritiem,</strong></span> <span class='ocrx_word' id='word_1_356' title='bbox 828 2624 899 2689; x_wconf 87' lang='lat' dir='ltr'><strong>voci</strong></span> <span class='ocrx_word' id='word_1_357' title='bbox 922 2622 995 2701; x_wconf 90' lang='lat' dir='ltr'><strong>Dei,</strong></span> <span class='ocrx_word' id='word_1_358' title='bbox 1029 2643 1142 2706; x_wconf 92' lang='lat' dir='ltr'><strong>quem·</strong></span> <span class='ocrx_word' id='word_1_359' title='bbox 1195 2623 1284 2688; x_wconf 90' lang='lat' dir='ltr'><strong>niam</strong></span> <span class='ocrx_word' id='word_1_360' title='bbox 1306 2623 1430 2690; x_wconf 87' lang='lat' dir='ltr'><strong>scilieet</strong></span> <span class='ocrx_word' id='word_1_361' title='bbox 1451 2625 1556 2709; x_wconf 88' lang='lat' dir='ltr'><strong>magis</strong></span> <span class='ocrx_word' id='word_1_362' title='bbox 1579 2625 1773 2692; x_wconf 87' lang='lat' dir='ltr'><strong>excusabilis</strong></span> <span class='ocrx_word' id='word_1_363' title='bbox 1802 2637 1888 2692; x_wconf 89' lang='lat' dir='ltr'><strong>esset</strong></span> <span class='ocrx_word' id='word_1_364' title='bbox 1915 2625 2046 2692; x_wconf 90' lang='lat' dir='ltr'><strong>inscitia</strong></span> <span class='ocrx_word' id='word_1_365' title='bbox 2065 2627 2164 2692; x_wconf 89' lang='lat' dir='ltr'><strong>unius</strong></span> 
     </span>
     <span class='ocr_line' id='line_1_27' title="bbox 165 2709 2163 2794; baseline -0.001 -16"><span class='ocrx_word' id='word_1_366' title='bbox 165 2711 345 2779; x_wconf 80' lang='lat' dir='ltr'><strong>admodum</strong></span> <span class='ocrx_word' id='word_1_367' title='bbox 379 2711 452 2777; x_wconf 89' lang='lat' dir='ltr'><strong>aliis</strong></span> <span class='ocrx_word' id='word_1_368' title='bbox 484 2711 562 2778; x_wconf 92' lang='lat' dir='ltr'><strong>locis</strong></span> <span class='ocrx_word' id='word_1_369' title='bbox 596 2711 693 2777; x_wconf 90' lang='lat' dir='ltr'><strong>etiam</strong></span> <span class='ocrx_word' id='word_1_370' title='bbox 728 2710 876 2775; x_wconf 85' lang='lat' dir='ltr'><strong>ridemus</strong></span> <span class='ocrx_word' id='word_1_371' title='bbox 911 2709 1014 2775; x_wconf 88' lang='lat' dir='ltr'><strong>statui</strong></span> <span class='ocrx_word' id='word_1_372' title='bbox 1050 2710 1141 2793; x_wconf 91' lang='lat' dir='ltr'><strong>quasi</strong></span> <span class='ocrx_word' id='word_1_373' title='bbox 1194 2709 1282 2790; x_wconf 91' lang='lat' dir='ltr'><strong>anni,</strong></span> <span class='ocrx_word' id='word_1_374' title='bbox 1307 2709 1359 2775; x_wconf 84' lang='lat' dir='ltr'><strong>vel</strong></span> <span class='ocrx_word' id='word_1_375' title='bbox 1381 2711 1491 2794; x_wconf 90' lang='lat' dir='ltr'><strong>exigui</strong></span> <span class='ocrx_word' id='word_1_376' title='bbox 1515 2711 1677 2794; x_wconf 89' lang='lat' dir='ltr'><strong>temporis,</strong></span> <span class='ocrx_word' id='word_1_377' title='bbox 1710 2732 1806 2794; x_wconf 90' lang='lat' dir='ltr'><strong>quam</strong></span> <span class='ocrx_word' id='word_1_378' title='bbox 1829 2711 1886 2777; x_wconf 90' lang='lat' dir='ltr'><strong>ubi</strong></span> <span class='ocrx_word' id='word_1_379' title='bbox 1908 2709 2032 2778; x_wconf 88' lang='lat' dir='ltr'><strong>accedit</strong></span> <span class='ocrx_word' id='word_1_380' title='bbox 2063 2712 2163 2779; x_wconf 91' lang='lat' dir='ltr'><strong>obsti-</strong></span> 
     </span>
     <span class='ocr_line' id='line_1_28' title="bbox 164 2794 2161 2883; baseline -0.002 -17"><span class='ocrx_word' id='word_1_381' title='bbox 164 2799 350 2882; x_wconf 88' lang='lat' dir='ltr'><strong>oontraria,</strong></span> <span class='ocrx_word' id='word_1_382' title='bbox 395 2817 512 2883; x_wconf 88' lang='lat' dir='ltr'><strong>nempe</strong></span> <span class='ocrx_word' id='word_1_383' title='bbox 551 2794 705 2881; x_wconf 91' lang='lat' dir='ltr'><strong>quidquid</strong></span> <span class='ocrx_word' id='word_1_384' title='bbox 745 2797 932 2878; x_wconf 88' lang='lat' dir='ltr'><strong>concipiunt</strong></span> <span class='ocrx_word' id='word_1_385' title='bbox 970 2797 1140 2861; x_wconf 90' lang='lat' dir='ltr'><strong>hominum</strong></span> <span class='ocrx_word' id='word_1_386' title='bbox 1194 2796 1293 2860; x_wconf 91' lang='lat' dir='ltr'><strong>natio.</strong></span> <span class='ocrx_word' id='word_1_387' title='bbox 1336 2797 1382 2861; x_wconf 81' lang='lat' dir='ltr'><strong>Et</strong></span> <span class='ocrx_word' id='word_1_388' title='bbox 1403 2797 1464 2861; x_wconf 89' lang='lat' dir='ltr'><strong>lilii</strong></span> <span class='ocrx_word' id='word_1_389' title='bbox 1486 2798 1741 2863; x_wconf 87' lang='lat' dir='ltr'><strong>abominationes</strong></span> <span class='ocrx_word' id='word_1_390' title='bbox 1771 2806 1918 2879; x_wconf 82' lang='lat' dir='ltr'><strong>suceptae</strong></span> <span class='ocrx_word' id='word_1_391' title='bbox 1940 2817 1959 2861; x_wconf 91' lang='lat' dir='ltr'><strong>e</strong></span> <span class='ocrx_word' id='word_1_392' title='bbox 1981 2818 2081 2862; x_wconf 85' lang='lat' dir='ltr'><strong>mauu</strong></span> <span class='ocrx_word' id='word_1_393' title='bbox 2103 2818 2161 2881; x_wconf 92' lang='lat' dir='ltr'><strong>pa·</strong></span> 
     </span>
     <span class='ocr_line' id='line_1_29' title="bbox 162 2881 2162 2967; baseline -0.002 -18"><span class='ocrx_word' id='word_1_394' title='bbox 162 2893 303 2962; x_wconf 89' lang='lat' dir='ltr'><strong>mentes,</strong></span> <span class='ocrx_word' id='word_1_395' title='bbox 337 2890 371 2949; x_wconf 92' lang='lat' dir='ltr'><strong>et</strong></span> <span class='ocrx_word' id='word_1_396' title='bbox 392 2884 477 2966; x_wconf 90' lang='lat' dir='ltr'><strong>quod</strong></span> <span class='ocrx_word' id='word_1_397' title='bbox 500 2882 591 2954; x_wconf 90' lang='lat' dir='ltr'><strong>Deus</strong></span> <span class='ocrx_word' id='word_1_398' title='bbox 618 2881 717 2948; x_wconf 88' lang='lat' dir='ltr'><strong>verbo</strong></span> <span class='ocrx_word' id='word_1_399' title='bbox 744 2902 803 2948; x_wconf 90' lang='lat' dir='ltr'><strong>suo</strong></span> <span class='ocrx_word' id='word_1_400' title='bbox 831 2891 957 2948; x_wconf 90' lang='lat' dir='ltr'><strong>rectum</strong></span> <span class='ocrx_word' id='word_1_401' title='bbox 984 2902 1056 2949; x_wconf 90' lang='lat' dir='ltr'><strong>esse</strong></span> <span class='ocrx_word' id='word_1_402' title='bbox 1084 2881 1139 2946; x_wconf 92' lang='lat' dir='ltr'><strong>de·</strong></span> <span class='ocrx_word' id='word_1_403' title='bbox 1193 2889 1291 2960; x_wconf 89' lang='lat' dir='ltr'><strong>trum,</strong></span> <span class='ocrx_word' id='word_1_404' title='bbox 1310 2891 1479 2965; x_wconf 87' lang='lat' dir='ltr'><strong>postquem</strong></span> <span class='ocrx_word' id='word_1_405' title='bbox 1496 2882 1639 2967; x_wconf 84' lang='lat' dir='ltr'><strong>amplexi</strong></span> <span class='ocrx_word' id='word_1_406' title='bbox 1653 2891 1740 2961; x_wconf 90' lang='lat' dir='ltr'><strong>suut,</strong></span> <span class='ocrx_word' id='word_1_407' title='bbox 1759 2882 1892 2948; x_wconf 89' lang='lat' dir='ltr'><strong>treduut</strong></span> <span class='ocrx_word' id='word_1_408' title='bbox 1907 2883 2005 2948; x_wconf 86' lang='lat' dir='ltr'><strong>etiam</strong></span> <span class='ocrx_word' id='word_1_409' title='bbox 2021 2882 2162 2948; x_wconf 82' lang='lat' dir='ltr'><strong>vicissim</strong></span> 
     </span>
     <span class='ocr_line' id='line_1_30' title="bbox 162 2966 2161 3052; baseline -0.001 -17"><span class='ocrx_word' id='word_1_410' title='bbox 162 2977 339 3036; x_wconf 90' lang='lat' dir='ltr'><strong>monstrat.</strong></span> <span class='ocrx_word' id='word_1_411' title='bbox 384 2969 446 3034; x_wconf 82' lang='lat' dir='ltr'><strong>Est</strong></span> <span class='ocrx_word' id='word_1_412' title='bbox 467 2970 556 3035; x_wconf 92' lang='lat' dir='ltr'><strong>euim</strong></span> <span class='ocrx_word' id='word_1_413' title='bbox 578 2989 643 3034; x_wconf 91' lang='lat' dir='ltr'><strong>non</strong></span> <span class='ocrx_word' id='word_1_414' title='bbox 665 2969 774 3034; x_wconf 89' lang='lat' dir='ltr'><strong>minus</strong></span> <span class='ocrx_word' id='word_1_415' title='bbox 795 2970 1031 3052; x_wconf 87' lang='lat' dir='ltr'><strong>repugnantiae</strong></span> <span class='ocrx_word' id='word_1_416' title='bbox 1052 2969 1140 3032; x_wconf 88' lang='lat' dir='ltr'><strong>iuter</strong></span> <span class='ocrx_word' id='word_1_417' title='bbox 1192 2968 1260 3032; x_wconf 90' lang='lat' dir='ltr'><strong>suis</strong></span> <span class='ocrx_word' id='word_1_418' title='bbox 1292 2969 1438 3049; x_wconf 89' lang='lat' dir='ltr'><strong>posteris.</strong></span> <span class='ocrx_word' id='word_1_419' title='bbox 1482 2967 1627 3032; x_wconf 71' lang='lat' dir='ltr'><strong>Tandem</strong></span> <span class='ocrx_word' id='word_1_420' title='bbox 1659 2966 1823 3034; x_wconf 86' lang='lat' dir='ltr'><strong>concludit</strong></span> <span class='ocrx_word' id='word_1_421' title='bbox 1853 2968 1960 3033; x_wconf 92' lang='lat' dir='ltr'><strong>Deum</strong></span> <span class='ocrx_word' id='word_1_422' title='bbox 1989 2968 2057 3032; x_wconf 86' lang='lat' dir='ltr'><strong>iore</strong></span> <span class='ocrx_word' id='word_1_423' title='bbox 2086 2969 2161 3035; x_wconf 76' lang='lat' dir='ltr'><strong>vin·</strong></span> 
     </span>
     <span class='ocr_line' id='line_1_31' title="bbox 162 3050 2159 3140; baseline 0 -20"><span class='ocrx_word' id='word_1_424' title='bbox 162 3055 316 3140; x_wconf 84' lang='lat' dir='ltr'><strong>regulam</strong></span> <span class='ocrx_word' id='word_1_425' title='bbox 346 3054 429 3120; x_wconf 90' lang='lat' dir='ltr'><strong>bane</strong></span> <span class='ocrx_word' id='word_1_426' title='bbox 452 3053 599 3134; x_wconf 82' lang='lat' dir='ltr'><strong>vivendi,</strong></span> <span class='ocrx_word' id='word_1_427' title='bbox 629 3061 661 3118; x_wconf 89' lang='lat' dir='ltr'><strong>et</strong></span> <span class='ocrx_word' id='word_1_428' title='bbox 681 3053 771 3118; x_wconf 91' lang='lat' dir='ltr'><strong>iuter</strong></span> <span class='ocrx_word' id='word_1_429' title='bbox 800 3055 1011 3138; x_wconf 86' lang='lat' dir='ltr'><strong>cogitationes</strong></span> <span class='ocrx_word' id='word_1_430' title='bbox 1034 3053 1138 3119; x_wconf 91' lang='lat' dir='ltr'><strong>homi·</strong></span> <span class='ocrx_word' id='word_1_431' title='bbox 1192 3050 1312 3117; x_wconf 86' lang='lat' dir='ltr'><strong>dicem:</strong></span> <span class='ocrx_word' id='word_1_432' title='bbox 1334 3052 1392 3118; x_wconf 90' lang='lat' dir='ltr'><strong>sed</strong></span> <span class='ocrx_word' id='word_1_433' title='bbox 1413 3051 1632 3134; x_wconf 87' lang='lat' dir='ltr'><strong>metaphorice</strong></span> <span class='ocrx_word' id='word_1_434' title='bbox 1655 3053 1805 3135; x_wconf 90' lang='lat' dir='ltr'><strong>loquitur,</strong></span> <span class='ocrx_word' id='word_1_435' title='bbox 1827 3053 1914 3136; x_wconf 90' lang='lat' dir='ltr'><strong>quod</strong></span> <span class='ocrx_word' id='word_1_436' title='bbox 1934 3053 2058 3120; x_wconf 90' lang='lat' dir='ltr'><strong>seilicet</strong></span> <span class='ocrx_word' id='word_1_437' title='bbox 2080 3054 2159 3121; x_wconf 80' lang='lat' dir='ltr'><strong>ubo-</strong></span> 
     </span>
     <span class='ocr_line' id='line_1_32' title="bbox 162 3123 2160 3224; baseline -0.001 -17"><span class='ocrx_word' id='word_1_438' title='bbox 162 3163 256 3220; x_wconf 92' lang='lat' dir='ltr'><strong>num,</strong></span> <span class='ocrx_word' id='word_1_439' title='bbox 279 3161 376 3224; x_wconf 91' lang='lat' dir='ltr'><strong>quam</strong></span> <span class='ocrx_word' id='word_1_440' title='bbox 399 3141 487 3205; x_wconf 90' lang='lat' dir='ltr'><strong>inter</strong></span> <span class='ocrx_word' id='word_1_441' title='bbox 508 3141 619 3224; x_wconf 89' lang='lat' dir='ltr'><strong>ignem</strong></span> <span class='ocrx_word' id='word_1_442' title='bbox 640 3147 674 3204; x_wconf 89' lang='lat' dir='ltr'><strong>et</strong></span> <span class='ocrx_word' id='word_1_443' title='bbox 696 3159 824 3222; x_wconf 88' lang='lat' dir='ltr'><strong>squam.</strong></span> <span class='ocrx_word' id='word_1_444' title='bbox 865 3139 1015 3206; x_wconf 82' lang='lat' dir='ltr'><strong>Sciamus</strong></span> <span class='ocrx_word' id='word_1_445' title='bbox 1036 3139 1140 3223; x_wconf 85' lang='lat' dir='ltr'><strong>igitur</strong></span> <span class='ocrx_word' id='word_1_446' title='bbox 1191 3137 1235 3202; x_wconf 87' lang='lat' dir='ltr'><strong>bit</strong></span> <span class='ocrx_word' id='word_1_447' title='bbox 1250 3156 1303 3203; x_wconf 85' lang='lat' dir='ltr'><strong>cos</strong></span> <span class='ocrx_word' id='word_1_448' title='bbox 1319 3137 1411 3204; x_wconf 80' lang='lat' dir='ltr'><strong>Deua</strong></span> <span class='ocrx_word' id='word_1_449' title='bbox 1431 3139 1652 3204; x_wconf 77' lang='lat' dir='ltr'><strong>mnuritudine.</strong></span> <span class='ocrx_word' id='word_1_450' title='bbox 1679 3123 1757 3216; x_wconf 60' lang='lat' dir='ltr'><strong>nixib</strong></span> <span class='ocrx_word' id='word_1_451' title='bbox 1776 3149 1911 3205; x_wconf 86' lang='lat' dir='ltr'><strong>vertunt</strong></span> <span class='ocrx_word' id='word_1_452' title='bbox 1933 3137 2160 3224; x_wconf 81' lang='lat' dir='ltr'><strong>absynthium:</strong></span> 
     </span>
     <span class='ocr_line' id='line_1_33' title="bbox 162 3222 2161 3309; baseline 0.001 -17"><span class='ocrx_word' id='word_1_453' title='bbox 162 3248 234 3294; x_wconf 91' lang='lat' dir='ltr'><strong>uon</strong></span> <span class='ocrx_word' id='word_1_454' title='bbox 256 3226 352 3293; x_wconf 90' lang='lat' dir='ltr'><strong>aliter</strong></span> <span class='ocrx_word' id='word_1_455' title='bbox 373 3246 469 3309; x_wconf 89' lang='lat' dir='ltr'><strong>posse</strong></span> <span class='ocrx_word' id='word_1_456' title='bbox 489 3225 551 3291; x_wconf 89' lang='lat' dir='ltr'><strong>rite</strong></span> <span class='ocrx_word' id='word_1_457' title='bbox 568 3227 672 3290; x_wconf 81' lang='lat' dir='ltr'><strong>vitam</strong></span> <span class='ocrx_word' id='word_1_458' title='bbox 691 3237 837 3290; x_wconf 88' lang='lat' dir='ltr'><strong>nostram</strong></span> <span class='ocrx_word' id='word_1_459' title='bbox 859 3225 1020 3309; x_wconf 88' lang='lat' dir='ltr'><strong>componi,</strong></span> <span class='ocrx_word' id='word_1_460' title='bbox 1043 3243 1138 3307; x_wconf 91' lang='lat' dir='ltr'><strong>quam</strong></span> <span class='ocrx_word' id='word_1_461' title='bbox 1191 3222 1248 3288; x_wconf 92' lang='lat' dir='ltr'><strong>sed</strong></span> <span class='ocrx_word' id='word_1_462' title='bbox 1276 3224 1430 3305; x_wconf 89' lang='lat' dir='ltr'><strong>quoniam</strong></span> <span class='ocrx_word' id='word_1_463' title='bbox 1464 3232 1512 3290; x_wconf 86' lang='lat' dir='ltr'><strong>est</strong></span> <span class='ocrx_word' id='word_1_464' title='bbox 1545 3223 1684 3290; x_wconf 89' lang='lat' dir='ltr'><strong>salubris</strong></span> <span class='ocrx_word' id='word_1_465' title='bbox 1716 3224 1831 3304; x_wconf 90' lang='lat' dir='ltr'><strong>herba,</strong></span> <span class='ocrx_word' id='word_1_466' title='bbox 1864 3224 1950 3291; x_wconf 90' lang='lat' dir='ltr'><strong>malo</strong></span> <span class='ocrx_word' id='word_1_467' title='bbox 1984 3225 2161 3292; x_wconf 78' lang='lat' dir='ltr'><strong>transferre</strong></span> 
     </span>
     <span class='ocr_line' id='line_1_34' title="bbox 161 3307 2159 3395; baseline 0 -17"><span class='ocrx_word' id='word_1_468' title='bbox 161 3312 223 3378; x_wconf 89' lang='lat' dir='ltr'><strong>ubi</strong></span> <span class='ocrx_word' id='word_1_469' title='bbox 240 3313 466 3377; x_wconf 89' lang='lat' dir='ltr'><strong>renuntiamus</strong></span> <span class='ocrx_word' id='word_1_470' title='bbox 483 3311 604 3377; x_wconf 87' lang='lat' dir='ltr'><strong>nostris</strong></span> <span class='ocrx_word' id='word_1_471' title='bbox 622 3309 883 3395; x_wconf 76' lang='lat' dir='ltr'><strong>cogitationibus,</strong></span> <span class='ocrx_word' id='word_1_472' title='bbox 901 3319 934 3375; x_wconf 92' lang='lat' dir='ltr'><strong>et</strong></span> <span class='ocrx_word' id='word_1_473' title='bbox 948 3310 1139 3393; x_wconf 90' lang='lat' dir='ltr'><strong>simpliciter</strong></span> <span class='ocrx_word' id='word_1_474' title='bbox 1191 3307 1458 3374; x_wconf 87' lang='lat' dir='ltr'><strong>amaritudinem:</strong></span> <span class='ocrx_word' id='word_1_475' title='bbox 1492 3318 1524 3375; x_wconf 91' lang='lat' dir='ltr'><strong>et</strong></span> <span class='ocrx_word' id='word_1_476' title='bbox 1546 3330 1705 3393; x_wconf 90' lang='lat' dir='ltr'><strong>nusquam</strong></span> <span class='ocrx_word' id='word_1_477' title='bbox 1733 3310 1800 3376; x_wconf 84' lang='lat' dir='ltr'><strong>lere</strong></span> <span class='ocrx_word' id='word_1_478' title='bbox 1829 3309 1862 3375; x_wconf 88' lang='lat' dir='ltr'><strong>iu</strong></span> <span class='ocrx_word' id='word_1_479' title='bbox 1884 3311 2002 3377; x_wconf 88' lang='lat' dir='ltr'><strong>bonam</strong></span> <span class='ocrx_word' id='word_1_480' title='bbox 2031 3322 2159 3395; x_wconf 90' lang='lat' dir='ltr'><strong>partem</strong></span> 
     </span>
     <span class='ocr_line' id='line_1_35' title="bbox 161 3394 2158 3480; baseline -0.001 -16"><span class='ocrx_word' id='word_1_481' title='bbox 161 3421 226 3465; x_wconf 91' lang='lat' dir='ltr'><strong>nos</strong></span> <span class='ocrx_word' id='word_1_482' title='bbox 260 3396 441 3464; x_wconf 89' lang='lat' dir='ltr'><strong>addicimus</strong></span> <span class='ocrx_word' id='word_1_483' title='bbox 474 3397 546 3462; x_wconf 88' lang='grc' dir='ltr'>νοοῖ</span> <span class='ocrx_word' id='word_1_484' title='bbox 581 3397 653 3461; x_wconf 91' lang='lat' dir='ltr'><strong>Dei.</strong></span> <span class='ocrx_word' id='word_1_485' title='bbox 705 3396 793 3462; x_wconf 91' lang='lat' dir='ltr'><strong>Nam</strong></span> <span class='ocrx_word' id='word_1_486' title='bbox 825 3396 924 3461; x_wconf 92' lang='lat' dir='ltr'><strong>simul</strong></span> <span class='ocrx_word' id='word_1_487' title='bbox 957 3407 1053 3480; x_wconf 87' lang='lat' dir='ltr'><strong>atque</strong></span> <span class='ocrx_word' id='word_1_488' title='bbox 1084 3396 1137 3462; x_wconf 78' lang='lat' dir='ltr'><strong>vel</strong></span> <span class='ocrx_word' id='word_1_489' title='bbox 1190 3396 1318 3478; x_wconf 89' lang='lat' dir='ltr'><strong>legitur,</strong></span> <span class='ocrx_word' id='word_1_490' title='bbox 1351 3394 1486 3480; x_wconf 91' lang='lat' dir='ltr'><strong>ideoque</strong></span> <span class='ocrx_word' id='word_1_491' title='bbox 1508 3416 1575 3460; x_wconf 91' lang='lat' dir='ltr'><strong>non</strong></span> <span class='ocrx_word' id='word_1_492' title='bbox 1604 3403 1713 3478; x_wconf 89' lang='lat' dir='ltr'><strong>potest</strong></span> <span class='ocrx_word' id='word_1_493' title='bbox 1744 3395 1904 3479; x_wconf 89' lang='lat' dir='ltr'><strong>quadrare</strong></span> <span class='ocrx_word' id='word_1_494' title='bbox 1936 3402 2074 3463; x_wconf 90' lang='lat' dir='ltr'><strong>naturae</strong></span> <span class='ocrx_word' id='word_1_495' title='bbox 2102 3398 2158 3462; x_wconf 93' lang='lat' dir='ltr'><strong>ab·</strong></span> 
     </span>
     <span class='ocr_line' id='line_1_36' title="bbox 162 3479 2159 3565; baseline 0 -15"><span class='ocrx_word' id='word_1_496' title='bbox 162 3485 337 3550; x_wconf 87' lang='lat' dir='ltr'><strong>minimum</strong></span> <span class='ocrx_word' id='word_1_497' title='bbox 365 3482 539 3549; x_wconf 88' lang='lat' dir='ltr'><strong>tribuimus</strong></span> <span class='ocrx_word' id='word_1_498' title='bbox 561 3481 683 3548; x_wconf 91' lang='lat' dir='ltr'><strong>nostris</strong></span> <span class='ocrx_word' id='word_1_499' title='bbox 712 3482 973 3565; x_wconf 88' lang='lat' dir='ltr'><strong>cogitationibus,</strong></span> <span class='ocrx_word' id='word_1_500' title='bbox 1005 3502 1138 3548; x_wconf 84' lang='lat' dir='ltr'><strong>necesse</strong></span> <span class='ocrx_word' id='word_1_501' title='bbox 1189 3481 1315 3565; x_wconf 81' lang='lat' dir='ltr'><strong>synthii</strong></span> <span class='ocrx_word' id='word_1_502' title='bbox 1337 3481 1525 3560; x_wconf 89' lang='lat' dir='ltr'><strong>similitudo,</strong></span> <span class='ocrx_word' id='word_1_503' title='bbox 1548 3502 1613 3565; x_wconf 93' lang='lat' dir='ltr'><strong>qua</strong></span> <span class='ocrx_word' id='word_1_504' title='bbox 1634 3479 1771 3548; x_wconf 89' lang='lat' dir='ltr'><strong>subinde</strong></span> <span class='ocrx_word' id='word_1_505' title='bbox 1794 3491 1932 3547; x_wconf 90' lang='lat' dir='ltr'><strong>utuntur</strong></span> <span class='ocrx_word' id='word_1_506' title='bbox 1950 3493 1984 3548; x_wconf 91' lang='lat' dir='ltr'><strong>et</strong></span> <span class='ocrx_word' id='word_1_507' title='bbox 1998 3484 2107 3550; x_wconf 86' lang='lat' dir='ltr'><strong>Moses</strong></span> <span class='ocrx_word' id='word_1_508' title='bbox 2125 3493 2159 3550; x_wconf 92' lang='lat' dir='ltr'><strong>et</strong></span> 
     </span>
     <span class='ocr_line' id='line_1_37' title="bbox 163 3566 2157 3654; baseline -0.002 -17"><span class='ocrx_word' id='word_1_509' title='bbox 163 3581 216 3637; x_wconf 90' lang='lat' dir='ltr'><strong>set</strong></span> <span class='ocrx_word' id='word_1_510' title='bbox 244 3589 306 3636; x_wconf 93' lang='lat' dir='ltr'><strong>nos</strong></span> <span class='ocrx_word' id='word_1_511' title='bbox 336 3569 507 3636; x_wconf 86' lang='lat' dir='ltr'><strong>deflectere</strong></span> <span class='ocrx_word' id='word_1_512' title='bbox 537 3590 555 3634; x_wconf 91' lang='lat' dir='ltr'><strong>a</strong></span> <span class='ocrx_word' id='word_1_513' title='bbox 584 3577 673 3634; x_wconf 89' lang='lat' dir='ltr'><strong>recta</strong></span> <span class='ocrx_word' id='word_1_514' title='bbox 701 3569 756 3632; x_wconf 82' lang='lat' dir='ltr'><strong>via</strong></span> <span class='ocrx_word' id='word_1_515' title='bbox 788 3588 886 3651; x_wconf 93' lang='lat' dir='ltr'><strong>quam</strong></span> <span class='ocrx_word' id='word_1_516' title='bbox 917 3569 1008 3633; x_wconf 88' lang='lat' dir='ltr'><strong>Deus</strong></span> <span class='ocrx_word' id='word_1_517' title='bbox 1044 3570 1138 3634; x_wconf 91' lang='lat' dir='ltr'><strong>nobis</strong></span> <span class='ocrx_word' id='word_1_518' title='bbox 1179 3567 1304 3649; x_wconf 66' lang='lat' dir='ltr'><strong>„reliqui</strong></span> <span class='ocrx_word' id='word_1_519' title='bbox 1336 3567 1524 3649; x_wconf 78' lang='lat' dir='ltr'><strong>prophetae</strong></span> <span class='ocrx_word' id='word_1_520' title='bbox 1567 3567 1640 3651; x_wconf 81' lang='lat' dir='ltr'><strong>Ego</strong></span> <span class='ocrx_word' id='word_1_521' title='bbox 1669 3567 1773 3651; x_wconf 89' lang='lat' dir='ltr'><strong>igitur</strong></span> <span class='ocrx_word' id='word_1_522' title='bbox 1801 3566 1889 3633; x_wconf 87' lang='lat' dir='ltr'><strong>malo</strong></span> <span class='ocrx_word' id='word_1_523' title='bbox 1910 3577 2038 3634; x_wconf 88' lang='lat' dir='ltr'><strong>vertere</strong></span> <span class='ocrx_word' id='word_1_524' title='bbox 2058 3590 2157 3654; x_wconf 86' lang='lat' dir='ltr'><strong>gene·</strong></span> 
     </span>
     <span class='ocr_line' id='line_1_38' title="bbox 161 3650 2158 3738; baseline 0 -17"><span class='ocrx_word' id='word_1_525' title='bbox 161 3656 265 3722; x_wconf 84' lang='lat' dir='ltr'><strong>verbo</strong></span> <span class='ocrx_word' id='word_1_526' title='bbox 287 3675 348 3722; x_wconf 93' lang='lat' dir='ltr'><strong>suo</strong></span> <span class='ocrx_word' id='word_1_527' title='bbox 370 3655 580 3721; x_wconf 88' lang='lat' dir='ltr'><strong>demonstrat.</strong></span> <span class='ocrx_word' id='word_1_528' title='bbox 625 3654 717 3720; x_wconf 90' lang='lat' dir='ltr'><strong>Haec</strong></span> <span class='ocrx_word' id='word_1_529' title='bbox 738 3653 841 3738; x_wconf 86' lang='lat' dir='ltr'><strong>igitur</strong></span> <span class='ocrx_word' id='word_1_530' title='bbox 863 3653 1034 3720; x_wconf 86' lang='lat' dir='ltr'><strong>antithesis</strong></span> <span class='ocrx_word' id='word_1_531' title='bbox 1063 3654 1137 3719; x_wconf 91' lang='lat' dir='ltr'><strong>dili·</strong></span> <span class='ocrx_word' id='word_1_532' title='bbox 1187 3652 1301 3717; x_wconf 88' lang='lat' dir='ltr'><strong>rnliter</strong></span> <span class='ocrx_word' id='word_1_533' title='bbox 1317 3651 1577 3718; x_wconf 89' lang='lat' dir='ltr'><strong>amaritudinem.</strong></span> <span class='ocrx_word' id='word_1_534' title='bbox 1605 3652 1725 3718; x_wconf 89' lang='lat' dir='ltr'><strong>Postea</strong></span> <span class='ocrx_word' id='word_1_535' title='bbox 1742 3650 1842 3731; x_wconf 91' lang='lat' dir='ltr'><strong>addit,</strong></span> <span class='ocrx_word' id='word_1_536' title='bbox 1860 3651 1979 3718; x_wconf 82' lang='lat' dir='ltr'><strong>Putabo</strong></span> <span class='ocrx_word' id='word_1_537' title='bbox 1995 3673 2047 3719; x_wconf 80' lang='lat' dir='ltr'><strong>eos</strong></span> <span class='ocrx_word' id='word_1_538' title='bbox 2064 3655 2158 3736; x_wconf 73' lang='lat' dir='ltr'><strong>aguis</strong></span> 
     </span>
     <span class='ocr_line' id='line_1_39' title="bbox 162 3737 2153 3826; baseline -0.001 -19"><span class='ocrx_word' id='word_1_539' title='bbox 162 3753 282 3826; x_wconf 88' lang='lat' dir='ltr'><strong>genter</strong></span> <span class='ocrx_word' id='word_1_540' title='bbox 310 3742 456 3806; x_wconf 89' lang='lat' dir='ltr'><strong>notanda</strong></span> <span class='ocrx_word' id='word_1_541' title='bbox 478 3749 527 3806; x_wconf 89' lang='lat' dir='ltr'><strong>est</strong></span> <span class='ocrx_word' id='word_1_542' title='bbox 548 3740 636 3804; x_wconf 91' lang='lat' dir='ltr'><strong>inter</strong></span> <span class='ocrx_word' id='word_1_543' title='bbox 657 3740 762 3823; x_wconf 91' lang='lat' dir='ltr'><strong>legem</strong></span> <span class='ocrx_word' id='word_1_544' title='bbox 786 3738 849 3805; x_wconf 88' lang='lat' dir='ltr'><strong>Dei</strong></span> <span class='ocrx_word' id='word_1_545' title='bbox 871 3749 906 3805; x_wconf 91' lang='lat' dir='ltr'><strong>et</strong></span> <span class='ocrx_word' id='word_1_546' title='bbox 926 3738 1137 3822; x_wconf 86' lang='lat' dir='ltr'><strong>cogitationes</strong></span> <span class='ocrx_word' id='word_1_547' title='bbox 1186 3739 1362 3804; x_wconf 73' lang='lat' dir='ltr'><strong>emanatio.-</strong></span> <span class='ocrx_word' id='word_1_548' title='bbox 1393 3739 1484 3821; x_wconf 87' lang='lat' dir='ltr'><strong>quasi</strong></span> <span class='ocrx_word' id='word_1_549' title='bbox 1518 3737 1640 3805; x_wconf 86' lang='lat' dir='ltr'><strong>diceret</strong></span> <span class='ocrx_word' id='word_1_550' title='bbox 1669 3738 1761 3803; x_wconf 90' lang='lat' dir='ltr'><strong>Deus</strong></span> <span class='ocrx_word' id='word_1_551' title='bbox 1793 3759 1828 3804; x_wconf 91' lang='lat' dir='ltr'><strong>se</strong></span> <span class='ocrx_word' id='word_1_552' title='bbox 1857 3738 2049 3805; x_wconf 89' lang='lat' dir='ltr'><strong>horribilem</strong></span> <span class='ocrx_word' id='word_1_553' title='bbox 2082 3742 2153 3821; x_wconf 84' lang='lat' dir='ltr'><strong>vip-</strong></span> 
     </span>
     <span class='ocr_line' id='line_1_40' title="bbox 162 3824 2156 3908; baseline 0 -15"><span class='ocrx_word' id='word_1_554' title='bbox 162 3828 344 3906; x_wconf 92' lang='lat' dir='ltr'><strong>hominum,</strong></span> <span class='ocrx_word' id='word_1_555' title='bbox 370 3825 425 3893; x_wconf 82' lang='lat' dir='ltr'><strong>vel</strong></span> <span class='ocrx_word' id='word_1_556' title='bbox 447 3827 695 3892; x_wconf 88' lang='lat' dir='ltr'><strong>contumaciam.</strong></span> <span class='ocrx_word' id='word_1_557' title='bbox 739 3824 786 3891; x_wconf 79' lang='lat' dir='ltr'><strong>llt</strong></span> <span class='ocrx_word' id='word_1_558' title='bbox 807 3829 919 3908; x_wconf 87' lang='lat' dir='ltr'><strong>postea</strong></span> <span class='ocrx_word' id='word_1_559' title='bbox 940 3824 1058 3891; x_wconf 88' lang='lat' dir='ltr'><strong>clarius</strong></span> <span class='ocrx_word' id='word_1_560' title='bbox 1080 3825 1136 3890; x_wconf 90' lang='lat' dir='ltr'><strong>de·</strong></span> <span class='ocrx_word' id='word_1_561' title='bbox 1187 3824 1307 3890; x_wconf 89' lang='lat' dir='ltr'><strong>dietam</strong></span> <span class='ocrx_word' id='word_1_562' title='bbox 1336 3835 1555 3906; x_wconf 87' lang='lat' dir='ltr'><strong>sumpturum,</strong></span> <span class='ocrx_word' id='word_1_563' title='bbox 1586 3824 1633 3889; x_wconf 88' lang='lat' dir='ltr'><strong>ita</strong></span> <span class='ocrx_word' id='word_1_564' title='bbox 1654 3833 1692 3888; x_wconf 93' lang='lat' dir='ltr'><strong>ut</strong></span> <span class='ocrx_word' id='word_1_565' title='bbox 1713 3832 1868 3907; x_wconf 88' lang='lat' dir='ltr'><strong>appareat</strong></span> <span class='ocrx_word' id='word_1_566' title='bbox 1896 3824 1996 3890; x_wconf 91' lang='lat' dir='ltr'><strong>etiam</strong></span> <span class='ocrx_word' id='word_1_567' title='bbox 2024 3825 2060 3890; x_wconf 93' lang='lat' dir='ltr'><strong>in</strong></span> <span class='ocrx_word' id='word_1_568' title='bbox 2083 3827 2156 3893; x_wconf 94' lang='lat' dir='ltr'><strong>cibo</strong></span> 
     </span>
     <span class='ocr_line' id='line_1_41' title="bbox 162 3908 2155 3997; baseline -0.001 -18"><span class='ocrx_word' id='word_1_569' title='bbox 162 3915 276 3997; x_wconf 88' lang='lat' dir='ltr'><strong>signat</strong></span> <span class='ocrx_word' id='word_1_570' title='bbox 292 3914 327 3976; x_wconf 91' lang='lat' dir='ltr'><strong>iu</strong></span> <span class='ocrx_word' id='word_1_571' title='bbox 345 3933 409 3995; x_wconf 94' lang='lat' dir='ltr'><strong>quo</strong></span> <span class='ocrx_word' id='word_1_572' title='bbox 426 3914 643 3995; x_wconf 83' lang='lat' dir='ltr'><strong>peccaverint,</strong></span> <span class='ocrx_word' id='word_1_573' title='bbox 667 3931 785 3994; x_wconf 90' lang='lat' dir='ltr'><strong>nempe</strong></span> <span class='ocrx_word' id='word_1_574' title='bbox 807 3911 889 3991; x_wconf 83' lang='lat' dir='ltr'><strong>quod</strong></span> <span class='ocrx_word' id='word_1_575' title='bbox 909 3909 1136 3977; x_wconf 79' lang='lat' dir='ltr'><strong>ambulaverint</strong></span> <span class='ocrx_word' id='word_1_576' title='bbox 1186 3918 1219 3973; x_wconf 89' lang='lat' dir='ltr'><strong>et</strong></span> <span class='ocrx_word' id='word_1_577' title='bbox 1240 3918 1329 3992; x_wconf 87' lang='lat' dir='ltr'><strong>putu,</strong></span> <span class='ocrx_word' id='word_1_578' title='bbox 1363 3927 1446 3991; x_wconf 88' lang='lat' dir='ltr'><strong>quae</strong></span> <span class='ocrx_word' id='word_1_579' title='bbox 1467 3917 1578 3975; x_wconf 90' lang='lat' dir='ltr'><strong>tamen</strong></span> <span class='ocrx_word' id='word_1_580' title='bbox 1608 3908 1750 3976; x_wconf 87' lang='lat' dir='ltr'><strong>illustria</strong></span> <span class='ocrx_word' id='word_1_581' title='bbox 1778 3918 1855 3974; x_wconf 90' lang='lat' dir='ltr'><strong>sunt</strong></span> <span class='ocrx_word' id='word_1_582' title='bbox 1883 3909 2070 3977; x_wconf 90' lang='lat' dir='ltr'><strong>testimonia</strong></span> <span class='ocrx_word' id='word_1_583' title='bbox 2097 3933 2155 3995; x_wconf 88' lang='lat' dir='ltr'><strong>pa·</strong></span> 
     </span>
     <span class='ocr_line' id='line_1_42' title="bbox 154 3993 2154 4082; baseline 0 -20"><span class='ocrx_word' id='word_1_584' title='bbox 154 4003 232 4082; x_wconf 77' lang='lat' dir='ltr'><strong>pest</strong></span> <span class='ocrx_word' id='word_1_585' title='bbox 248 3997 392 4063; x_wconf 77' lang='lat' dir='ltr'><strong>Baalim.</strong></span> <span class='ocrx_word' id='word_1_586' title='bbox 420 3997 495 4062; x_wconf 90' lang='lat' dir='ltr'><strong>Nou</strong></span> <span class='ocrx_word' id='word_1_587' title='bbox 514 3997 604 4063; x_wconf 90' lang='lat' dir='ltr'><strong>addit</strong></span> <span class='ocrx_word' id='word_1_588' title='bbox 621 3996 781 4081; x_wconf 88' lang='lat' dir='ltr'><strong>propheta</strong></span> <span class='ocrx_word' id='word_1_589' title='bbox 803 3996 977 4079; x_wconf 89' lang='lat' dir='ltr'><strong>quidquam</strong></span> <span class='ocrx_word' id='word_1_590' title='bbox 999 4015 1133 4061; x_wconf 85' lang='lat' dir='ltr'><strong>novum:</strong></span> <span class='ocrx_word' id='word_1_591' title='bbox 1186 4004 1298 4059; x_wconf 86' lang='lat' dir='ltr'><strong>ternae</strong></span> <span class='ocrx_word' id='word_1_592' title='bbox 1320 3995 1389 4059; x_wconf 90' lang='lat' dir='ltr'><strong>eius</strong></span> <span class='ocrx_word' id='word_1_593' title='bbox 1412 4014 1490 4078; x_wconf 91' lang='lat' dir='ltr'><strong>erga</strong></span> <span class='ocrx_word' id='word_1_594' title='bbox 1511 4013 1572 4060; x_wconf 92' lang='lat' dir='ltr'><strong>nos</strong></span> <span class='ocrx_word' id='word_1_595' title='bbox 1593 3993 1848 4062; x_wconf 84' lang='lat' dir='ltr'><strong>benevolentiae.</strong></span> <span class='ocrx_word' id='word_1_596' title='bbox 1886 3995 1973 4060; x_wconf 90' lang='lat' dir='ltr'><strong>Nam</strong></span> <span class='ocrx_word' id='word_1_597' title='bbox 1996 3996 2154 4064; x_wconf 86' lang='lat' dir='ltr'><strong>bucellam</strong></span> 
     </span>
     <span class='ocr_line' id='line_1_43' title="bbox 161 4079 2154 4167; baseline -0.002 -15"><span class='ocrx_word' id='word_1_598' title='bbox 161 4083 220 4152; x_wconf 89' lang='lat' dir='ltr'><strong>sed</strong></span> <span class='ocrx_word' id='word_1_599' title='bbox 244 4083 306 4150; x_wconf 93' lang='lat' dir='ltr'><strong>sub</strong></span> <span class='ocrx_word' id='word_1_600' title='bbox 327 4082 389 4149; x_wconf 90' lang='lat' dir='ltr'><strong>hac</strong></span> <span class='ocrx_word' id='word_1_601' title='bbox 410 4083 517 4166; x_wconf 91' lang='lat' dir='ltr'><strong>specie</strong></span> <span class='ocrx_word' id='word_1_602' title='bbox 547 4081 691 4149; x_wconf 87' lang='lat' dir='ltr'><strong>ostendit</strong></span> <span class='ocrx_word' id='word_1_603' title='bbox 719 4081 878 4165; x_wconf 92' lang='lat' dir='ltr'><strong>quomodo</strong></span> <span class='ocrx_word' id='word_1_604' title='bbox 906 4080 1038 4164; x_wconf 91' lang='lat' dir='ltr'><strong>sequuti</strong></span> <span class='ocrx_word' id='word_1_605' title='bbox 1068 4080 1135 4145; x_wconf 90' lang='lat' dir='ltr'><strong>sint</strong></span> <span class='ocrx_word' id='word_1_606' title='bbox 1185 4081 1281 4162; x_wconf 88' lang='lat' dir='ltr'><strong>panis</strong></span> <span class='ocrx_word' id='word_1_607' title='bbox 1301 4101 1366 4144; x_wconf 92' lang='lat' dir='ltr'><strong>non</strong></span> <span class='ocrx_word' id='word_1_608' title='bbox 1389 4100 1562 4162; x_wconf 90' lang='lat' dir='ltr'><strong>possumus</strong></span> <span class='ocrx_word' id='word_1_609' title='bbox 1585 4081 1690 4158; x_wconf 88' lang='lat' dir='ltr'><strong>edere,</strong></span> <span class='ocrx_word' id='word_1_610' title='bbox 1723 4100 1783 4145; x_wconf 93' lang='lat' dir='ltr'><strong>nec</strong></span> <span class='ocrx_word' id='word_1_611' title='bbox 1803 4079 1913 4146; x_wconf 86' lang='lat' dir='ltr'><strong>bibere</strong></span> <span class='ocrx_word' id='word_1_612' title='bbox 1946 4101 2050 4164; x_wconf 86' lang='lat' dir='ltr'><strong>aquae</strong></span> <span class='ocrx_word' id='word_1_613' title='bbox 2078 4095 2154 4167; x_wconf 91' lang='lat' dir='ltr'><strong>gut-</strong></span> 
     </span>
    </p>
   </div>
   <div class='ocr_carea' id='block_1_3' title="bbox 158 4164 2154 4334">
    <p class='ocr_par' dir='ltr' id='par_1_5' title="bbox 158 4164 2154 4334">
     <span class='ocr_line' id='line_1_44' title="bbox 158 4164 2154 4334; baseline 0 -100"><span class='ocrx_word' id='word_1_614' title='bbox 158 4169 278 4235; x_wconf 83' lang='lat' dir='ltr'><strong>dudaei</strong></span> <span class='ocrx_word' id='word_1_615' title='bbox 300 4187 376 4236; x_wconf 86' lang='lat' dir='ltr'><strong>suas</strong></span> <span class='ocrx_word' id='word_1_616' title='bbox 398 4169 622 4252; x_wconf 89' lang='lat' dir='ltr'><strong>cogitationes,</strong></span> <span class='ocrx_word' id='word_1_617' title='bbox 650 4168 726 4334; x_wconf 46' lang='lat' dir='ltr'><strong>Quia</strong></span> <span class='ocrx_word' id='word_1_618' title='bbox 747 4167 868 4234; x_wconf 88' lang='lat' dir='ltr'><strong>scilieet</strong></span> <span class='ocrx_word' id='word_1_619' title='bbox 889 4166 990 4232; x_wconf 90' lang='lat' dir='ltr'><strong>dediti</strong></span> <span class='ocrx_word' id='word_1_620' title='bbox 1011 4167 1135 4232; x_wconf 82' lang='lat' dir='ltr'><strong>fuerint</strong></span> <span class='ocrx_word' id='word_1_621' title='bbox 1185 4176 1262 4242; x_wconf 91' lang='lat' dir='ltr'><strong>tam,</strong></span> <span class='ocrx_word' id='word_1_622' title='bbox 1284 4165 1362 4248; x_wconf 90' lang='lat' dir='ltr'><strong>quin</strong></span> <span class='ocrx_word' id='word_1_623' title='bbox 1380 4164 1536 4251; x_wconf 85' lang='lat' dir='ltr'><strong>affulgeat</strong></span> <span class='ocrx_word' id='word_1_624' title='bbox 1552 4167 1646 4233; x_wconf 92' lang='lat' dir='ltr'><strong>nobis</strong></span> <span class='ocrx_word' id='word_1_625' title='bbox 1658 4165 1723 4231; x_wconf 90' lang='lat' dir='ltr'><strong>Dei</strong></span> <span class='ocrx_word' id='word_1_626' title='bbox 1740 4165 1876 4245; x_wconf 86' lang='lat' dir='ltr'><strong>bonitas,</strong></span> <span class='ocrx_word' id='word_1_627' title='bbox 1898 4175 2037 4245; x_wconf 86' lang='lat' dir='ltr'><strong>staura,</strong></span> <span class='ocrx_word' id='word_1_628' title='bbox 2056 4188 2154 4251; x_wconf 89' lang='lat' dir='ltr'><strong>quam</strong></span> 
     </span>
    </p>
   </div>
   <div class='ocr_carea' id='block_1_4' title="bbox 160 4248 2224 5367">
    <p class='ocr_par' dir='ltr' id='par_1_6' title="bbox 160 4248 2224 5367">
     <span class='ocr_line' id='line_1_45' title="bbox 161 4248 2155 4338; baseline -0.001 -17"><span class='ocrx_word' id='word_1_629' title='bbox 161 4255 273 4338; x_wconf 91' lang='lat' dir='ltr'><strong>impiis</strong></span> <span class='ocrx_word' id='word_1_630' title='bbox 305 4253 600 4338; x_wconf 89' lang='lat' dir='ltr'><strong>superstitionibus.</strong></span> <span class='ocrx_word' id='word_1_631' title='bbox 684 4253 739 4318; x_wconf 92' lang='lat' dir='ltr'><strong>uid</strong></span> <span class='ocrx_word' id='word_1_632' title='bbox 772 4254 860 4318; x_wconf 92' lang='lat' dir='ltr'><strong>enim</strong></span> <span class='ocrx_word' id='word_1_633' title='bbox 893 4261 1041 4318; x_wconf 88' lang='lat' dir='ltr'><strong>occurret</strong></span> <span class='ocrx_word' id='word_1_634' title='bbox 1074 4252 1133 4317; x_wconf 89' lang='lat' dir='ltr'><strong>ho·</strong></span> <span class='ocrx_word' id='word_1_635' title='bbox 1184 4251 1269 4334; x_wconf 89' lang='lat' dir='ltr'><strong>gerit</strong></span> <span class='ocrx_word' id='word_1_636' title='bbox 1290 4248 1331 4316; x_wconf 90' lang='lat' dir='ltr'><strong>de</strong></span> <span class='ocrx_word' id='word_1_637' title='bbox 1352 4250 1457 4316; x_wconf 91' lang='lat' dir='ltr'><strong>salute</strong></span> <span class='ocrx_word' id='word_1_638' title='bbox 1479 4260 1600 4317; x_wconf 89' lang='lat' dir='ltr'><strong>nostra.</strong></span> <span class='ocrx_word' id='word_1_639' title='bbox 1639 4253 1685 4316; x_wconf 82' lang='lat' dir='ltr'><strong>Et</strong></span> <span class='ocrx_word' id='word_1_640' title='bbox 1706 4251 1779 4316; x_wconf 90' lang='lat' dir='ltr'><strong>ideo</strong></span> <span class='ocrx_word' id='word_1_641' title='bbox 1801 4253 1996 4336; x_wconf 81' lang='lat' dir='ltr'><strong>gravissima</strong></span> <span class='ocrx_word' id='word_1_642' title='bbox 2016 4253 2075 4320; x_wconf 93' lang='lat' dir='ltr'><strong>illa</strong></span> <span class='ocrx_word' id='word_1_643' title='bbox 2096 4255 2155 4320; x_wconf 89' lang='lat' dir='ltr'><strong>im·</strong></span> 
     </span>
     <span class='ocr_line' id='line_1_46' title="bbox 161 4335 2155 4424; baseline 0 -17"><span class='ocrx_word' id='word_1_644' title='bbox 161 4343 316 4418; x_wconf 87' lang='lat' dir='ltr'><strong>minibns,</strong></span> <span class='ocrx_word' id='word_1_645' title='bbox 339 4339 394 4405; x_wconf 89' lang='lat' dir='ltr'><strong>ubi</strong></span> <span class='ocrx_word' id='word_1_646' title='bbox 416 4338 528 4404; x_wconf 87' lang='lat' dir='ltr'><strong>relicto</strong></span> <span class='ocrx_word' id='word_1_647' title='bbox 539 4340 600 4404; x_wconf 91' lang='lat' dir='ltr'><strong>Dei</strong></span> <span class='ocrx_word' id='word_1_648' title='bbox 620 4339 718 4405; x_wconf 85' lang='lat' dir='ltr'><strong>verbo</strong></span> <span class='ocrx_word' id='word_1_649' title='bbox 741 4339 801 4405; x_wconf 90' lang='lat' dir='ltr'><strong>sibi</strong></span> <span class='ocrx_word' id='word_1_650' title='bbox 824 4340 1021 4422; x_wconf 90' lang='lat' dir='ltr'><strong>permittunt</strong></span> <span class='ocrx_word' id='word_1_651' title='bbox 1041 4339 1134 4421; x_wconf 92' lang='lat' dir='ltr'><strong>sequi</strong></span> <span class='ocrx_word' id='word_1_652' title='bbox 1184 4335 1326 4420; x_wconf 90' lang='lat' dir='ltr'><strong>precatio</strong></span> <span class='ocrx_word' id='word_1_653' title='bbox 1354 4335 1390 4401; x_wconf 92' lang='lat' dir='ltr'><strong>in</strong></span> <span class='ocrx_word' id='word_1_654' title='bbox 1412 4337 1545 4403; x_wconf 89' lang='lat' dir='ltr'><strong>Psalmo</strong></span> <span class='ocrx_word' id='word_1_655' title='bbox 1575 4336 1643 4424; x_wconf 91' lang='lat' dir='ltr'><strong>(Pe.</strong></span> <span class='ocrx_word' id='word_1_656' title='bbox 1665 4337 1716 4417; x_wconf 88' lang='grc'><strong>69,</strong></span> <span class='ocrx_word' id='word_1_657' title='bbox 1738 4337 1794 4422; x_wconf 84' lang='grc'><strong>22)</strong></span> <span class='ocrx_word' id='word_1_658' title='bbox 1823 4337 1964 4422; x_wconf 89' lang='lat' dir='ltr'><strong>ponitur,</strong></span> <span class='ocrx_word' id='word_1_659' title='bbox 1993 4338 2155 4408; x_wconf 81' lang='lat' dir='ltr'><strong>Vertatur</strong></span> 
     </span>
     <span class='ocr_line' id='line_1_47' title="bbox 160 4420 2154 4511; baseline -0.001 -18"><span class='ocrx_word' id='word_1_660' title='bbox 160 4427 330 4511; x_wconf 88' lang='lat' dir='ltr'><strong>proprium</strong></span> <span class='ocrx_word' id='word_1_661' title='bbox 352 4422 506 4493; x_wconf 84' lang='lat' dir='ltr'><strong>sensum?</strong></span> <span class='ocrx_word' id='word_1_662' title='bbox 541 4425 653 4503; x_wconf 79' lang='lat' dir='ltr'><strong>Error,</strong></span> <span class='ocrx_word' id='word_1_663' title='bbox 681 4425 878 4509; x_wconf 89' lang='lat' dir='ltr'><strong>superstitio,</strong></span> <span class='ocrx_word' id='word_1_664' title='bbox 906 4425 972 4489; x_wconf 93' lang='lat' dir='ltr'><strong>imo</strong></span> <span class='ocrx_word' id='word_1_665' title='bbox 996 4422 1134 4508; x_wconf 83' lang='lat' dir='ltr'><strong>abyssus</strong></span> <span class='ocrx_word' id='word_1_666' title='bbox 1183 4442 1296 4488; x_wconf 90' lang='lat' dir='ltr'><strong>mensa</strong></span> <span class='ocrx_word' id='word_1_667' title='bbox 1313 4441 1425 4487; x_wconf 89' lang='lat' dir='ltr'><strong>eorum</strong></span> <span class='ocrx_word' id='word_1_668' title='bbox 1443 4425 1477 4488; x_wconf 93' lang='lat' dir='ltr'><strong>iu</strong></span> <span class='ocrx_word' id='word_1_669' title='bbox 1495 4420 1740 4489; x_wconf 86' lang='lat' dir='ltr'><strong>offendiculum:</strong></span> <span class='ocrx_word' id='word_1_670' title='bbox 1763 4436 1796 4489; x_wconf 90' lang='lat' dir='ltr'><strong>et</strong></span> <span class='ocrx_word' id='word_1_671' title='bbox 1811 4422 1921 4488; x_wconf 84' lang='lat' dir='ltr'><strong>David</strong></span> <span class='ocrx_word' id='word_1_672' title='bbox 1942 4425 2053 4508; x_wconf 89' lang='lat' dir='ltr'><strong>etiam,</strong></span> <span class='ocrx_word' id='word_1_673' title='bbox 2075 4427 2154 4494; x_wconf 90' lang='lat' dir='ltr'><strong>dum</strong></span> 
     </span>
     <span class='ocr_line' id='line_1_48' title="bbox 161 4507 2152 4595; baseline -0.001 -16"><span class='ocrx_word' id='word_1_674' title='bbox 161 4513 309 4579; x_wconf 90' lang='lat' dir='ltr'><strong>omnium</strong></span> <span class='ocrx_word' id='word_1_675' title='bbox 334 4532 491 4578; x_wconf 91' lang='lat' dir='ltr'><strong>errorum.</strong></span> <span class='ocrx_word' id='word_1_676' title='bbox 534 4509 686 4593; x_wconf 92' lang='lat' dir='ltr'><strong>Denique</strong></span> <span class='ocrx_word' id='word_1_677' title='bbox 714 4510 874 4595; x_wconf 91' lang='lat' dir='ltr'><strong>propheta</strong></span> <span class='ocrx_word' id='word_1_678' title='bbox 902 4510 965 4575; x_wconf 92' lang='lat' dir='ltr'><strong>hoc</strong></span> <span class='ocrx_word' id='word_1_679' title='bbox 986 4509 1133 4575; x_wconf 91' lang='lat' dir='ltr'><strong>membro</strong></span> <span class='ocrx_word' id='word_1_680' title='bbox 1182 4507 1256 4574; x_wconf 83' lang='lat' dir='ltr'><strong>vult</strong></span> <span class='ocrx_word' id='word_1_681' title='bbox 1278 4507 1461 4591; x_wconf 86' lang='lat' dir='ltr'><strong>exprimere</strong></span> <span class='ocrx_word' id='word_1_682' title='bbox 1482 4508 1577 4591; x_wconf 91' lang='lat' dir='ltr'><strong>quasi</strong></span> <span class='ocrx_word' id='word_1_683' title='bbox 1598 4508 1768 4574; x_wconf 89' lang='lat' dir='ltr'><strong>barbaram</strong></span> <span class='ocrx_word' id='word_1_684' title='bbox 1797 4508 1968 4576; x_wconf 82' lang='lat' dir='ltr'><strong>saevitiam</strong></span> <span class='ocrx_word' id='word_1_685' title='bbox 1991 4512 2026 4576; x_wconf 92' lang='lat' dir='ltr'><strong>in</strong></span> <span class='ocrx_word' id='word_1_686' title='bbox 2048 4512 2152 4578; x_wconf 91' lang='lat' dir='ltr'><strong>hosti·</strong></span> 
     </span>
     <span class='ocr_line' id='line_1_49' title="bbox 161 4592 2152 4682; baseline -0.001 -19"><span class='ocrx_word' id='word_1_687' title='bbox 161 4598 268 4664; x_wconf 81' lang='lat' dir='ltr'><strong>voluit</strong></span> <span class='ocrx_word' id='word_1_688' title='bbox 289 4617 402 4662; x_wconf 87' lang='lat' dir='ltr'><strong>ansam</strong></span> <span class='ocrx_word' id='word_1_689' title='bbox 425 4595 613 4682; x_wconf 90' lang='lat' dir='ltr'><strong>praecidere</strong></span> <span class='ocrx_word' id='word_1_690' title='bbox 634 4597 786 4663; x_wconf 91' lang='lat' dir='ltr'><strong>omnibus</strong></span> <span class='ocrx_word' id='word_1_691' title='bbox 808 4596 1028 4678; x_wconf 85' lang='lat' dir='ltr'><strong>subterfugiis,</strong></span> <span class='ocrx_word' id='word_1_692' title='bbox 1056 4595 1133 4678; x_wconf 92' lang='lat' dir='ltr'><strong>quia</strong></span> <span class='ocrx_word' id='word_1_693' title='bbox 1183 4592 1244 4660; x_wconf 90' lang='lat' dir='ltr'><strong>bus</strong></span> <span class='ocrx_word' id='word_1_694' title='bbox 1262 4594 1338 4674; x_wconf 91' lang='lat' dir='ltr'><strong>suis,</strong></span> <span class='ocrx_word' id='word_1_695' title='bbox 1361 4594 1571 4677; x_wconf 87' lang='lat' dir='ltr'><strong>conqueritur</strong></span> <span class='ocrx_word' id='word_1_696' title='bbox 1593 4595 1654 4660; x_wconf 93' lang='lat' dir='ltr'><strong>sibi</strong></span> <span class='ocrx_word' id='word_1_697' title='bbox 1672 4593 1783 4659; x_wconf 88' lang='lat' dir='ltr'><strong>datum</strong></span> <span class='ocrx_word' id='word_1_698' title='bbox 1805 4615 1876 4661; x_wconf 89' lang='lat' dir='ltr'><strong>esse</strong></span> <span class='ocrx_word' id='word_1_699' title='bbox 1894 4594 1963 4662; x_wconf 89' lang='lat' dir='ltr'><strong>loco</strong></span> <span class='ocrx_word' id='word_1_700' title='bbox 1980 4606 2077 4679; x_wconf 90' lang='lat' dir='ltr'><strong>potus</strong></span> <span class='ocrx_word' id='word_1_701' title='bbox 2097 4597 2152 4663; x_wconf 84' lang='lat' dir='ltr'><strong>iel.</strong></span> 
     </span>
     <span class='ocr_line' id='line_1_50' title="bbox 162 4677 2150 4767; baseline 0.001 -21"><span class='ocrx_word' id='word_1_702' title='bbox 162 4693 314 4766; x_wconf 89' lang='lat' dir='ltr'><strong>poterant</strong></span> <span class='ocrx_word' id='word_1_703' title='bbox 350 4681 561 4767; x_wconf 88' lang='lat' dir='ltr'><strong>tergiversari</strong></span> <span class='ocrx_word' id='word_1_704' title='bbox 597 4680 729 4761; x_wconf 90' lang='lat' dir='ltr'><strong>Iudaei,</strong></span> <span class='ocrx_word' id='word_1_705' title='bbox 767 4680 1040 4766; x_wconf 87' lang='lat' dir='ltr'><strong>quemadmodum</strong></span> <span class='ocrx_word' id='word_1_706' title='bbox 1080 4701 1131 4745; x_wconf 91' lang='lat' dir='ltr'><strong>so·</strong></span> <span class='ocrx_word' id='word_1_707' title='bbox 1183 4679 1228 4743; x_wconf 80' lang='lat' dir='ltr'><strong>Et</strong></span> <span class='ocrx_word' id='word_1_708' title='bbox 1258 4677 1441 4745; x_wconf 79' lang='lat' dir='ltr'><strong>videbimus</strong></span> <span class='ocrx_word' id='word_1_709' title='bbox 1474 4681 1572 4745; x_wconf 89' lang='lat' dir='ltr'><strong>etiam</strong></span> <span class='ocrx_word' id='word_1_710' title='bbox 1604 4687 1716 4763; x_wconf 83' lang='lat' dir='ltr'><strong>postea</strong></span> <span class='ocrx_word' id='word_1_711' title='bbox 1748 4678 1825 4763; x_wconf 91' lang='lat' dir='ltr'><strong>quid</strong></span> <span class='ocrx_word' id='word_1_712' title='bbox 1858 4679 1945 4747; x_wconf 87' lang='lat' dir='ltr'><strong>dicat</strong></span> <span class='ocrx_word' id='word_1_713' title='bbox 1977 4681 2150 4756; x_wconf 88' lang='lat' dir='ltr'><strong>Ieremias:</strong></span> 
     </span>
     <span class='ocr_line' id='line_1_51' title="bbox 161 4763 2151 4852; baseline 0.001 -20"><span class='ocrx_word' id='word_1_714' title='bbox 161 4768 300 4852; x_wconf 91' lang='lat' dir='ltr'><strong>phistice</strong></span> <span class='ocrx_word' id='word_1_715' title='bbox 321 4767 512 4852; x_wconf 86' lang='lat' dir='ltr'><strong>hypocritae</strong></span> <span class='ocrx_word' id='word_1_716' title='bbox 534 4778 637 4850; x_wconf 91' lang='lat' dir='ltr'><strong>agunt</strong></span> <span class='ocrx_word' id='word_1_717' title='bbox 658 4786 731 4832; x_wconf 88' lang='lat' dir='ltr'><strong>oum</strong></span> <span class='ocrx_word' id='word_1_718' title='bbox 754 4769 842 4833; x_wconf 91' lang='lat' dir='ltr'><strong>Deo:</strong></span> <span class='ocrx_word' id='word_1_719' title='bbox 876 4763 916 4845; x_wconf 89' lang='lat' dir='ltr'><strong>O,</strong></span> <span class='ocrx_word' id='word_1_720' title='bbox 939 4765 1016 4848; x_wconf 91' lang='lat' dir='ltr'><strong>quid</strong></span> <span class='ocrx_word' id='word_1_721' title='bbox 1039 4766 1132 4832; x_wconf 91' lang='lat' dir='ltr'><strong>nobis</strong></span> <span class='ocrx_word' id='word_1_722' title='bbox 1182 4783 1259 4830; x_wconf 91' lang='lat' dir='ltr'><strong>nam</strong></span> <span class='ocrx_word' id='word_1_723' title='bbox 1281 4784 1438 4831; x_wconf 88' lang='lat' dir='ltr'><strong>accusans</strong></span> <span class='ocrx_word' id='word_1_724' title='bbox 1460 4764 1569 4832; x_wconf 92' lang='lat' dir='ltr'><strong>hostes</strong></span> <span class='ocrx_word' id='word_1_725' title='bbox 1588 4786 1664 4832; x_wconf 90' lang='lat' dir='ltr'><strong>suos</strong></span> <span class='ocrx_word' id='word_1_726' title='bbox 1687 4764 1765 4832; x_wconf 89' lang='lat' dir='ltr'><strong>dicit</strong></span> <span class='ocrx_word' id='word_1_727' title='bbox 1786 4767 1986 4850; x_wconf 87' lang='lat' dir='ltr'><strong>conspirasse</strong></span> <span class='ocrx_word' id='word_1_728' title='bbox 2006 4768 2151 4834; x_wconf 87' lang='lat' dir='ltr'><strong>insuam</strong></span> 
     </span>
     <span class='ocr_line' id='line_1_52' title="bbox 162 4850 2151 4938; baseline -0.001 -20"><span class='ocrx_word' id='word_1_729' title='bbox 162 4853 275 4920; x_wconf 90' lang='lat' dir='ltr'><strong>obiiois</strong></span> <span class='ocrx_word' id='word_1_730' title='bbox 307 4863 437 4920; x_wconf 89' lang='lat' dir='ltr'><strong>nostras</strong></span> <span class='ocrx_word' id='word_1_731' title='bbox 469 4850 704 4937; x_wconf 79' lang='lat' dir='ltr'><strong>cogitationes?</strong></span> <span class='ocrx_word' id='word_1_732' title='bbox 741 4853 796 4919; x_wconf 92' lang='lat' dir='ltr'><strong>ubi</strong></span> <span class='ocrx_word' id='word_1_733' title='bbox 830 4861 906 4918; x_wconf 89' lang='lat' dir='ltr'><strong>suut</strong></span> <span class='ocrx_word' id='word_1_734' title='bbox 936 4851 1011 4917; x_wconf 89' lang='lat' dir='ltr'><strong>illae</strong></span> <span class='ocrx_word' id='word_1_735' title='bbox 1043 4853 1131 4936; x_wconf 85' lang='lat' dir='ltr'><strong>cogi-</strong></span> <span class='ocrx_word' id='word_1_736' title='bbox 1182 4859 1330 4928; x_wconf 84' lang='lat' dir='ltr'><strong>mortem,</strong></span> <span class='ocrx_word' id='word_1_737' title='bbox 1351 4851 1518 4918; x_wconf 89' lang='lat' dir='ltr'><strong>Ponamus</strong></span> <span class='ocrx_word' id='word_1_738' title='bbox 1539 4851 1665 4936; x_wconf 88' lang='lat' dir='ltr'><strong>liguum</strong></span> <span class='ocrx_word' id='word_1_739' title='bbox 1687 4851 1724 4916; x_wconf 92' lang='lat' dir='ltr'><strong>in</strong></span> <span class='ocrx_word' id='word_1_740' title='bbox 1741 4872 1859 4936; x_wconf 89' lang='lat' dir='ltr'><strong>panem</strong></span> <span class='ocrx_word' id='word_1_741' title='bbox 1880 4854 1959 4919; x_wconf 91' lang='lat' dir='ltr'><strong>eius.</strong></span> <span class='ocrx_word' id='word_1_742' title='bbox 1990 4851 2054 4917; x_wconf 91' lang='lat' dir='ltr'><strong>Hie</strong></span> <span class='ocrx_word' id='word_1_743' title='bbox 2072 4872 2151 4938; x_wconf 89' lang='lat' dir='ltr'><strong>ergo</strong></span> 
     </span>
     <span class='ocr_line' id='line_1_53' title="bbox 162 4935 2152 5022; baseline 0 -18"><span class='ocrx_word' id='word_1_744' title='bbox 162 4937 326 5004; x_wconf 82' lang='lat' dir='ltr'><strong>tationes?</strong></span> <span class='ocrx_word' id='word_1_745' title='bbox 366 4938 515 5019; x_wconf 82' lang='lat' dir='ltr'><strong>Baalim,</strong></span> <span class='ocrx_word' id='word_1_746' title='bbox 552 4938 673 5022; x_wconf 91' lang='lat' dir='ltr'><strong>inquit,</strong></span> <span class='ocrx_word' id='word_1_747' title='bbox 710 4938 772 5004; x_wconf 89' lang='lat' dir='ltr'><strong>hoo</strong></span> <span class='ocrx_word' id='word_1_748' title='bbox 804 4949 872 5018; x_wconf 85' lang='lat' dir='ltr'><strong>est,</strong></span> <span class='ocrx_word' id='word_1_749' title='bbox 907 4958 1009 5022; x_wconf 91' lang='lat' dir='ltr'><strong>quum</strong></span> <span class='ocrx_word' id='word_1_750' title='bbox 1038 4937 1131 5004; x_wconf 81' lang='lat' dir='ltr'><strong>vobis</strong></span> <span class='ocrx_word' id='word_1_751' title='bbox 1181 4936 1290 5002; x_wconf 85' lang='lat' dir='ltr'><strong>verbis</strong></span> <span class='ocrx_word' id='word_1_752' title='bbox 1312 4935 1497 5018; x_wconf 88' lang='lat' dir='ltr'><strong>exprimere</strong></span> <span class='ocrx_word' id='word_1_753' title='bbox 1518 4937 1592 5004; x_wconf 77' lang='lat' dir='ltr'><strong>vult</strong></span> <span class='ocrx_word' id='word_1_754' title='bbox 1613 4937 1770 5004; x_wconf 83' lang='lat' dir='ltr'><strong>ieremias</strong></span> <span class='ocrx_word' id='word_1_755' title='bbox 1792 4936 1982 5004; x_wconf 92' lang='lat' dir='ltr'><strong>horribilem</strong></span> <span class='ocrx_word' id='word_1_756' title='bbox 1992 4937 2056 5003; x_wconf 90' lang='lat' dir='ltr'><strong>Dei</strong></span> <span class='ocrx_word' id='word_1_757' title='bbox 2079 4941 2152 5004; x_wconf 85' lang='lat' dir='ltr'><strong>vin·</strong></span> 
     </span>
     <span class='ocr_line' id='line_1_54' title="bbox 161 5020 2151 5109; baseline 0.001 -19"><span class='ocrx_word' id='word_1_758' title='bbox 161 5025 325 5090; x_wconf 87' lang='lat' dir='ltr'><strong>finxeritis</strong></span> <span class='ocrx_word' id='word_1_759' title='bbox 358 5025 445 5091; x_wconf 90' lang='lat' dir='ltr'><strong>idola</strong></span> <span class='ocrx_word' id='word_1_760' title='bbox 481 5033 612 5109; x_wconf 88' lang='lat' dir='ltr'><strong>praeter</strong></span> <span class='ocrx_word' id='word_1_761' title='bbox 648 5044 748 5089; x_wconf 90' lang='lat' dir='ltr'><strong>unum</strong></span> <span class='ocrx_word' id='word_1_762' title='bbox 781 5022 905 5104; x_wconf 90' lang='lat' dir='ltr'><strong>Deum,</strong></span> <span class='ocrx_word' id='word_1_763' title='bbox 941 5022 1018 5090; x_wconf 91' lang='lat' dir='ltr'><strong>hinc</strong></span> <span class='ocrx_word' id='word_1_764' title='bbox 1050 5023 1130 5088; x_wconf 85' lang='lat' dir='ltr'><strong>satis</strong></span> <span class='ocrx_word' id='word_1_765' title='bbox 1181 5020 1311 5102; x_wconf 89' lang='lat' dir='ltr'><strong>dietam,</strong></span> <span class='ocrx_word' id='word_1_766' title='bbox 1344 5023 1422 5104; x_wconf 92' lang='lat' dir='ltr'><strong>quia</strong></span> <span class='ocrx_word' id='word_1_767' title='bbox 1453 5021 1577 5089; x_wconf 89' lang='lat' dir='ltr'><strong>seilicet</strong></span> <span class='ocrx_word' id='word_1_768' title='bbox 1608 5021 1675 5088; x_wconf 80' lang='lat' dir='ltr'><strong>hon</strong></span> <span class='ocrx_word' id='word_1_769' title='bbox 1708 5032 1836 5089; x_wconf 90' lang='lat' dir='ltr'><strong>tantum</strong></span> <span class='ocrx_word' id='word_1_770' title='bbox 1864 5021 1990 5088; x_wconf 89' lang='lat' dir='ltr'><strong>orbabit</strong></span> <span class='ocrx_word' id='word_1_771' title='bbox 2011 5022 2151 5091; x_wconf 87' lang='lat' dir='ltr'><strong>Iudaeos</strong></span> 
     </span>
     <span class='ocr_line' id='line_1_55' title="bbox 161 5105 2150 5198; baseline -0.002 -20"><span class='ocrx_word' id='word_1_772' title='bbox 161 5117 290 5178; x_wconf 88' lang='lat' dir='ltr'><strong>constat</strong></span> <span class='ocrx_word' id='word_1_773' title='bbox 318 5130 375 5177; x_wconf 82' lang='lat' dir='ltr'><strong>vos</strong></span> <span class='ocrx_word' id='word_1_774' title='bbox 403 5119 560 5198; x_wconf 88' lang='lat' dir='ltr'><strong>sequutus</strong></span> <span class='ocrx_word' id='word_1_775' title='bbox 588 5131 669 5194; x_wconf 91' lang='lat' dir='ltr'><strong>esse,</strong></span> <span class='ocrx_word' id='word_1_776' title='bbox 698 5109 809 5174; x_wconf 91' lang='lat' dir='ltr'><strong>relicto</strong></span> <span class='ocrx_word' id='word_1_777' title='bbox 831 5108 894 5174; x_wconf 91' lang='lat' dir='ltr'><strong>Dei</strong></span> <span class='ocrx_word' id='word_1_778' title='bbox 916 5109 1026 5192; x_wconf 83' lang='lat' dir='ltr'><strong>verbo,</strong></span> <span class='ocrx_word' id='word_1_779' title='bbox 1058 5129 1130 5192; x_wconf 91' lang='lat' dir='ltr'><strong>pro-</strong></span> <span class='ocrx_word' id='word_1_780' title='bbox 1181 5109 1249 5174; x_wconf 91' lang='lat' dir='ltr'><strong>snie</strong></span> <span class='ocrx_word' id='word_1_781' title='bbox 1263 5105 1439 5186; x_wconf 87' lang='lat' dir='ltr'><strong>benefieiis,</strong></span> <span class='ocrx_word' id='word_1_782' title='bbox 1457 5108 1515 5174; x_wconf 91' lang='lat' dir='ltr'><strong>sed</strong></span> <span class='ocrx_word' id='word_1_783' title='bbox 1529 5117 1700 5176; x_wconf 82' lang='lat' dir='ltr'><strong>convertet</strong></span> <span class='ocrx_word' id='word_1_784' title='bbox 1714 5108 1782 5175; x_wconf 91' lang='lat' dir='ltr'><strong>illis</strong></span> <span class='ocrx_word' id='word_1_785' title='bbox 1797 5127 1913 5191; x_wconf 89' lang='lat' dir='ltr'><strong>panem</strong></span> <span class='ocrx_word' id='word_1_786' title='bbox 1928 5107 1962 5174; x_wconf 91' lang='lat' dir='ltr'><strong>in</strong></span> <span class='ocrx_word' id='word_1_787' title='bbox 1977 5128 2150 5192; x_wconf 82' lang='lat' dir='ltr'><strong>venenum,</strong></span> 
     </span>
     <span class='ocr_line' id='line_1_56' title="bbox 161 5193 2150 5282; baseline 0 -20"><span class='ocrx_word' id='word_1_788' title='bbox 161 5199 250 5281; x_wconf 84' lang='lat' dir='ltr'><strong>prius</strong></span> <span class='ocrx_word' id='word_1_789' title='bbox 270 5195 490 5282; x_wconf 86' lang='lat' dir='ltr'><strong>cogitationes.</strong></span> <span class='ocrx_word' id='word_1_790' title='bbox 528 5195 631 5262; x_wconf 87' lang='lat' dir='ltr'><strong>Addit</strong></span> <span class='ocrx_word' id='word_1_791' title='bbox 650 5195 794 5276; x_wconf 79' lang='lat' dir='ltr'><strong>Baalim,</strong></span> <span class='ocrx_word' id='word_1_792' title='bbox 816 5193 909 5261; x_wconf 90' lang='lat' dir='ltr'><strong>sieut.</strong></span> <span class='ocrx_word' id='word_1_793' title='bbox 948 5193 1033 5259; x_wconf 86' lang='lat' dir='ltr'><strong>Nam</strong></span> <span class='ocrx_word' id='word_1_794' title='bbox 1055 5205 1131 5262; x_wconf 71' lang='lat' dir='ltr'><strong>&#39;tntt</strong></span> <span class='ocrx_word' id='word_1_795' title='bbox 1180 5202 1214 5261; x_wconf 90' lang='lat' dir='ltr'><strong>et</strong></span> <span class='ocrx_word' id='word_1_796' title='bbox 1234 5213 1353 5278; x_wconf 86' lang='lat' dir='ltr'><strong>aquam</strong></span> <span class='ocrx_word' id='word_1_797' title='bbox 1376 5194 1593 5260; x_wconf 81' lang='lat' dir='ltr'><strong>amaritudine</strong></span> <span class='ocrx_word' id='word_1_798' title='bbox 1614 5203 1808 5279; x_wconf 86' lang='lat' dir='ltr'><strong>corrumpet.</strong></span> <span class='ocrx_word' id='word_1_799' title='bbox 1844 5193 1941 5260; x_wconf 91' lang='lat' dir='ltr'><strong>Nunc</strong></span> <span class='ocrx_word' id='word_1_800' title='bbox 1962 5215 2040 5280; x_wconf 88' lang='lat' dir='ltr'><strong>ergo</strong></span> <span class='ocrx_word' id='word_1_801' title='bbox 2062 5205 2150 5262; x_wconf 89' lang='lat' dir='ltr'><strong>tene·</strong></span> 
     </span>
     <span class='ocr_line' id='line_1_57' title="bbox 161 5277 2224 5367; baseline 0 -19"><span class='ocrx_word' id='word_1_802' title='bbox 161 5283 335 5350; x_wconf 78' lang='lat' dir='ltr'><strong>relativum</strong></span> <span class='ocrx_word' id='word_1_803' title='bbox 367 5284 525 5366; x_wconf 87' lang='lat' dir='ltr'><strong>accipitur</strong></span> <span class='ocrx_word' id='word_1_804' title='bbox 558 5303 616 5367; x_wconf 91' lang='lat' dir='ltr'><strong>pro</strong></span> <span class='ocrx_word' id='word_1_805' title='bbox 649 5295 670 5350; x_wconf 70' lang='lat' dir='ltr'><strong>n</strong></span> <span class='ocrx_word' id='word_1_806' title='bbox 703 5283 814 5359; x_wconf 72' lang='lat' dir='ltr'><strong>nunti,</strong></span> <span class='ocrx_word' id='word_1_807' title='bbox 848 5278 1130 5365; x_wconf 88' lang='lat' dir='ltr'><strong>quemadmodum,</strong></span> <span class='ocrx_word' id='word_1_808' title='bbox 1181 5301 1254 5346; x_wconf 94' lang='lat' dir='ltr'><strong>mus</strong></span> <span class='ocrx_word' id='word_1_809' title='bbox 1275 5277 1447 5346; x_wconf 90' lang='lat' dir='ltr'><strong>consilium</strong></span> <span class='ocrx_word' id='word_1_810' title='bbox 1475 5281 1670 5365; x_wconf 90' lang='lat' dir='ltr'><strong>prophetae:</strong></span> <span class='ocrx_word' id='word_1_811' title='bbox 1703 5291 1737 5347; x_wconf 92' lang='lat' dir='ltr'><strong>et</strong></span> <span class='ocrx_word' id='word_1_812' title='bbox 1767 5278 1864 5345; x_wconf 92' lang='lat' dir='ltr'><strong>simul</strong></span> <span class='ocrx_word' id='word_1_813' title='bbox 1892 5281 2073 5348; x_wconf 87' lang='lat' dir='ltr'><strong>notandum</strong></span> <span class='ocrx_word' id='word_1_814' title='bbox 2099 5291 2150 5348; x_wconf 88' lang='lat' dir='ltr'><strong>est</strong></span> <span class='ocrx_word' id='word_1_815' title='bbox 2220 5339 2224 5348; x_wconf 93' lang='lat'>.</span> 
     </span>
    </p>
   </div>
   <div class='ocr_carea' id='block_1_5' title="bbox 0 0 2524 6118">
    <p class='ocr_par' dir='ltr' id='par_1_7' title="bbox 0 0 2524 6118">
     <span class='ocr_line' id='line_1_58' title="bbox 0 0 2524 6118; baseline 0 6"><span class='ocrx_word' id='word_1_816' title='bbox 0 0 2524 6118; x_wconf 95' lang='lat' dir='ltr'><strong> </strong></span> 
     </span>
    </p>
   </div>
  </div>
 </body>
</html>
