5134 6124
203 461 267 526 285
906 461 956 526 IN
977 460 1228 528 leuamen.
1273 461 1372 527 OAP.
1395 461 1509 528 XVII.
2148 466 2212 532 286

205 651 338 733 diceret,
369 652 419 716 Ite
449 669 545 730 nunc,
576 661 607 715 et
637 651 791 716 simulate
821 671 879 718 vos
901 653 1042 717 reunere
1064 651 1181 718 saltem
1233 669 1335 733 sensa,
1359 653 1388 714 et
1403 671 1465 732 pro
1485 651 1634 732 foeteltote
1656 650 1782 716 artimus
1804 655 1924 718 oeeboe
1940 672 1978 717 ae
1998 652 2117 718 tollatis
2134 673 2213 722 onus

204 737 349 820 aliquam
372 738 543 821 pietatem:
572 737 662 819 atqui
685 737 719 801 iu
743 758 779 803 re
801 738 945 816 minima,
975 735 1037 802 hoo
1057 748 1116 816 est,
1146 741 1181 803 in
1233 738 1268 800 ia
1289 736 1341 801 die
1373 735 1504 820 subbati,
1542 742 1572 803 et
1592 759 1631 802 ae
1651 737 1801 820 infantis
1817 758 1877 820 per
1892 743 2005 820 portus
2027 739 2210 808 Ierusalem.

203 823 432 890 observatione
462 821 586 889 sabbati
617 843 676 888 vos
705 824 804 888 etiam
833 823 985 901 deficitis,
1023 825 1101 906 quia
1132 826 1180 890 iu·
1232 821 1306 888 Hco
1324 843 1389 887 non
1409 835 1480 887 erat
1498 821 1631 890 difficile
1649 821 1837 889 observatu:
1861 823 1978 888 deinde
1995 829 2211 907 transgressio

202 908 295 990 fadis
325 927 434 989 mero,
464 909 526 974 hoc
548 917 611 986 est,
643 909 871 992 negotiamini,
907 909 1181 993 quemadmodum
1233 923 1304 973 erat
1326 909 1424 972 nimis
1447 909 1547 974 foeda.
1592 908 1677 974 Nam
1700 907 1797 974 sicuti
1819 910 1885 973 iam
1908 908 1986 987 dixi,
2015 909 2050 974 in
2072 930 2108 976 re
2130 911 2210 978 levi·

204 995 278 1062 aliis
308 993 434 1060 diebus.
478 994 592 1076 Quum
621 1014 700 1078 ergo
729 993 820 1058 nulla
849 996 892 1060 sit
918 992 1004 1077 apud
1028 1014 1086 1060 vos
1107 994 1181 1061 sab·
1233 993 1307 1060 cula
1324 995 1565 1077 profitebantur
1581 1015 1616 1059 se
1633 995 1802 1077 aspernari
1817 993 1883 1059 Dei
1902 994 2025 1077 legem:
2048 1005 2081 1059 et
2098 1005 2209 1063 tamon

203 1081 271 1147 bati
305 1081 462 1146 sanctitas
492 1081 591 1144 etiam
624 1088 775 1158 externa,
808 1079 886 1163 quid
919 1081 984 1144 iam
1020 1081 1181 1166 tergiver·
1233 1078 1420 1144 observatio
1442 1079 1568 1146 sabbati
1592 1100 1644 1145 res
1662 1087 1733 1146 erat
1755 1079 1866 1164 magni
1884 1078 2048 1162 ponderis.
2084 1082 2209 1148 Verum

204 1166 307 1233 eandc
346 1165 526 1249 proficitis?
567 1163 829 1248 qnandoquidem
867 1167 1016 1232 convicta
1049 1175 1181 1232 tenetur
1233 1174 1283 1229 cet
1311 1175 1470 1247 quantum
1499 1166 1540 1230 ad
1571 1187 1640 1230 rem
1669 1166 1788 1248 ipsam:
1823 1165 1880 1231 sed
1909 1167 1945 1229 in
1973 1166 2044 1249 ipso
2072 1180 2209 1235 externo

204 1263 316 1318 vestra
354 1252 515 1336 impietas.
570 1251 667 1316 Nunc
699 1270 779 1335 ergo
812 1260 962 1317 tenemus
994 1252 1072 1334 quid
1105 1262 1181 1337 agat
1233 1253 1299 1316 ritu
1330 1250 1413 1315 nihil
1443 1260 1515 1317 erat
1542 1252 1674 1336 negotii.
1718 1251 1810 1336 Ergo
1840 1251 1961 1335 duplex
1981 1255 2134 1336 apparuit
2155 1276 2208 1338 po·

204 1339 373 1423 propheta,
394 1349 428 1404 et
449 1357 604 1421 quorsum
627 1347 751 1420 spectet
769 1341 838 1402 tcta
856 1337 937 1404 haec
955 1339 1076 1418 concio,
1098 1358 1181 1421 quae
1232 1335 1301 1419 puli
1335 1335 1501 1419 impietas,
1534 1339 1612 1421 quia
1643 1338 1875 1420 contempserit
1907 1339 2111 1422 singularem
2146 1340 2208 1406 Dei

203 1425 297 1491 nobis
324 1421 518 1506 exponenda
546 1431 605 1488 eet.
649 1422 764 1488 Primo
792 1422 871 1490 dicit
899 1444 932 1488 se
953 1443 1019 1489 esse
1038 1425 1180 1502 missam,
1256 1423 1390 1502 ratium,
1430 1423 1523 1488 euius
1565 1424 1786 1488 testimonium
1827 1431 1898 1488 erat
1930 1425 1999 1490 dios
2032 1425 2207 1506 septimus:

204 1533 268 1595 quo
287 1509 476 1576 mandatum
497 1509 557 1574 boc
572 1508 724 1593 perierat.
758 1508 911 1574 Antehac
926 1510 1056 1592 quidem
1073 1511 1180 1574 Inerat
1232 1443 1350 1573 leinde
1379 1508 1454 1591 quia
1481 1517 1641 1592 gravatus
1672 1514 1723 1574 est
1752 1507 1854 1573 ouum
1877 1508 1983 1574 colere
2005 1509 2057 1574 die
2079 1509 2145 1588 illo,
2175 1522 2209 1575 et

202 1597 324 1663 elnotus
352 1595 521 1679 propheta,
551 1593 608 1659 sed
631 1593 683 1660 hic
706 1594 853 1678 loquitur
874 1596 914 1660 de
937 1595 1070 1678 speciali
1092 1594 1179 1677 quod
1231 1594 1264 1658 in
1296 1615 1332 1658 re
1360 1603 1427 1658 tam
1450 1593 1537 1660 sacili
1560 1615 1623 1659 non
1648 1593 1809 1659 dubitavit
1830 1595 1922 1678 quasi
1945 1592 2018 1660 Deo
2041 1595 2207 1676 insultare,

203 1681 374 1749 subiicitur
402 1679 566 1746 mandato.
614 1681 703 1746 uicit
732 1689 843 1746 autem
873 1701 906 1746 ee
924 1682 1026 1763 falsae
1046 1682 1180 1746 missum
1231 1679 1502 1760 quemadmodum
1527 1681 1617 1763 prius
1640 1679 1763 1745 dictum
1786 1680 1857 1744 luit.
1896 1680 1984 1766 Ergo
2006 1681 2087 1746 haec
2109 1683 2207 1748 etiam

202 1770 246 1836 ad
267 1772 397 1850 pomum
418 1766 615 1848 primariam
636 1766 726 1832 urbis
740 1786 804 1848 per
820 1786 916 1848 qaam
936 1785 1026 1850 repes
1047 1766 1179 1850 egredie-
1230 1766 1476 1831 circumstantia
1506 1765 1650 1831 notanda
1672 1775 1738 1844 est,
1770 1785 1873 1848 quum
1896 1765 1989 1844 dicit,
2020 1766 2070 1830 Ne
2091 1767 2209 1834 utum

202 1855 315 1920 metor
354 1857 382 1917 et
413 1852 683 1936 ingrediebantur,
722 1857 801 1918 taus
831 1853 925 1918 amm
954 1852 1107 1938 populus:
1146 1861 1179 1918 ct
1230 1869 1324 1934 oum,
1360 1856 1388 1916 et
1418 1869 1458 1915 ue
1489 1853 1636 1934 inferatis
1662 1872 1724 1935 per
1749 1856 1863 1932 portos
1894 1851 2077 1918 Ierusalem.
2132 1853 2206 1921 Hoc

202 1939 330 2018 deinde,
346 1959 381 2004 se
396 1938 498 2019 falsae
514 1939 647 2004 missam
664 1938 707 2004 od
724 1957 828 2004 annes
839 1944 960 2020 portos.
991 1937 1053 2004 His
1072 1938 1178 2004 verbis
1230 1936 1329 2000 etiam
1357 1937 1540 2022 emphatica
1570 1937 1719 2003 additur:
1752 1938 1829 2020 quia
1860 1957 1926 2003 non
1957 1937 2076 2003 licebat
2104 1939 2206 2004 etiam

201 2023 650 2193 ttttit‘ittttttttt
666 2023 1069 2194 'illItiilllmviillii
1087 2023 1178 2192 ”tt
1230 2021 1283 2172 ll.
1296 2023 1596 2177 ‘illtal‘lmsli
1625 2024 1698 2174 tt
1735 2021 2205 2193 ittfitt‘td‘tttsttt

640 2159 648 2191 r
1067 2159 1075 2190 r
1455 2159 1462 2175 ·
2196 2160 2204 2188 r

201 2197 325 2264 scilicet
357 2196 433 2279 plue
461 2194 679 2261 verecundiae
708 2197 872 2262 incuteret
898 2207 966 2262 tam
988 2197 1057 2279 regi
1080 2215 1176 2279 quam
1229 2213 1329 2276 quum
1358 2195 1500 2261 inferent
1526 2216 1606 2262 onus
1629 2216 1687 2278 per
1709 2201 1819 2278 portas
1840 2194 2029 2275 Ierusalem,
2060 2215 2097 2261 ac
2119 2196 2205 2262 siin

200 2285 258 2348 toti
280 2282 409 2366 populo.
453 2278 611 2347 Sciebant
633 2281 811 2364 prophetae
832 2283 975 2365 primum
998 2283 1032 2346 iu
1055 2281 1177 2365 templo
1229 2279 1359 2346 theatro
1377 2281 1581 2347 vellentDeo
1596 2279 1828 2346 coutumeliam
1844 2279 1977 2346 inferre.
2000 2279 2204 2366 lerosolyma

199 2366 402 2445 concionari,
436 2367 553 2431 deinde
586 2365 739 2434 accedere
770 2367 810 2432 ad
844 2376 986 2452 portam,
1020 2367 1075 2433 ubi
1106 2375 1178 2432 erat
1228 2366 1317 2431 enim
1339 2368 1402 2432 Iuit
1422 2367 1490 2431 illis
1509 2367 1614 2432 instar
1633 2367 1770 2432 theatri:
1793 2365 2065 2448 quemadmodum
2084 2367 2112 2431 si
2131 2369 2204 2450 quie

198 2455 303 2520 maior
325 2453 497 2518 hominum
520 2452 714 2534 frequentia.
760 2451 827 2518 Sed
850 2473 951 2536 quum
976 2453 1029 2520 hic
1052 2452 1175 2535 aliquid
1228 2471 1294 2516 non
1324 2461 1497 2518 contentus
1532 2453 1689 2536 privatim
1722 2451 1847 2535 aliquid
1882 2450 2049 2518 dedecoris
2083 2453 2203 2518 inferre

198 2539 491 2606 extraordinarium
533 2537 684 2621 designet
723 2539 896 2617 Ieremias,
942 2538 1046 2604 voluit
1086 2539 1174 2604 baud
1227 2539 1386 2620 proximo,
1415 2549 1448 2602 et
1476 2539 1566 2605 lratri
1596 2559 1664 2616 suo,
1697 2539 1842 2622 proferat
1870 2538 1906 2602 in
1936 2535 2079 2603 medium
2108 2557 2203 2604 suum

198 2626 295 2692 dubie
326 2624 418 2689 Deus
458 2623 657 2707 exprobrare
689 2623 820 2690 Indaeis
854 2637 982 2708 turpem
1015 2624 1109 2690 illum
1143 2634 1176 2690 et
1226 2622 1455 2706 petulantiam,
1489 2634 1522 2688 at
1555 2624 1635 2690 velit
1663 2626 1697 2688 in
1727 2625 1816 2690 clara
1842 2623 1914 2689 luce
1943 2625 2093 2706 spectari.
2145 2623 2202 2691 Sic

197 2709 453 2777 inexcusabilem
497 2717 721 2791 contemptum
762 2709 898 2776 sabbati.
959 2710 1031 2774 Iam
1073 2707 1174 2788 addit,
1227 2729 1294 2774 non
1323 2716 1451 2774 tantum
1482 2708 1615 2775 luerunt
1637 2709 1864 2776 contumeliosi
1888 2710 1922 2773 in
1945 2707 2055 2774 Deum
2076 2707 2202 2790 Iudaei,

197 2797 294 2864 Dices
315 2796 392 2879 silis,
413 2795 534 2861 Audite
554 2815 724 2861 wmoaan
748 2794 888 2880 Ieltooue,
912 2815 1000 2880 repes
1021 2794 1174 2874 lebadea,
1226 2793 1284 2860 sed
1306 2796 1405 2860 etiam
1427 2796 1462 2859 in
1485 2796 1567 2861 urbe
1589 2795 1645 2860 illa
1668 2805 1736 2860 tam
1759 2795 1889 2872 celebri,
1912 2795 2040 2878 inipso
2062 2795 2202 2878 denique

197 2888 225 2949 et
261 2881 375 2948 audiat
409 2881 511 2947 omnis
535 2880 691 2964 papulae,
730 2885 758 2946 et
795 2881 927 2948 medicat
958 2901 1063 2948 moues
1094 2882 1175 2947 ciues
1226 2883 1411 2946 sanctuario
1444 2883 1516 2945 ausi
1549 2890 1627 2947 sunt
1656 2879 1828 2946 ostendere
1861 2900 1955 2946 suam
1989 2882 2200 2963 impietatem.

199 2966 407 3050 Ieroeolyusoe
436 2968 608 3048 putemus
633 2966 855 3050 iuqrede‘auber
880 2987 941 3049 per
966 2967 1027 3034 Itos
1052 2971 1172 3050 portus.
1226 2964 1368 3049 Reliqua
1390 2965 1587 3032 differemus.

195 3054 311 3120 Iussus
341 3061 391 3117 est
419 3052 579 3136 propheta
607 3053 751 3135 incipere
780 3074 903 3138 aroge
924 3054 1011 3137 ipso,
1040 3053 1096 3136 qui
1118 3053 1173 3117 de·

196 3140 313 3206 buerat
352 3139 529 3220 reprimere
569 3147 694 3202 tantam
725 3137 903 3205 licentiam.
958 3138 1039 3204 Fuit
1073 3138 1174 3223 igitur
1311 3137 1361 3202 22.
1386 3135 1431 3202 Et
1457 3157 1497 3204 rte
1525 3138 1663 3220 efferatis
1692 3157 1771 3203 onus
1799 3157 1815 3202 e
1843 3136 1983 3203 miltes
2010 3138 2122 3203 vestris
2150 3137 2201 3204 ets

195 3226 277 3292 haec
306 3224 442 3288 minime
475 3222 653 3289 tolerabilis
685 3222 846 3304 socordia,
880 3243 980 3307 quum
1014 3245 1074 3290 rex
1103 3225 1174 3307 ipsa
1224 3221 1361 3306 metae,
1402 3228 1431 3288 et
1468 3243 1556 3290 omne
1578 3222 1669 3306 'opus
1707 3243 1747 3290 rte
1783 3223 1913 3305 famam
1944 3220 2086 3308 (nullum
2118 3244 2201 3307 opus

196 3311 316 3377 tacitus
348 3308 450 3374 ferret
481 3308 577 3373 illnm
609 3308 778 3392 religionis
809 3319 1046 3393 contemptum,
1079 3331 1173 3392 prae·
1224 3308 1373 3395 faciatis),
1401 3314 1430 3374 e
1455 3309 1652 3392 sonelifioetis
1676 3309 1760 3374 diem
1780 3307 1911 3388 sabboti,
1942 3309 2201 3391 queamdmodum

196 3397 311 3462 sertim
347 3395 384 3458 in
420 3415 457 3458 re
494 3403 561 3459 tam
594 3393 684 3460 facili
716 3405 748 3459 et
780 3404 911 3478 aperta:
948 3415 1054 3478 neque
1085 3397 1172 3461 enim
1218 3395 1366 3478 praecepi
1382 3395 1673 3477 enataveris.

195 3489 325 3567 poterat
345 3477 523 3545 obtendere
546 3499 581 3545 se
603 3479 704 3545 fnisse
726 3480 879 3546 celatum.
923 3481 1008 3546 Num
1036 3481 1171 3564 perinde

196 3575 266 3632 erat
288 3566 376 3632 acsi
398 3564 512 3630 Iudaei
535 3564 660 3632 vellent
678 3565 920 3652 triumphuma
943 3588 999 3633 ere
1013 3567 1172 3634 adversus
1308 3565 1464 3632 Diximus
1487 3569 1638 3650 proxima
1659 3565 1798 3630 lectione
1821 3585 1882 3631 cnr
1902 3574 1970 3629 tam
1994 3585 2107 3632 severe
2125 3585 2198 3648 pro·

195 3654 320 3733 Deum,
358 3649 446 3733 quod
479 3650 533 3716 lex
566 3651 638 3716 eius
669 3650 758 3716 nullo
792 3651 878 3735 apud
910 3588 983 3718 illos
1016 3658 1103 3720 esset
1136 3655 1170 3719 in
1223 3653 1322 3736 pheta
1356 3651 1574 3734 reprehendat
1607 3650 1747 3716 Iudaeos
1778 3649 1864 3734 quod
1898 3650 2106 3735 negligerent
2145 3671 2200 3716 ex·

194 3739 307 3823 pretio.
345 3737 436 3821 Ergo
458 3736 643 3819 profanatio
664 3736 790 3802 sabbati
813 3739 873 3804 luit
895 3738 1056 3823 quoddam
1080 3741 1169 3804 testi·
1223 3747 1351 3803 ternam
1387 3739 1634 3804 caeremoniam.
1688 3735 1831 3802 Videtur
1864 3736 1953 3801 enim
1986 3755 2040 3800 ros
2072 3755 2132 3819 per
2164 3758 2199 3802 se

194 3825 341 3890 monium
361 3822 593 3905 impudentiae,
622 3830 660 3888 ut
680 3822 789 3906 palam
812 3824 1023 3890 ostenderent
1045 3847 1080 3891 se
1105 3827 1170 3890 iam
1222 3822 1305 3889 levis
1344 3824 1502 3888 momenti
1543 3823 1710 3906 quiescere
1743 3822 1794 3887 die
1827 3842 1909 3900 uno,
1951 3831 1984 3885 ot
2015 3820 2108 3888 Dens
2140 3842 2200 3905 par

194 3931 260 3975 non
282 3909 402 3974 morari
430 3918 488 3972 aut
511 3908 619 3974 Deum
641 3919 699 3974 ant
721 3909 826 3993 legem
849 3911 928 3975 cius.
972 3909 1058 3974 Nam
1081 3910 1170 3976 vide·
1221 3908 1342 3974 Isaiam
1367 3909 1448 3974 satis
1470 3907 1622 3989 declarat,
1649 3907 1733 3973 nihil
1756 3929 1790 3973 se
1813 3908 1933 3972 morari
1956 3905 2081 3973 cultum
2104 3906 2198 3972 illum

194 3997 300 4062 bimus
322 3998 436 4075 postea
457 4002 617 4076 quantum
634 3998 720 4060 esset
734 3995 893 4060 momenti
907 3997 941 4060 in
957 3995 1014 4059 illo
1034 3995 1169 4061 scelere:
1222 4001 1405 4060 externum.
1451 3993 1536 4060 Nam
1568 3994 1756 4079 hypocritae
1786 4012 1822 4058 se
1843 3993 2014 4058 defunctos
2035 3994 2199 4076 putabant

193 4081 250 4148 sed
283 4079 397 4146 differo
420 4079 572 4144 insnum
596 4079 714 4156 locum,
743 4079 821 4163 qnia
843 4103 931 4146 nnnc
953 4101 1020 4146 non
1043 4101 1169 4164 possem
1222 4099 1323 4162 quum
1358 4079 1464 4145 feriati
1494 4093 1603 4146 essent
1632 4079 1685 4145 die
1712 4079 1865 4161 septimo:
1900 4078 1992 4143 Deus
2014 4088 2113 4161 negat
2135 4077 2198 4145 sibi

193 4167 378 4242 absolvere,
413 4175 445 4230 et
478 4165 510 4228 in
545 4185 719 4248 progressu
747 4166 946 4232 commodior
974 4167 1039 4231 erit
1070 4166 1168 4232 locus.
1221 4165 1288 4230 tale
1310 4165 1500 4248 obsequium
1523 4164 1663 4250 probari,
1685 4164 1840 4247 quoniam
1862 4174 1932 4228 erat
1952 4165 2044 4245 quasi
2063 4164 2198 4246 puerilis

193 4252 291 4318 Iubet
312 4262 422 4316 antem
445 4250 532 4330 ipsos
554 4251 715 4336 atumem,
737 4251 794 4317 vel
816 4273 931 4318 cavere
951 4253 987 4318 ia
1003 4253 1169 4319 animabus
1221 4251 1322 4316 lusus.
1372 4249 1504 4318 Scimus
1537 4251 1615 4335 quid
1648 4250 1772 4316 Paulus
1805 4249 1892 4316 dicat
1922 4248 1966 4332 (1.
1990 4249 2074 4314 uim.
2096 4251 2127 4332 4,
2153 4249 2197 4335 8),

192 4341 269 4404 stris.
315 4335 459 4417 Quidam
489 4347 668 4418 exponunt,
699 4337 869 4420 Quantum
892 4338 986 4403 robis
1008 4340 1169 4422 pretiosae
1222 4357 1339 4419 nempe
1361 4337 1517 4403 exercitia
1536 4337 1680 4420 corporis
1702 4355 1766 4401 non
1785 4335 1891 4400 multu
1909 4333 2073 4418 prodesse.
2107 4335 2196 4400 Non·
2314 4361 2320 4374 ·

192 4432 269 4492 sunt
301 4423 431 4488 animae
461 4430 600 4486 vestrae.
644 4423 717 4505 Ego
747 4434 855 4489 autem
877 4425 1003 4489 ammae
1027 4423 1080 4490 hic
1102 4445 1168 4488 uon
1221 4422 1299 4487 dnm
1319 4423 1379 4489 hoc
1397 4424 1554 4507 scriptum
1572 4431 1644 4488 erat
1658 4441 1758 4505 quum
1775 4420 1931 4486 Ieremias
1953 4420 2107 4503 loquutus
2130 4427 2196 4486 est:

192 4510 314 4593 accipio
336 4527 395 4591 pro
418 4505 506 4587 vitis,
529 4507 587 4572 scd
609 4528 667 4590 pro
689 4508 859 4575 affectibus
881 4508 1045 4576 cordium:
1075 4509 1167 4593 quasi
1220 4508 1277 4574 sed
1307 4517 1417 4574 tamen
1446 4507 1585 4574 debebat
1613 4509 1769 4590 scriptum
1800 4527 1871 4572 esse
1900 4507 1934 4572 iu
1956 4506 2107 4573 cordibus
2130 4508 2197 4590 pio-

192 4595 324 4675 diceret,
346 4593 472 4659 (latete
494 4591 587 4659 vobis
611 4592 786 4677 diligenter
801 4604 837 4660 ut
852 4595 913 4661 hoc
929 4597 971 4661 eit
985 4597 1166 4678 repositum
1219 4615 1305 4659 rum.
1349 4595 1439 4678 Ergo
1469 4603 1580 4678 posset
1606 4592 1710 4660 videri
1732 4591 1911 4658 absurdum
1934 4593 2041 4674 primo
2064 4594 2194 4670 intuitu,

191 4683 226 4747 iu
259 4679 356 4746 corde
388 4679 514 4745 intimo.
566 4679 652 4744 Nam
686 4691 751 4747 wei
782 4701 880 4764 saepe
912 4681 1072 4764 accipitur
1107 4700 1167 4762 pro
1219 4679 1303 4763 quod
1334 4679 1494 4763 propheta
1523 4688 1692 4763 tantopere
1721 4678 1852 4743 insistat
1879 4679 1914 4743 in
1936 4699 1973 4744 ra
1994 4699 2062 4742 non
2085 4677 2194 4761 magni

191 4765 297 4839 corde.
321 4765 397 4847 quia
419 4764 513 4830 sedes
535 4773 585 4830 est
606 4765 753 4830 omnium
776 4765 962 4832 affectuum.
1003 4764 1164 4830 Deutero·
1218 4765 1389 4849 ponderis:
1421 4765 1477 4831 sed
1505 4783 1637 4830 causam
1665 4765 1810 4830 breviter
1837 4763 1982 4849 exposui,
2012 4765 2091 4845 quia
2117 4763 2194 4829 hino

191 4851 293 4918 nomii
308 4851 331 4914 4
345 4848 472 4930 dicitur,
495 4849 618 4916 Cavete
636 4851 737 4928 vobis,
764 4837 953 4931 nntntttmb,
975 4851 1029 4916 hic
1047 4852 1166 4919 dicitnr
1219 4853 1326 4935 potuit
1358 4850 1468 4934 detegi
1496 4870 1607 4916 crassa
1637 4850 1749 4933 populi
1778 4850 1944 4933 impietas,
1977 4848 2065 4932 quod
2093 4849 2130 4913 in
2158 4868 2194 4912 re

192 4947 390 5006 watstein:
412 4935 479 5002 illic
495 4935 623 5017 dicitur,
638 4937 705 5003 Pro
720 4936 900 5017 animabus,
915 4937 968 5004 vel
983 4935 1024 5002 ad
1040 4937 1166 5004 animas
1218 4945 1285 5003 tam
1319 4936 1405 5004 lucili
1441 4937 1549 5001 Deum
1581 4943 1839 5002 contemnerent.
1891 4935 1977 5000 Nam
2009 4953 2107 5017 saepo
2133 4933 2194 4998 bo·

192 5031 339 5089 vestras:
362 5020 457 5086 sicuti
478 5021 577 5088 etiam
601 5021 698 5090 Iosue
719 5021 771 5088 23.
794 5024 900 5106 capite
923 5023 968 5110 (v.
993 5023 1056 5109 11).
1097 5021 1165 5089 Sed
1217 5023 1323 5088 mines
1356 5022 1600 5089 excusationem
1633 5023 1796 5106 arripiunt
1828 5042 1849 5088 a
1880 5019 2085 5102 difficultate,
2119 5020 2192 5103 Ego

191 5108 304 5175 codem
333 5111 482 5192 spectant
510 5109 593 5173 istae
621 5107 704 5174 dnae
733 5108 947 5192 loquutionee,
982 5129 1100 5192 nempe
1130 5120 1167 5174 ut
1218 5127 1382 5192 cuperem,
1405 5107 1461 5174 sed
1484 5108 1565 5173 mibi
1588 5107 1687 5174 nimis
1709 5117 1758 5174 est
1779 5126 1964 5174 onerosum.
2006 5105 2082 5172 Non
2105 5117 2194 5189 pote·

190 5195 310 5260 intenti
332 5196 400 5261 sint
421 5191 462 5257 ad
485 5192 676 5272 cavendum,
708 5203 741 5260 et
763 5195 930 5260 conferant
951 5194 1030 5260 illuc
1051 5213 1166 5259 omnes
1218 5201 1294 5260 rant
1323 5194 1384 5259 hoc
1413 5195 1535 5260 iactare
1567 5193 1607 5259 de
1636 5193 1892 5261 sanctificatione
1920 5191 2056 5258 sabbati.
2100 5190 2193 5272 Quid

191 5301 268 5347 snas
301 5298 413 5354 ouras,
454 5280 564 5343 omnia
595 5279 720 5360 studia,
753 5277 893 5364 denique
925 5279 1054 5345 animae
1086 5299 1166 5346 suae
1218 5281 1305 5346 enim
1338 5279 1464 5345 lucilius
1497 5284 1547 5348 eet
1576 5300 1674 5365 quam
1705 5279 1872 5362 quiescere
1900 5297 1966 5342 nno
1995 5277 2070 5344 die‘l
2119 5277 2193 5343 Iam

191 5373 310 5450 partes.
357 5363 467 5432 meses
488 5384 567 5448 ergo
589 5365 766 5452 diligenter,
787 5365 906 5449 inquit,
937 5370 1087 5432 douuete
1107 5370 1167 5432 tcto
1219 5387 1317 5450 quum
1353 5365 1508 5433 efferrent
1540 5386 1617 5432 suas
1651 5367 1812 5444 sarcinas,
1849 5372 1883 5428 et
1915 5366 2095 5447 promiscue
2132 5383 2192 5430 sua
