5118 6136
190 503 252 567 stt
880 496 930 563 IN
952 493 1200 562 quuutuu.
1242 493 1342 561 ΟΔΡ.
1365 491 1499 559 XXXI.
2126 502 2189 568 678

189 688 266 770 quia
287 686 443 768 loquutus
465 706 537 752 sum
561 703 633 750 oum
657 701 695 748 eo
715 701 735 746 a
756 680 855 764 lengo
877 690 1032 763 tempore,
1056 677 1162 744 adhue
1186 685 1190 834 ¹
1215 677 1305 744 uiam
1327 679 1428 777 igitur
1450 682 1611 764 putabant
1633 682 1694 749 sibi
1717 703 1883 768 nunquam
1900 706 1970 752 esse
1985 687 2189 756 redeundum

189 785 299 839 tamen
322 772 393 838 eius
415 770 619 838 recordabor.
653 767 783 852 Dignus
806 774 876 832 erat
891 763 1039 850 populus,
1062 783 1161 847 quum
1214 763 1248 826 in
1271 773 1422 847 petuam,
1444 768 1517 834 ideo
1538 768 1630 835 obliti
1654 768 1783 834 tuerent
1800 769 1889 837 riae:
1913 772 2189 854 quemadmodum

189 859 286 924 toties
309 857 493 924 admonitus
515 855 641 933 tuaest,
665 862 797 918 aeterno
821 853 973 917 interitu:
996 850 1051 916 sed
1073 850 1163 914 Deus
1214 850 1241 914 si
1273 847 1346 931 quis
1375 852 1494 938 migret
1524 855 1560 920 in
1588 853 1690 920 alium
1720 853 1825 921 looum
1857 857 1912 924 ubi
1941 857 2091 924 habitare
2121 869 2189 926 toto

189 944 379 1028 pronuntiat
402 962 437 1007 se
460 941 567 1007 adhue
589 940 658 1006 tore
680 938 868 1021 propitium,
890 937 1035 1019 quamuis
1055 939 1161 1001 atem
1215 933 1283 999 vita
1305 943 1446 1018 statuat,
1481 945 1609 1004 tautum
1629 949 1765 1021 quaeret
1787 940 1828 1005 de
1855 942 1925 1020 ria,
1955 945 2114 1010 transitus
2136 945 2189 1010 sui

184 1049 263 1113 pore
284 1028 430 1110 loquutus
446 1029 497 1108 eit,
521 1026 583 1093 hoo
599 1035 661 1107 eat,
683 1023 781 1172 longo
799 1023 955 1106 temporis
972 1021 1077 1104 spatio
1095 1039 1161 1086 uon
1215 1028 1383 1102 respeetu:
1406 1022 1463 1088 sed
1485 1045 1549 1090 non
1572 1023 1756 1091 observabit
1778 1028 1948 1093 eommoda
1972 1028 2122 1114 hospitio,
2152 1041 2189 1096 ut

189 1113 351 1179 destiterit
374 1134 431 1196 per
452 1133 528 1179 suos
544 1109 719 1197 prophetas
762 1108 863 1174 artari
882 1106 1039 1191 populum
1056 1104 1161 1182 illum,
1215 1104 1332 1171 deiude
1354 1115 1475 1187 utatur,
1498 1129 1558 1176 nee
1578 1110 1706 1176 ourabit
1727 1129 1794 1194 qua
1812 1112 2050 1179 transeundum
2070 1115 2122 1191 sit,
2145 1136 2188 1182 au

188 1201 285 1282 idque
308 1199 486 1264 tentaverit
506 1198 627 1280 absque
654 1196 772 1260 truetu.
815 1192 872 1260 Sia
900 1212 979 1277 ergo
1010 1191 1162 1258 distinete
1215 1188 1442 1258 deelinandum
1465 1195 1508 1260 sit
1530 1194 1571 1260 ad
1594 1194 1760 1262 dexteram
1778 1197 1829 1262 rel
1845 1197 1886 1263 ad
1900 1198 2085 1266 sinistram:
2108 1201 2188 1266 ratis

189 1286 278 1370 lego,
310 1288 486 1364 atempore
507 1284 653 1364 laqueatus
672 1301 744 1346 aum
764 1299 834 1345 oum
854 1299 902 1361 eo,
932 1286 969 1343 ut
990 1276 1162 1343 oonfirmet
1214 1276 1276 1340 erit
1298 1279 1471 1360 pervenire
1494 1278 1535 1346 ad
1558 1280 1663 1347 loeum
1687 1302 1750 1365 qno
1772 1281 1887 1347 tendit.
1932 1282 1988 1350 Sia
2010 1287 2108 1351 etiam
2129 1283 2188 1350 In·

188 1371 371 1454 proximam
394 1371 600 1448 sententiam,
628 1366 682 1431 An
705 1365 792 1431 filiun
815 1367 977 1448 pretiosus
998 1363 1092 1442 mihi,
1119 1381 1161 1426 an
1215 1360 1285 1427 daei
1316 1374 1502 1430 statuerant
1531 1366 1594 1432 sibi
1626 1367 1826 1433 manendum
1859 1390 1930 1435 esse
1962 1369 1997 1435 iu
2029 1379 2189 1455 perpetuo

189 1457 277 1522 filius
310 1451 584 1521 obleetationum?
626 1449 887 1550 quandoquidem
922 1449 1030 1532 potius
1062 1448 1162 1513 luisse
1215 1448 1487 1550 exsilioproinde
1509 1471 1574 1517 nnn
1597 1459 1693 1517 eraut
1713 1451 1841 1520 sollieiti
1864 1453 1904 1520 de
1927 1455 1989 1535 via,
2012 1467 2051 1521 ut
2066 1457 2189 1523 soilioet

188 1535 899 1705 tuitii:ttltttttt,iltuto
916 1553 1161 1697 ,truttttt
1214 1554 1373 1702 titt:
1396 1537 1944 1702 tttt‘ttuuttttttttt,
1957 1543 2188 1708 ttulit?

189 1709 246 1778 sed
267 1733 286 1777 ι
309 1710 419 1776 multis
442 1709 580 1776 eaeonlis
602 1708 635 1774 id
666 1707 852 1773 tentaverit.
897 1706 1078 1774 Confirmat
1100 1704 1162 1788 igi·
1215 1703 1292 1769 dum
1316 1705 1370 1789 qui
1394 1705 1502 1789 aliquo
1523 1708 1783 1792 peregrinantur,
1806 1709 1834 1774 si
1853 1709 2016 1776 deradito
2036 1714 2188 1795 negitent,

189 1815 243 1862 tur
264 1797 299 1860 in
323 1797 441 1881 populo
464 1793 520 1861 illo
543 1793 627 1859 nihil
657 1815 727 1860 esse
757 1791 861 1858 bonae
890 1793 977 1875 spei,
1007 1791 1161 1876 quoniam
1214 1792 1324 1855 soient
1356 1790 1417 1856 hoo
1450 1793 1760 1860 esee·eommodum
1793 1794 2027 1861 diversorium:
2061 1796 2187 1876 deiude,

188 1882 309 1947 fuerint
331 1901 464 1964 prorsus
485 1878 709 1947 intractabiles
731 1901 750 1944 a
772 1878 870 1962 longo
892 1890 1047 1960 tempore.
1093 1875 1162 1941 Ad·
1214 1883 1340 1942 tantum
1362 1897 1435 1942 esse
1456 1878 1583 1944 itineris
1610 1880 1697 1945 inter
1722 1878 1785 1945 hoo
1815 1881 1986 1963 oppidum,
2019 1883 2072 1947 vel
2101 1884 2189 1948 inter

188 1968 295 2052 iungit
317 1966 432 2045 adhue,
455 1965 516 2032 hoe
539 1970 598 2044 est,
628 1964 775 2048 quamvis
796 1964 844 2029 ita
865 1965 917 2042 sit,
941 1961 1043 2029 adhue
1063 1981 1161 2026 reeor-
1214 1961 1299 2028 hano
1322 1962 1435 2028 urbem
1458 1973 1491 2028 et
1514 1983 1634 2048 pagum
1657 1965 1768 2030 illum:
1802 1965 1953 2031 similiter
1979 1987 2050 2034 esse
2073 1969 2188 2033 reetio·

188 2054 292 2118 claudo
325 2051 508 2118 recordabor
539 2052 616 2116 eiua.
673 2050 717 2114 ut
750 2049 928 2133 amplitioat
968 2045 1160 2113 banetioium
1213 2068 1282 2112 rem
1305 2047 1391 2113 hano
1413 2047 1515 2126 viam,
1546 2049 1598 2115 vel
1628 2049 1857 2116 deelinandum
1887 2071 1958 2118 esse
1987 2051 2028 2118 ad
2058 2061 2185 2136 partem

189 2139 285 2204 huius
320 2137 604 2216 reeoneiliationis,
642 2134 812 2216 Propterea
843 2137 1012 2200 souuuruat
1041 2133 1163 2198 ιίιαινα
1213 2131 1314 2198 illam.
1358 2131 1470 2212 Quum
1492 2155 1569 2219 ergo
1600 2135 1639 2200 de
1666 2134 1773 2202 reditu
1803 2136 1947 2220 eogitant
1976 2139 2074 2204 etiem
2104 2139 2185 2204 haee

189 2243 258 2288 meo
290 2243 385 2307 ειμι
415 2243 499 2300 eum,
537 2221 715 2287 mieeroudo
745 2219 912 2285 oriemlror
943 2219 1041 2285 illiue.
1096 2217 1162 2282 Hie
1212 2219 1322 2283 omnia
1352 2219 1547 2302 oonoipiunt
1597 2221 1637 2289 ln
1666 2220 1754 2289 huno
1781 2222 1879 2287 tinem
1907 2221 1985 2289 dioit
2016 2223 2185 2307 propheta,

190 2310 347 2374 transfert
379 2309 413 2373 in
447 2329 482 2372 se
515 2307 607 2372 Dens
640 2307 801 2371 humanos
834 2305 979 2370 effeetus.
1025 2302 1161 2368 Viaoera
1212 2309 1313 2369 statue
1333 2304 1389 2369 titi
1410 2304 1525 2383 titulos,
1548 2306 1610 2372 hoo
1632 2314 1690 2388 est,
1712 2306 1846 2373 adiuves
1869 2317 1958 2374 tuam
1982 2310 2183 2386 memoriam,

187 2393 274 2460 euim
299 2393 542 2459 tumultuantur
565 2401 597 2457 et
618 2401 769 2475 strepunt
790 2389 963 2456 immodioo
985 2387 1104 2467 dolore,
1127 2399 1161 2452 et
1213 2397 1250 2453 ut
1271 2388 1379 2453 solent
1401 2391 1551 2468 viatores,
1575 2391 1629 2475 qui
1653 2391 1766 2458 volunt
1789 2391 1895 2458 redire
1921 2393 2088 2478 peridem
2111 2394 2183 2460 iter.

187 2478 350 2545 trahimus
380 2478 522 2561 suspiria
549 2489 581 2542 et
607 2479 751 2562 gemitus
778 2495 820 2542 ex
849 2473 1026 2560 profundo,
1058 2494 1160 2556 quum
1214 2473 1322 2540 Statue
1343 2475 1445 2558 igitur
1464 2475 1579 2560 titulos
1600 2482 1629 2542 et
1649 2478 1731 2562 erige
1751 2476 1808 2543 uti
1823 2497 1955 2557 αιιιιιοι,
1978 2479 2030 2546 vel
2047 2478 2184 2562 lapidee,

186 2585 301 2630 sumus
335 2563 504 2630 oonstrinti
537 2583 657 2648 magna
689 2561 832 2628 tristitia.
882 2560 940 2627 Sia
973 2561 1071 2625 etiam
1104 2558 1159 2625 ubi
1213 2579 1294 2643 quos
1316 2579 1470 2626 rooamos
1491 2562 1648 2646 manupae
1663 2562 1776 2647 lingua
1791 2573 1919 2630 nostra:
1942 2565 2036 2649 quasi
2051 2565 2184 2644 diceret,
2253 2587 2257 2596 ·

185 2649 278 2716 Deus
305 2649 443 2733 suseipit
471 2650 505 2713 in
538 2667 574 2712 se
605 2649 709 2713 teneri
743 2647 845 2731 patris
878 2646 1048 2724 effaetum,
1084 2644 1161 2710 dioit
1213 2646 1263 2711 Tu
1285 2644 1415 2727 quidem
1438 2645 1599 2713 hanmone
1622 2633 1743 2731 putasti
1764 2648 1828 2713 iter
1850 2649 1909 2715 tibi
1936 2669 2006 2716 esse
2028 2650 2184 2727 oleosum,

184 2737 305 2802 oieoero
326 2755 387 2800 sua
409 2735 559 2813 amulone,
582 2734 738 2817 qnoniam
762 2732 844 2797 velit
866 2753 980 2797 rursus
1002 2729 1160 2814 populum
1212 2739 1250 2796 ut
1279 2749 1446 2814 nunqnam
1478 2731 1601 2798 redires
1633 2733 1667 2799 in
1701 2735 1857 2816 patriam:
1887 2733 1979 2799 Deus
2012 2756 2089 2803 vero
2125 2737 2184 2802 tibi

184 2821 293 2902 ipsum
324 2821 467 2904 resipere
496 2820 530 2885 in
559 2819 710 2903 gretiam.
761 2817 835 2883 Hoo
871 2816 1002 2900 quidem
1031 2815 1161 2899 proprie
1213 2837 1347 2880 manum
1369 2817 1523 2900 porriget,
1546 2827 1643 2900 atque
1665 2819 1815 2884 restituet
1836 2820 1870 2884 in
1888 2821 2030 2901 priorem
2048 2829 2182 2888 statum.

185 2907 219 2970 in
245 2907 350 3006 ileum
375 2927 440 2972 uon
463 2905 632 3005 oempetit,
666 2903 723 3004 sed
749 2903 826 2988 quia
849 2925 913 2968 uon
936 2912 1046 3000 potest
1067 2901 1161 3001 aliter
1213 2899 1373 3000 Videmus
1394 2921 1472 3001 ergo
1495 2901 1742 2969 similitudinem
1762 2914 1925 3003 sumptam
1955 2925 2025 2970 esse
2054 2925 2184 2972 anom-

185 2983 1160 3160 tttfflttulit?ttltttttt‘tttt“tttslt
1212 2984 1678 3156 tttzituttptlntl
1701 2989 2184 3160 ttttttttitillent

187 3161 355 3245 Sequitur,
1213 3165 1290 3222 ante
1312 3157 1465 3224 tererent.
1510 3157 1615 3237 Dioit,
1649 3158 1762 3226 Ariiioe
1790 3179 1841 3226 eor
1860 3166 1958 3226 tuum.
2004 3159 2048 3228 Se
2071 3163 2182 3245 ipsum

1213 3263 1301 3309 nuno
1323 3242 1480 3326 explieat:
1501 3244 1603 3310 natiue
1624 3265 1676 3310 eor
1695 3249 1784 3310 tuum
1806 3246 1849 3312 od
1865 3247 2017 3328 semum,
2039 3248 2083 3314 od
2097 3250 2182 3314 utam

271 3333 322 3397 21.
347 3331 456 3398 Statue
478 3330 535 3396 tibi
556 3330 675 3409 titrttos,
699 3349 782 3412 poue
803 3330 860 3395 tibi
883 3349 1025 3412 αιιιιοι,
1057 3329 1162 3395 adiice
1207 3348 1268 3412 per
1289 3348 1384 3410 quom
1404 3329 1570 3396 uouuist.
1614 3328 1774 3397 Videmus
1796 3351 1874 3415 ergo
1896 3332 2089 3414 prophetam
2112 3353 2183 3398 ease

185 3417 250 3502 (vel
273 3417 399 3501 opplioa
441 3435 493 3483 aar
524 3419 612 3481 tuum
644 3416 688 3481 od
719 3415 878 3494 semitam,
910 3415 954 3481 od
986 3416 1073 3480 viam
1099 3433 1160 3498 per
1213 3415 1424 3497 interpretem
1447 3435 1581 3481 suorum
1597 3415 1782 3494 verborum,
1805 3416 1889 3499 quod
1904 3417 2028 3485 soilioet
2043 3418 2183 3503 populus

184 3523 321 3586 quomo
444 3503 484 3568 ti:
512 3507 660 3567 reuertere
680 3500 769 3586 uirgo
792 3499 916 3583 Israel,
946 3505 1102 3566 reuertere
1116 3499 1159 3565 od
1213 3497 1379 3565 rediturus
1400 3509 1485 3566 esset
1514 3500 1626 3566 eodem
1655 3502 1792 3578 itinere,
1826 3505 1975 3585 quamvis
2005 3503 2088 3569 nihil
2117 3502 2183 3568 tale

183 3588 276 3654 urbes
297 3594 370 3654 tuoe
391 3589 480 3654 istos.
1212 3587 1321 3650 animo
1343 3587 1535 3668 oonoiperet.
1581 3586 1625 3651 llt
1646 3586 1766 3652 iterum
1789 3588 1962 3653 eonfirmat
1983 3589 2056 3654 aliis
2075 3587 2182 3654 verbis

1213 3671 1350 3737 eandem
1373 3670 1581 3752 sententiam,
1609 3671 1774 3738 Reuertere
1792 3671 1863 3754 filio
1885 3671 1998 3754 Ieroel,
2032 3679 2183 3740 reuertere

271 3759 435 3825 llffeotum
459 3755 701 3824 mineriaordiae
723 3756 893 3835 deseribit,
924 3754 1009 3840 quod
1037 3755 1160 3822 soilioet
1212 3757 1255 3822 ad
1274 3755 1334 3822 loa
1354 3760 1426 3822 uon
1447 3755 1553 3822 urbes:
1577 3758 1672 3840 quasi
1695 3756 1825 3838 diaeret,
1848 3758 2008 3838 Quamvis
2031 3769 2120 3824 terra
2141 3758 2182 3824 ad

185 3841 317 3909 tandem
340 3845 490 3909 restituet
511 3843 603 3909 Dens
625 3843 788 3926 eaptivos,
817 3852 851 3907 et
879 3841 1012 3909 redueat
1038 3841 1079 3907 ab
1102 3862 1159 3906 ex·
1213 3849 1341 3926 tempus
1374 3852 1460 3907 esset
1488 3841 1635 3923 deserta,
1668 3852 1701 3909 et
1732 3841 1863 3910 rodente
1895 3846 1931 3910 in
1963 3844 2182 3924 solitudinem,

185 3929 257 3995 silio
290 3930 326 3994 in
359 3929 515 4013 petriam:
556 3929 646 4012 prins
680 3935 789 3993 tamen
823 3927 909 3993 taeta
942 3927 1004 3993 fuit
1035 3929 1160 4010 gratiae
1211 3947 1344 3992 manere
1373 3935 1483 3992 tamen
1512 3927 1626 4006 urbes,
1661 3948 1745 4011 quae
1773 3929 1894 3994 iterum
1923 3930 2080 4012 reeipient
2107 3948 2183 3996 suos

184 4015 324 4095 mentio,
357 4024 394 4079 ut
417 4016 557 4082 saiamue
588 4034 653 4079 non
683 4013 747 4079 alia
777 4013 816 4079 de
844 4034 942 4079 nausa
971 4013 1158 4078 restitutum
1211 4012 1352 4077 ineolasr
1375 4019 1409 4078 et
1429 4011 1489 4080 hoo
1511 4013 1583 4079 fieri
1606 4011 1788 4079 admirabili
1812 4014 1875 4080 Dei
1898 4015 2013 4097 gratia,
2036 4023 2073 4081 ut
2094 4021 2182 4081 terra

183 4101 284 4166 fnisse
305 4099 472 4184 populum,
497 4101 560 4166 nisi
583 4101 659 4183 quia
676 4096 766 4163 Deus
788 4099 890 4182 gratis
912 4100 983 4163 eius
1005 4097 1159 4162 misertus
1211 4097 1318 4164 adhue
1341 4103 1543 4180 exspeotaret
1564 4099 1738 4184 populum:
1760 4105 1794 4166 et
1815 4099 1964 4183 quamvis
1980 4101 2087 4184 ipsum
2102 4121 2182 4167 evo·

186 4193 245 4252 eat.
290 4185 430 4252 Fontem
452 4186 555 4269 igitur
574 4184 811 4267 redemptionis
833 4184 960 4249 notarit
982 4181 1157 4268 propheta:
1210 4191 1315 4248 meret
1332 4183 1374 4248 ad
1397 4195 1540 4266 tempus,
1570 4205 1634 4251 non
1658 4194 1768 4251 tamen
1791 4185 1859 4252 iore
1880 4193 2074 4271 perpetuum
2098 4187 2182 4252 exsi-

186 4292 275 4339 nuuo
297 4292 375 4338 vero
397 4271 516 4337 transit
538 4270 579 4336 ad
602 4275 774 4335 externum
798 4271 960 4352 effaetum,
984 4289 1050 4352 quo
1067 4267 1159 4334 Dens
1210 4268 1301 4348 lium,
1331 4270 1406 4352 qaia
1426 4269 1522 4336 urbes
1545 4289 1629 4353 qnae
1650 4269 1836 4350 manebant,
1868 4281 1963 4337 eraut
1991 4270 2099 4338 adhue
2121 4272 2182 4338 sub

185 4356 337 4438 probavit
358 4376 394 4423 se
413 4356 655 4422 renonoiliatum
677 4355 778 4421 tuisse
806 4354 933 4438 populo.
977 4354 1069 4420 Dioit
1097 4354 1158 4438 igi·
1210 4355 1281 4419 iure
1303 4354 1423 4437 populi,
1452 4374 1515 4421 nou
1539 4356 1615 4438 quie
1637 4365 1723 4423 esset
1752 4356 1881 4440 dignus,
1913 4357 1970 4422 sed
1993 4358 2068 4440 qnia
2089 4356 2182 4424 Deus

186 4453 250 4520 tur,
270 4447 371 4506 statue
390 4441 448 4506 tibi
462 4443 575 4508 titulos.
609 4441 708 4506 Prius
723 4440 901 4505 tenendum
917 4447 967 4506 eet
981 4437 1158 4524 prophetae
1210 4449 1339 4524 tempue
1354 4441 1552 4523 praelixerat
1567 4440 1691 4523 exsilio,
1715 4450 1747 4507 et
1763 4461 1893 4526 poenae,
1909 4442 2182 4525 quemadmodum

186 4526 358 4592 eonsilium
381 4547 440 4591 eur
473 4528 519 4590 ita
551 4526 713 4608 loquatur.
759 4524 871 4607 Quum
905 4527 994 4591 enim
1027 4525 1158 4592 abduoti
1210 4525 1287 4593 alibi
1310 4526 1416 4594 visum
1439 4535 1497 4593 est.

186 4613 319 4676 suerunt
339 4611 454 4676 Iudaei
476 4611 511 4675 in
534 4609 734 4676 Ohaldaeam
757 4620 791 4676 et
813 4611 893 4676 alias
915 4611 1076 4695 regiones,
1098 4632 1157 4694 pu·

187 4704 301 4761 terunt
333 4695 475 4762 reditum
508 4695 571 4760 sibi
592 4695 742 4762 olauaum
774 4716 853 4762 esse.
899 4697 989 4781 Ergo
1012 4696 1159 4780 deposita

186 4783 310 4864 patriae
343 4801 421 4846 eura
449 4781 640 4847 habitarunt
668 4781 754 4866 apud
784 4790 913 4848 exteras
965 4791 1058 4848 entes
1087 4791 1157 4847 tan·

186 4886 285 4949 qnam
309 4867 429 4931 mortui
458 4873 567 4932 essent
590 4873 698 4932 terrae
720 4867 900 4934 Ohanaam.
942 4804 1102 4934 §aiebant
1123 4890 1159 4934 se

186 4951 352 5018 abdieatos
380 4951 481 5017 tuisse
514 4952 554 5017 ab
586 4951 645 5018 illa
678 4959 780 5029 terra,
813 4952 870 5019 sed
904 4974 970 5018 non
1003 4953 1158 5018 tenebant

186 5037 273 5120 qnod
295 5037 421 5120 quoties
443 5037 508 5103 iliis
530 5036 655 5103 dietum
678 5038 785 5104 luerat
807 5039 1019 5122 aprophetis,
1042 5059 1158 5122 nempe

185 5141 324 5205 poenam
346 5122 437 5189 illam
460 5144 530 5189 esse
559 5125 780 5207 temporalem.
826 5122 930 5190 Siouti
961 5125 1052 5208 prius
1081 5144 1158 5190 oon·
1295 5121 1381 5202 Quia
1403 5121 1564 5207 pollioitua
1587 5123 1694 5190 luerat
1715 5123 1874 5208 propheto
1896 5123 2038 5190 reditum
2061 5125 2181 5208 populi,

186 5219 387 5291 tempserunt
419 5229 532 5276 omnes
565 5211 686 5290 minas,
719 5210 766 5275 ita
799 5229 900 5292 quum
929 5210 1020 5276 Deus
1053 5210 1158 5293 eoepit
1209 5229 1298 5276 nune
1330 5207 1479 5293 obiurget
1512 5211 1704 5291 praesertim
1736 5208 1921 5291 Israelitas,
1960 5210 2017 5292 qui
2052 5210 2116 5275 hue
2149 5221 2182 5277 et

186 5293 345 5360 adversus
378 5293 451 5362 illos
484 5295 673 5376 fulminare,
711 5297 837 5362 animos
861 5296 1014 5378 ipsorum
1049 5293 1158 5360 obruit
1209 5295 1286 5359 illue
1308 5294 1629 5376 oirenmspeotabant,
1658 5307 1690 5360 et
1716 5314 1780 5360 non
1804 5299 1955 5379 poterant
1978 5297 2182 5380 aequieseere

186 5379 377 5463 deeperatio,
401 5387 438 5446 ut
460 5380 499 5446 de
522 5381 627 5448 reditu
652 5381 731 5448 nihil
755 5381 878 5449 vellent
900 5380 1021 5446 audire.
1067 5379 1156 5462 Quo·
1210 5381 1310 5447 verbo
1332 5380 1405 5449 Dei.
1449 5379 1522 5450 Hae
1555 5383 1642 5447 euim
1672 5401 1842 5448 eommune
1873 5389 1922 5447 eat
1943 5380 2011 5446 fere
2033 5383 2182 5449 omnibus

1929 5481 1980 5536 43⁸

1296 4750 1349 4814 22.
1387 4749 1550 4830 Qruusque
1587 4750 1756 4833 eupaterio
1791 4749 1862 4834 (eut
1894 4748 2076 4835 oironibis),
2112 4749 2183 4829 filia

1209 4833 1356 4900 rebellia?
1380 4833 1622 4922 (immorigera),
1648 4837 1725 4916 quia
1746 4835 1862 4901 aweit
1882 4834 2019 4900 Ietoeolr
2040 4855 2106 4902 rem
2127 4855 2182 4900 uo·

1209 4939 1281 4984 eom
1297 4921 1333 4984 iu
1355 4925 1457 4985 urra:
1483 4918 1616 4988 Feruiua
1637 4920 1841 4988 uraamdalrit
1861 4921 1975 4986 uirum.
