5118 6136
372 349 437 414 555
1178 343 1565 411 PRAELEOuIONES
2300 347 2353 415 556

373 557 519 621 555555
549 555 697 602 errorum
724 541 758 599 et
787 531 968 599 falsitatum
991 530 1053 596 fuit
1075 531 1111 595 in
1133 533 1265 610 mundo,
1289 531 1350 597 hoc
1403 533 1530 616 quoties
1552 532 1696 600 habenas
1723 531 1814 599 lexat
1843 531 2150 618 pseudoprophetis:
2179 535 2251 618 quia
2278 538 2353 619 quis-

373 644 440 689 555
471 622 567 688 511155
595 620 736 686 obtinuit
768 619 877 700 fidem,
907 638 1004 702 quam
1035 616 1142 684 1511551
1172 617 1228 684 1115
1258 639 1351 702 prae·
1401 618 1474 701 quis
1497 621 1622 686 sincera
1645 629 1678 684 51
1700 619 1820 702 555555
1842 619 1915 685 1555
1937 619 2046 704 15555
2067 619 2190 704 diliget,
2212 620 2355 704 guberna

374 719 476 774 textu.
519 708 565 772 111
594 706 691 773 55515
718 704 867 773 5155555
895 705 1007 788 515555
1036 713 1152 786 555515
1180 705 1350 783 caecutire,
1402 704 1488 770 bitur
1521 705 1561 771 ab
1591 707 1661 770 eius
1694 705 1822 789 spiritu.
1867 705 1959 771 Haec
1988 716 2038 771 est
2067 706 2169 790 igitur
2197 715 2355 776 5551555-

373 796 649 878 551555155155
672 791 1053 858 55551515515155555
1077 788 1159 868 Deo,
1183 790 1211 854 si
1234 791 1349 856 obten·
1400 791 1569 873 parientia,
1596 811 1694 873 quam
1719 790 1810 858 Deus
1831 791 1917 874 oepit
1940 791 1978 856 de
2000 792 2069 857 suis
2090 789 2253 858 fidelibus:
2274 795 2355 861 sicuti

374 880 456 948 dent
478 879 729 964 simplicitatem,
758 888 791 942 at
820 876 931 942 dicant
957 897 992 941 se
1015 875 1115 941 fuisse
1138 896 1203 941 non
1226 876 1351 941 malitia
1400 877 1498 942 stiam
1520 877 1645 943 Paulus
1667 876 1711 962 (1.
1735 878 1810 943 Gor.
1836 877 1887 960 ll,
1911 877 1964 962 19)
1992 879 2164 944 55555551
2185 878 2357 947 1551155515

374 965 539 1034 credulos:
564 964 622 1030 sed
637 965 712 1047 quia
727 985 793 1029 non
809 963 880 1028 ausi
896 963 1019 1029 tuerint
1033 962 1158 1028 curiose
1173 963 1348 1045 inquirere.
1400 962 1513 1048 Mosis,
1537 961 1615 1028 dum
1638 962 1790 1029 haereses
1815 971 1998 1048 emergunt,
2027 972 2066 1028 51
2095 964 2151 1047 551
2179 963 2269 1046 probi
2290 981 2357 1032 sunt

374 1051 539 1133 Quoniam
570 1052 674 1136 igitur
707 1049 798 1116 multi
827 1058 944 1131 sponte
977 1046 1119 1113 induunt
1145 1048 1289 1130 laqueos,
1318 1056 1350 1112 et
1400 1056 1433 1112 51
1469 1049 1589 1114 5155551
1623 1049 1686 1114 1151
1718 1049 1860 1116 55115555
1897 1049 2073 1114 ostendant
2104 1069 2140 1114 re
2173 1051 2244 1132 ipsa
2273 1071 2357 1118 suum

373 1138 511 1222 cupiunt
534 1138 632 1202 etiem
654 1135 768 1220 decipi,
796 1134 977 1201 notandum
1000 1140 1050 1200 est
1079 1133 1164 1216 quod
1196 1134 1248 1200 hic
1271 1133 1350 1199 dicit
1400 1134 1562 1200 5555155.
1607 1133 1672 1201 Ubi
1695 1156 1761 1200 555
1783 1136 1984 1201 5551555151·
2001 1134 2040 1198 55
2061 1135 2240 1218 quamlibet
2256 1156 2357 1202 euram

374 1223 545 1307 propheta,
569 1244 685 1307 nempe
708 1219 938 1288 discernendos
960 1239 1151 1286 asseveres
1174 1219 1349 1303 prophetas
1400 1219 1573 1297 doctrinae,
1602 1221 1657 1286 555
1688 1229 1822 1286 555551
1844 1221 1931 1286 firmi
1953 1231 1986 1286 et
2008 1229 2195 1287 constantes
2225 1221 2260 1285 in
2286 1245 2359 1306 pura

375 1309 524 1376 asetsis:
547 1329 611 1392 qua
633 1307 733 1373 nota?
757 1328 873 1390 nempe
891 1314 927 1371 51
944 1327 1000 1371 555
1023 1313 1152 1372 155155
1174 1307 1347 1388 amplecte·
1398 1305 1475 1370 fidei
1503 1306 1695 1373 obedientia.
1741 1306 1859 1371 Merito
1887 1307 1991 1391 igitur
2020 1306 2099 1373 51511
2120 1307 2275 1372 Ieremias
2302 1331 2359 1374 non

375 1417 459 1474 mur,
482 1403 648 1460 eteorum
680 1393 774 1459 dictis
805 1393 1056 1476 acquiescamus,
1086 1392 1142 1474 qui
1164 1413 1183 1457 a
1207 1392 1348 1457 Domino
1399 1391 1515 1458 missos
1542 1392 1642 1458 tuisse
1672 1391 1865 1473 aDomino,
1895 1394 1950 1476 qui
1980 1413 2069 1477 spem
2099 1393 2221 1459 555551
2253 1395 2359 1476 populo

373 1482 466 1546 missi
489 1480 622 1547 1555151.
666 1478 763 1544 Nune
785 1479 952 1563 quaeritur
974 1478 1061 1544 5555
1083 1477 1163 1545 5555
1186 1477 1347 1544 515555115.
1399 1479 1613 1561 15555115115,
1635 1499 1735 1562 5555
1759 1486 1869 1544 15555
1892 1479 2027 1561 5515555
2049 1478 2184 1544 heberet
2206 1481 2360 1546 eonscien-

375 1566 465 1632 Olim
487 1567 629 1650 oportuit
650 1566 784 1648 speciali
813 1563 984 1650 privilegio
1006 1564 1140 1631 excitari
1164 1564 1348 1647 prophetes,
1400 1565 1480 1628 tiam
1502 1585 1593 1629 suem
1618 1564 1767 1630 iudicem.
1810 1563 1923 1647 Addit,
1954 1563 2235 1646 15515555511551
2260 1567 2360 1631 1555-

374 1652 528 1736 quoniam
551 1650 689 1735 speciale
711 1672 832 1716 munus
852 1658 923 1716 erat
940 1650 1126 1734 praedicere
1148 1671 1200 1716 res
1222 1650 1349 1716 futures
1400 1650 1482 1715 miae
1514 1670 1581 1715 meo
1613 1651 1810 1717 meadea'ter.
1865 1649 2026 1715 Videmus
2059 1671 2156 1733 qnam
2192 1651 2306 1717 555515
2333 1661 2362 1716 51

374 1749 407 1802 51
439 1739 591 1804 55551155.
636 1736 711 1802 Non
738 1737 802 1802 1511
833 1737 936 1821 igitur
968 1735 1194 1820 propheticum
1228 1756 1348 1800 munus
1399 1735 1580 1818 prudenter
1598 1735 1783 1802 55555555
1802 1736 1855 1819 511,
1878 1759 1919 1802 55
1937 1735 2084 1801 51555155
2102 1738 2170 1801 5515
2188 1739 2362 1822 praestigiis

376 1825 423 1889 ita
445 1824 659 1902 ordinarium,
691 1822 787 1889 sicuti
816 1821 1025 1888 sacerdotate.
1071 1822 1247 1888 Promissio
1277 1823 1348 1904 qui·
1401 1841 1460 1887 nos
1482 1823 1626 1898 fascinet,
1657 1822 1848 1906 praesertim
1872 1821 1926 1887 ubi
1951 1821 2139 1888 obtenditur
2160 1823 2222 1889 Dei
2245 1845 2363 1890 nomen.

375 1910 450 1975 dem
473 1910 530 1974 itta
551 1930 680 1991 semper
701 1909 817 1994 viguit,
847 1908 1041 1992 prophetam
1068 1907 1229 1973 suscitabo
1253 1908 1349 1973 11515
1401 1907 1475 1972 Nou
1497 1908 1577 1974 satis
1598 1918 1647 1972 est
1668 1909 1769 1992 igitur
1791 1906 1914 1986 audire,
1946 1906 2001 1974 Sic
2022 1908 2177 1990 loquutus
2199 1914 2250 1974 551
2272 1910 2362 1988 Deus,

375 1995 482 2062 medio
516 1996 656 2060 fratrum
690 2002 839 2075 tuorum,
880 1995 1115 2060 Deuteronom.
1151 1994 1201 2059 18.
1234 1994 1348 2078 capite.
1401 1993 1463 2060 nisi
1485 2005 1574 2061 certo
1596 1996 1698 2059 simus
1720 1993 1868 2077 persuasi
1890 2015 1944 2060 eos
1964 1995 2020 2078 qui
2042 1997 2088 2060 sio
2110 1995 2307 2077 prestantur,
2328 1994 2364 2060 ab

376 2080 444 2148 Sed
466 2081 618 2165 quamvis
640 2089 832 2164 perpetuum
854 2079 954 2146 155511
981 2079 1044 2146 hoo
1066 2079 1129 2144 Dei
1159 2080 1349 2146 beneficium
1400 2079 1470 2161 ipso
1493 2101 1563 2146 5555
1585 2085 1727 2159 5555155,
1750 2091 1784 2145 51
1805 2080 1948 2164 proferre
1971 2081 2069 2146 etiam
2086 2090 2210 2144 eertum
2230 2082 2365 2146 testimo-

376 2188 455 2252 erge
476 2166 653 2248 Israelitas‚
682 2166 861 2250 prophetae
883 2176 992 2231 tamen
1015 2166 1199 2251 specialiter
1221 2187 1350 2251 semper
1401 2165 1492 2230 nium
1525 2187 1603 2234 suae
1637 2165 1829 2242 vocationis,
1864 2176 1900 2230 51
1929 2167 2091 2249 55551555
2123 2172 2268 2231 statuere
2301 2187 2364 2232 esse

375 2255 483 2318 vocati
516 2265 608 2319 sunt:
643 2273 703 2318 555
734 2255 840 2336 551511
872 2253 1034 2335 quispiam
1068 2273 1196 2317 sumere
1230 2273 1349 2317 munus
1401 2253 1495 2334 quasi
1516 2253 1650 2336 spiritus
1672 2271 1805 2336 organa.
1843 2251 1977 2317 Profaui
2000 2252 2149 2317 homines
2171 2253 2226 2318 hic
2248 2251 2364 2318 obstre-

375 2338 466 2417 ittud,
488 2340 551 2404 nisi
575 2337 630 2422 qui
659 2339 827 2421 praeditus
858 2343 943 2402 esset
972 2337 1057 2402 dono
1085 2337 1252 2420 singulari.
1297 2337 1349 2401 Ie·
1400 2337 1499 2422 pendi
1521 2338 1690 2403 materiem
1713 2337 1886 2420 reperient,
1918 2337 2003 2421 quod
2026 2337 2150 2404 scilicet
2171 2339 2265 2404 Deus
2293 2359 2364 2421 quo·

376 2427 495 2490 5515155
518 2426 670 2507 5555515
699 2431 785 2489 55551
814 2422 971 2503 sacerdos,
1002 2445 1066 2492 non
1097 2431 1207 2488 tamen
1236 2423 1350 2488 luisset
1401 2424 1573 2489 dammodo
1595 2424 1703 2490 tusum
1725 2423 1787 2489 sibi
1810 2424 1906 2489 155151
1932 2446 1973 2488 ex
2002 2424 2174 2489 hominum
2197 2425 2365 2489 anxietate.

375 2511 546 2594 propheta,
570 2511 633 2575 nisi
653 2509 745 2574 Deus
772 2508 865 2574 illum
896 2521 1049 2589 creasset,
1076 2508 1349 2591 quemadmodum
1401 2510 1517 2576 Posset
1539 2511 1626 2575 enim
1650 2511 1779 2574 mittere
1802 2531 1820 2575 e
1841 2508 1938 2575 coelis
1961 2510 2103 2593 angelos,
2127 2520 2239 2592 posset
2261 2531 2316 2591 per
2335 2531 2366 2574 se

377 2605 454 2662 5515
477 2595 628 2662 vidimus.
665 2594 731 2662 Sed
749 2603 908 2678 quantum
926 2595 967 2659 ed
986 2616 1045 2661 nos
1065 2603 1198 2678 spectat,
1221 2595 1350 2661 diversa
1402 2596 1505 2677 toqui:
1536 2617 1636 2678 qunm
1659 2606 1769 2661 autem
1792 2595 1896 2659 utitur
1916 2615 2013 2677 opera
2036 2596 2218 2673 hominum,
2247 2609 2279 2661 et
2301 2617 2366 2678 per·

376 2691 428 2748 est
449 2682 544 2763 ratio,
573 2683 649 2764 qnia
672 2680 767 2747 hodie
790 2701 854 2745 555
878 2680 1034 2764 praedicit
1055 2681 1147 2746 Deus
1169 2702 1221 2746 ros
1243 2681 1348 2746 55551-
1401 2683 1503 2746 511111
1525 2681 1615 2746 151515
1644 2681 1811 2764 555555115
1841 2682 1960 2746 1551555
1989 2681 2050 2746 555
2073 2681 2124 2747 551
2147 2681 2239 2758 11155,
2271 2701 2366 2764 5555

377 2776 439 2852 155,
462 2767 518 2835 555
541 2767 613 2831 5511
635 2787 694 2832 555
717 2787 788 2832 5555
805 2776 975 2832 555155155
993 2787 1051 2831 555
1070 2767 1250 2852 evangetio,
1274 2767 1349 2850 quia
1402 2777 1511 2833 tamem
1534 2769 1642 2834 fucum
1666 2769 1804 2833 faciant:
1827 2767 1957 2833 videtur
1980 2768 2042 2832 hoo
2066 2768 2159 2833 modo
2182 2769 2277 2850 quasi
2299 2765 2367 2831 data

265 2897 268 2907 .
375 2854 442 2920 illic
464 2853 558 2919 nobis
582 2853 744 2932 patefacta
766 2862 816 2918 ost
837 2852 944 2918 omnis
975 2853 1129 2935 perfectio
1159 2855 1347 2936 sapientiae.
1401 2871 1499 2936 opera
1531 2853 1669 2919 miseros
1698 2854 1846 2918 homines
1873 2874 2015 2918 versare.
2067 2852 2134 2918 Sed
2165 2854 2250 2918 nihil
2282 2853 2367 2918 nobis

376 2939 541 3021 Quoniam
565 2960 643 3022 ergo
666 2959 779 3004 sumus
800 2939 835 3003 15
863 2939 1066 3021 plenitudine
1090 2940 1252 3021 temporis,
1277 2939 1349 3003 ideo
1402 2939 1519 3005 melius
1541 2946 1592 3004 est
1607 2959 1704 3021 quem
1720 2959 1895 3022 agnoscere
1912 2938 2040 3021 probari
2057 2951 2202 3004 nostram
2220 2939 2365 3006 obedien·

377 3046 445 3090 555
474 3028 578 3090 511155
599 3024 693 3090 Deus
717 3025 888 3104 vaticiniis,
920 3038 956 3089 ut
985 3023 1047 3091 555
1067 3025 1117 3089 551
1146 3024 1226 3089 11155
1258 3025 1349 3090 55515
1403 3027 1482 3089 1155
1506 3047 1524 3090 5
1546 3026 1627 3107 Deo,
1659 3025 1712 3090 551
1736 3047 1793 3090 555
1817 3046 1874 3107 per
1896 3025 2045 3090 homiues
2067 3024 2258 3108 alloquitur.
2303 3023 2367 3090 Sci·

376 3111 412 3175 in
439 3111 546 3192 specie
577 3109 736 3194 designet.
780 3110 852 3176 Iam
884 3132 1023 3176 examen
1056 3122 1181 3175 certum
1215 3112 1277 3176 erit
1310 3111 1350 3175 de
1403 3112 1586 3176 musenim
1609 3109 1691 3175 nihil
1714 3111 1817 3194 magis
1844 3112 2042 3176 contrarium
2071 3133 2141 3176 esse
2171 3111 2249 3177 fidei
2277 3129 2368 3193 quam

377 3194 534 3272 doctrina,
557 3195 585 3260 si
609 3218 649 3260 ex
672 3195 743 3278 tege
765 3203 798 3260 et
818 3194 986 3278 prophetis
1017 3205 1048 3260 et
1070 3197 1242 3280 evangelio
1266 3196 1349 3261 iudi·
1402 3197 1603 3280 superbiam:
1632 3196 1728 3263 sicuti
1757 3199 1854 3261 etiam
1877 3196 2048 3262 humilitas
2070 3217 2182 3262 verum
2196 3177 2264 3264 'est
2286 3197 2369 3279 prin·

376 3281 463 3347 cium
485 3281 632 3346 tacimus.
666 3279 760 3365 Opus
779 3281 910 3363 quidem
929 3290 980 3346 est
997 3282 1112 3363 spiritu
1135 3281 1347 3360 discretionis,
1402 3284 1524 3367 515155
1547 3281 1707 3362 credendi,
1728 3291 1761 3348 et
1778 3303 1877 3348 55555
1894 3284 2062 3366 ingressus
2083 3283 2118 3347 in
2139 3284 2200 3347 Dei
2222 3303 2368 3366 regnum.

376 3367 434 3432 sed
457 3387 625 3449 nunquam
648 3365 808 3442 fallemur,
841 3367 869 3431 si
891 3366 1090 3449 pendeamus
1121 3388 1163 3432 ex
1192 3389 1247 3433 ore
1271 3369 1348 3434 Dei:
1402 3369 1495 3434 Η555
1517 3370 1600 3435 55115
1629 3379 1679 3434 est
1710 3389 1769 3434 cur
1791 3367 1882 3434 Deus
1915 3369 2084 3433 hominum
2119 3389 2219 3452 opera
2253 3379 2369 3434 utatur.

292 3527 295 3536 ,
376 3465 411 3518 51
439 3473 615 3537 55555555
643 3451 962 3532 Thessalonicenses,
997 3451 1181 3537 dequibus
1209 3454 1351 3537 15551155
1403 3455 1540 3521 1515515
1564 3455 1641 3520 555
1663 3475 1732 3520 sese
1755 3455 1924 3520 insinuant
1945 3455 2147 3538 impostores,
2176 3463 2210 3519 51
2239 3476 2276 3521 55
2298 3475 2371 3520 555·

376 3538 411 3603 15
435 3536 616 3686 55115517,
641 3536 694 3622 11)
718 3537 837 3618 Lucas,
866 3559 947 3622 qnos
977 3537 1056 3605 dicit
1077 3539 1255 3622 scripturas
1277 3538 1350 3604 diti·
1403 3540 1511 3605 ditent
1539 3559 1598 3624 pro
1626 3542 1712 3607 veris
1740 3549 1773 3605 et
1801 3539 1955 3624 legitimis
1983 3540 2158 3624 prophetis,
2187 3559 2372 3624 quanquam

376 3636 493 3708 genter
516 3624 666 3703 vovisse,
690 3633 722 3688 et
744 3623 924 3690 sciscitatus
946 3625 1055 3705 fuisse,
1082 3646 1124 3690 an
1146 3626 1194 3690 115
1216 3646 1269 3691 555
1291 3625 1350 3690 ha·
1403 3625 1482 3692 haec
1503 3627 1614 3710 gravis
1642 3637 1692 3691 551
1720 3629 1858 3691 15515115
1880 3635 1914 3690 51
1935 3626 2031 3692 55155
2058 3627 2254 3692 metuenda:
2285 3626 2372 3690 Deus

377 3711 469 3774 haret
498 3709 595 3774 sicuti
625 3707 807 3776 didicerant
838 3730 879 3774 ex
908 3712 1024 3777 Panto.
1068 3711 1144 3778 Non
1174 3712 1237 3776 1511
1265 3713 1352 3778 15515
1403 3721 1514 3778 15555
1546 3733 1606 3778 555
1634 3732 1763 3794 555555
1795 3711 1959 3796 expediet,
1992 3712 2268 3795 quemadmodum
2298 3711 2372 3786 dixi,

377 3793 483 3868 Paulo
505 3795 638 3878 iniuria,
668 3816 771 3878 quum
793 3795 994 3880 inquirerent
1016 3795 1166 3880 discipuli
1189 3799 1230 3861 ad
1253 3797 1350 3863 fidem
1403 3796 1498 3863 mode
1521 3819 1563 3864 ne
1583 3797 1696 3864 confisi
1719 3798 1847 3880 proprio
1877 3797 2009 3882 ingenio
2038 3798 2114 3881 plus
2142 3799 2236 3864 nobis
2267 3817 2372 3863 sume·

378 3901 471 3947 suam
487 3879 753 3959 confirmandam,
777 3901 819 3946 an
834 3893 1050 3948 consentanea
1065 3894 1152 3948 esset
1166 3883 1235 3950 eius
1257 3905 1349 3966 prae·
1403 3905 1476 3950 mus
1498 3905 1596 3967 quam
1618 3883 1695 3949 lieet
1710 3903 1747 3949 ec
1768 3885 1817 3948 155
1831 3892 1891 3964 551,
1910 3904 2029 3967 nempe
2051 3884 2245 3950 515511555
2267 3885 2373 3966 ipsum

379 3965 497 4033 dicatio
528 3966 593 4050 legi
621 3974 654 4032 51
683 3965 861 4050 prophetis.
906 3967 959 4031 Ita
987 3968 1084 4033 etiam
1114 3991 1200 4036 5555
1228 3970 1351 4036 exemi·
1403 3991 1475 4036 esse
1496 3971 1646 4047 iudicem,
1674 3978 1708 4036 et
1727 3970 1774 4036 sio
1795 3969 2004 4035 subiiciamus
2026 3991 2139 4036 omnes
2161 3989 2279 4037 sensus
2302 3989 2373 4034 nos·

378 4049 508 4117 nandae
537 4065 615 4118 sunt
648 4053 741 4118 nobis
770 4074 884 4119 omnes
914 4051 1090 4121 doctrinae.
1134 4055 1179 4119 Et
1208 4056 1236 4120 si
1265 4054 1352 4121 hano
1405 4065 1473 4122 1555
1507 4058 1578 4122 5155
1610 4056 1728 4122 verbo:
1760 4054 1876 4121 deinde
1906 4056 2099 4139 sipatimur
2122 4076 2183 4122 nos
2211 4077 2232 4121 a
2262 4056 2376 4140 spiritu

378 4138 526 4222 regulam
550 4158 735 4221 sequamur,
763 4160 933 4224 nunquam
954 4139 1145 4206 errabimus.
1191 4140 1287 4219 Quod
1310 4141 1352 4207 55
1404 4143 1473 4208 5155
1495 4165 1530 4207 55
1555 4143 1575 4222 1,
1598 4145 1752 4226 suggeret
1770 4161 1897 4224 semper
1914 4141 2134 4224 prudentiam:
2158 4149 2191 4207 et
2213 4141 2298 4207 setis
2319 4141 2377 4206 erit

379 4235 524 4289 veterem
547 4222 705 4307 populum
733 4233 868 4309 spectat,
902 4245 966 4290 non
1001 4225 1109 4308 potuit
1142 4227 1240 4290 etiam
1274 4227 1351 4306 tatti,
1405 4226 1466 4292 hoo
1502 4164 1553 4292 511
1582 4226 1812 4293 discernendos
1850 4247 1945 4292 veros
1981 4248 2019 4293 ao
2055 4226 2155 4293 falsos
2190 4227 2377 4310 prophetes.

379 4308 656 4392 quemadmodum
676 4309 749 4375 heri
771 4309 892 4375 dictum
916 4311 985 4387 1511,
1015 4312 1091 4393 5515
1121 4319 1251 4377 tantum
1278 4333 1352 4394 pro·
1406 4311 1572 4395 Quidquid
1595 4313 1647 4397 sit,
1670 4311 1820 4378 videmos
1841 4334 1907 4377 555
1929 4333 2151 4396 essenorum,
2173 4329 2210 4377 ut
2232 4313 2378 4380 Satanae

379 4395 497 4478 phetae
520 4404 614 4459 erant
635 4394 717 4481 tegis
739 4394 944 4480 interpretes.
979 4394 1074 4477 Quod
1093 4395 1133 4463 ad
1156 4419 1208 4463 res
1226 4399 1353 4463 futuras
1405 4399 1547 4463 ministri
1576 4399 1775 4482 prophetent
1806 4399 1840 4462 15
1863 4398 1926 4464 Dei
1950 4400 2091 4478 nomine,
2122 4400 2185 4465 hoc
2206 4409 2269 4477 est,
2300 4397 2378 4464 15155

379 4488 513 4564 5555151,
542 4501 708 4563 5555555
731 4480 792 4547 555
815 4481 866 4547 551
887 4480 969 4548 illud
998 4481 1198 4566 5555515155
1229 4483 1291 4548 1511
1312 4484 1352 4549 55
1405 4492 1563 4567 55555551
1583 4484 1714 4550 155555
1737 4483 1885 4564 1115155,
1914 4504 2011 4568 5555
2033 4506 2070 4549 55
2092 4486 2165 4568 1555
2184 4494 2218 4550 51
2240 4486 2379 4550 veritate

379 4567 446 4632 iltis
468 4565 645 4650 prophetis,
674 4566 737 4632 nisi
767 4569 940 4633 coniuncta
968 4567 1125 4648 doctrina,
1155 4589 1237 4652 quae
1268 4579 1353 4634 esset
1404 4570 1471 4637 sint
1492 4571 1598 4638 vacui.
1643 4571 1764 4637 Postea
1785 4567 1944 4653 adiungit,
1974 4570 2013 4637 Ut
2034 4571 2242 4651 5115155555,
2276 4577 2378 4653 etpe-

379 4651 484 4718 vetuti
513 4650 775 4733 condimentum,
812 4664 846 4718 51
874 4673 1024 4736 5555555
1054 4655 1147 4720 daret
1177 4655 1351 4721 vaticiniis.
1403 4658 1499 4723 rectia
1528 4663 1592 4722 tam
1620 4678 1674 4724 555
1699 4675 1794 4740 55515
1821 4656 1897 4739 1551
1925 4656 2006 4722 ¹Hic
2034 4657 2188 4722 admonet
2210 4657 2379 4733 Ieremias,

380 4737 467 4804 Nam
500 4738 529 4803 si
560 4736 638 4822 quid
669 4736 793 4803 laetum
826 4739 1079 4823 pollicebantur,
1113 4749 1186 4807 5551
1216 4741 1353 4806 1555515
1404 4743 1581 4826 prophetas
1603 4744 1658 4826 qui
1681 4753 1748 4808 tam
1770 4741 1972 4808 confidenter
1998 4742 2120 4827 populo
2147 4743 2378 4826 impunitatem

379 4824 550 4907 promissio
583 4825 619 4890 in
652 4822 779 4890 1555555
816 4835 949 4890 5515555
978 4825 1051 4892 Dei.
1101 4826 1211 4908 Quum
1245 4837 1351 4892 autem
1404 4830 1614 4978 5555111551,
1648 4851 1714 4895 555
1747 4848 1843 4912 posse
1870 4827 2005 4892 tandem
2033 4827 2119 4896 elabi
2147 4828 2226 4912 quin
2259 4845 2380 4913 poenes

380 4908 618 4976 minitabantur
640 4909 770 4993 populo,
800 4910 898 4976 simut
923 4912 1128 4994 proterebant
1151 4914 1184 4978 15
1209 4913 1353 4980 medium
1418 4923 1497 4980 nant
1519 4936 1587 4980 non
1608 4916 1704 4981 modo
1726 4934 1804 4979 suae
1831 4915 2035 4994 temeritatis,
2063 4913 2243 4982 sedetiam
2268 4933 2380 4981 eorum

381 4996 513 5076 scelera,
540 5005 577 5063 nt
599 5016 730 5064 necesse
753 5004 838 5062 esset
858 4996 967 5062 Deum
989 4997 1086 5081 paulo
1107 5009 1182 5084 post
1202 5019 1353 5066 exserere
1405 5000 1564 5067 scelerum
1586 5002 1703 5084 quibus
1725 5003 1789 5066 iem
1811 4999 1846 5064 in
1869 5019 1904 5065 se
1926 5009 2186 5082 provocaverant
2206 5002 2296 5067 iram
2318 4999 2379 5064 Dei

380 5081 560 5149 vindictam
588 5104 691 5163 suam,
720 5083 873 5166 quoniam
903 5082 1028 5148 matitia
1055 5086 1164 5168 populi
1193 5097 1278 5152 55551
1305 5086 1354 5150 in·
1406 5107 1479 5153 cum
1498 5096 1570 5156 toto
1593 5087 1719 5170 populo.
1758 5085 1892 5168 Duplex
1906 5085 1994 5151 enim
2016 5087 2078 5151 1511
2098 5087 2228 5153 illorum
2245 5089 2380 5163 crimen,

381 5167 546 5233 sanabilis.
590 5168 680 5253 Ergo
708 5190 837 5254 semper
864 5169 1043 5234 tenendum
1073 5179 1124 5235 est
1147 5170 1354 5252 quodetiam
1406 5172 1492 5255 quod
1522 5172 1644 5240 scilicet
1671 5181 1781 5258 spreto
1812 5171 1884 5237 Deo
1914 5171 1976 5238 sibi
2004 5173 2220 5255 permiserant
2251 5192 2381 5238 omnem

378 5254 479 5320 Deut.
497 5253 547 5319 13.
564 5273 633 5339 555.
649 5254 776 5336 dicitur,
800 5254 907 5322 Deum
930 5262 1057 5321 1551555
1074 5255 1228 5338 5555155
1247 5278 1352 5337 sunm,
1406 5256 1572 5326 licentiam
1597 5259 1768 5343 peccandi:
1798 5257 1915 5324 deinde
1942 5256 2027 5342 quod
2049 5260 2119 5326 ansi
2141 5267 2218 5325 sunt
2249 5257 2382 5343 prodire
