5118 6136
366 467 430 532 619
1172 459 1561 528 PRuuuuoulouus
2304 465 2370 530 620

364 675 460 720 sunm
483 653 653 736 gubernet.
698 648 764 716 Sed
788 648 885 713 tertio
909 650 1008 714 etiam
1027 648 1203 732 diligenter
1222 655 1338 712 noten-
1392 648 1551 732 propheta
1583 649 1735 716 hortetur
1771 659 1871 732 atque
1910 651 2035 717 animet
2066 650 2180 717 fideles
2211 651 2253 716 ad
2287 651 2370 718 bene

364 741 442 807 dum
477 749 525 802 est
559 736 645 819 quod
673 735 831 818 sequitur,
859 734 969 799 Deum
998 734 1121 800 scilicet
1150 754 1215 799 non
1244 733 1339 797 aliter
1392 733 1601 816 sperandum.
1646 733 1684 800 Si
1707 756 1746 800 ea
1775 745 1861 801 esset
1891 735 1926 800 in
1956 736 2051 802 nobis
2080 735 2305 820 promptitudo
2335 747 2370 802 et

364 825 550 908 gubernare
573 822 740 888 ecclesiam
763 840 866 899 suam,
889 841 986 902 quam
1007 841 1066 904 per
1084 839 1217 884 manum
1240 819 1338 902 regis.
1392 819 1545 884 alacritas
1566 841 1648 902 quae
1667 821 1813 897 debebat,
1835 821 1981 888 contenti
1998 842 2145 888 essemus
2168 841 2233 886 uno
2251 822 2369 888 verbo:

365 911 481 975 Voluit
502 907 600 973 huius
622 909 671 972 rei
698 909 871 989 specimen,
896 907 950 971 vel
981 905 1184 990 praeludium
1209 904 1338 987 aliquod
1392 904 1470 986 quid
1494 907 1580 970 enim
1604 905 1782 972 desiderari
1803 915 1912 989 potest
1931 908 2021 973 ultra
2042 909 2268 973 testimonium
2290 928 2370 992 gra·

365 997 443 1062 dare
466 995 525 1059 sub
548 994 628 1077 lege,
658 1015 758 1075 quum
781 991 882 1074 elegit
903 991 1066 1057 Davidem
1090 1002 1123 1055 et
1145 992 1214 1055 eius
1236 999 1340 1074 poste
1392 993 1456 1056 tiae
1490 989 1576 1056 Dei?
1610 991 1668 1056 sed
1701 993 1777 1058 lacit
1810 1003 1924 1059 nostra
1957 991 2118 1070 socordia,
2149 1004 2186 1057 ut
2214 1015 2294 1075 opus
2324 995 2371 1058 sit

365 1103 429 1148 ros.
474 1078 541 1145 Sed
565 1079 708 1144 maxime
730 1077 770 1144 ad
793 1098 854 1142 nos
877 1080 1020 1160 pertinet
1049 1076 1129 1142 haec
1156 1077 1338 1159 promissio,
1393 1077 1503 1142 multis
1536 1078 1688 1143 stimulis.
1744 1078 1853 1158 Quum
1888 1099 1966 1162 ergo
2003 1078 2153 1144 doctrina
2192 1078 2369 1162 praecedit,

365 1173 440 1252 quie
462 1165 577 1229 Iudaei
599 1175 733 1247 propter
753 1183 845 1228 sunm
862 1162 1133 1247 ingratitudinem
1148 1183 1214 1226 non
1230 1181 1339 1227 sense·
1393 1181 1524 1228 necesse
1556 1173 1607 1230 est
1640 1162 1793 1234 accedere
1826 1164 2071 1229 exhortationes
2104 1185 2187 1246 quae
2219 1184 2280 1230 nos
2311 1185 2370 1230 ex·

365 1263 443 1318 runt
465 1253 609 1315 fructum
633 1249 729 1316 huius
749 1250 984 1332 promissionis:
1011 1250 1100 1313 Deus
1124 1248 1264 1330 privavit
1285 1267 1340 1313 ecs
1392 1248 1572 1331 stimulent,
1602 1259 1634 1312 et
1656 1269 1739 1331 quae
1761 1247 1942 1314 doctrinam
1968 1250 2073 1331 ipsam
2097 1251 2302 1330 confirment,
2331 1261 2371 1314 ut

364 1335 596 1404 inaestimabili
618 1335 785 1418 beneficio,
815 1334 901 1418 quod
932 1343 1083 1417 poterant
1104 1334 1173 1398 iure
1197 1343 1230 1397 et
1251 1341 1339 1398 certo
1393 1335 1566 1399 efficaciter
1600 1336 1710 1418 vigeat
1742 1335 1849 1418 gratia
1882 1335 1946 1400 Dei
1983 1336 2018 1398 iu
2051 1335 2204 1401 cordibus
2238 1336 2370 1400 nostris.

365 1432 566 1506 exspectare.
611 1421 707 1486 Nunc
729 1421 804 1503 quia
826 1419 867 1485 ad
889 1441 948 1484 nos
971 1421 1130 1485 translata
1152 1427 1201 1484 est
1222 1419 1339 1503 gratia,
1393 1418 1582 1502 Alloquitur
1607 1419 1704 1486 I'accb
1734 1430 1767 1485 et
1795 1420 1953 1486 Israelem
1982 1420 2096 1485 ecdem
2125 1439 2225 1486 senen
2254 1440 2368 1502 quem·

366 1530 473 1592 aqua
493 1507 695 1588 exciderunt,
718 1507 858 1590 proprie,
879 1507 975 1571 sicuti
998 1506 1075 1586 diri,
1103 1504 1143 1570 ad
1174 1525 1233 1569 nos
1262 1505 1339 1569 diri·
1393 1502 1567 1569 admodum
1591 1505 1703 1570 multis
1732 1506 1822 1571 locis.
1867 1505 1999 1573 Scimus
2029 1507 2115 1570 enim
2146 1507 2226 1571 istas
2255 1506 2370 1572 euadi-

366 1595 457 1681 gitnr
485 1592 572 1677 qnod
601 1592 655 1658 hic
683 1591 775 1658 docet
797 1591 968 1666 Ieremias,
1003 1611 1120 1674 nempe
1141 1589 1250 1654 Deum
1273 1612 1340 1656 non
1392 1589 1518 1672 plosor,
1542 1600 1578 1655 ut
1594 1600 1720 1670 vocant,
1743 1611 1815 1656 esee
1837 1591 2014 1656 familiares
2029 1591 2163 1675 linguae
2179 1591 2369 1658 hebraicae:

366 1681 462 1746 aliter
493 1700 564 1744 esee
593 1699 704 1762 regem
735 1689 891 1755 nostrum,
926 1678 990 1743 nisi
1019 1697 1120 1759 quum
1150 1676 1340 1742 subiicimur
1393 1677 1511 1759 repetit
1532 1678 1619 1741 enim
1642 1697 1833 1742 unemrem
1858 1677 2126 1754 duobusramis,
2151 1677 2208 1741 sed
2231 1677 2370 1760 empha-

367 1767 516 1843 Christe,
540 1785 635 1847 quem
659 1764 729 1830 loco
751 1785 810 1828 suo
832 1763 998 1846 praesedit,
1026 1773 1059 1827 et
1082 1783 1138 1845 per
1160 1762 1251 1828 cuius
1274 1783 1340 1826 ma·
1394 1764 1498 1840 cicer:
1529 1771 1566 1826 ut
1589 1763 1651 1829 hoc
1671 1763 1740 1827 loco
1767 1762 1842 1845 plue
1863 1777 1913 1828 εει
1935 1761 2162 1828 vehementiae
2184 1781 2286 1844 quum
2309 1763 2370 1826 du·

366 1873 445 1918 num
469 1849 542 1917 vult
563 1849 657 1915 nobis
675 1869 833 1932 praeesse.
876 1847 1072 1930 Quicunque
1093 1848 1196 1931 igitur
1218 1849 1341 1913 iactant
1394 1848 1470 1930 plex
1494 1868 1612 1912 nomen
1636 1848 1729 1931 ponit
1750 1847 1916 1927 Ieremias,
1946 1869 2043 1930 quam
2072 1847 2101 1913 si
2123 1847 2259 1912 dixisset
2289 1848 2369 1912 eim-

366 1959 402 2004 se
423 1938 566 2004 libenter
585 1954 739 2019 passuros
756 1956 826 2000 esse
849 1935 962 2016 iugum
978 1932 1052 2010 Dei,
1074 1934 1201 1997 interea
1216 1933 1340 1999 Christi
1393 1933 1533 2016 pliciter,
1568 1933 1619 1998 Ne
1653 1934 1768 1999 timeas
1800 1933 1911 2010 Iacob,
1946 1944 1981 1999 et
2012 1954 2054 1999 ne
2087 1941 2225 1998 metuas.
2277 1933 2371 1998 Dicit

366 2024 481 2108 iugum
504 2021 666 2105 reiiciunt,
689 2021 884 2086 refelluntur
899 2020 960 2086 hcc
978 2019 1130 2084 vaticinio
1145 2020 1339 2102 prophetae:
1393 2039 1480 2103 ergo,
1514 2019 1564 2084 Tu
1587 2019 1680 2084 [orob
1701 2019 1879 2097 netimeas,
1908 2023 1953 2103 ta,
1987 2020 2132 2101 inquam,
2165 2019 2278 2084 Israel.
2324 2019 2372 2084 Et

367 2109 444 2192 quia
458 2107 551 2172 Deus
566 2127 632 2170 non
649 2107 720 2171 vult
735 2104 931 2180 immediate,
955 2119 990 2170 ut
1012 2105 1060 2169 ita
1080 2105 1203 2188 loquar,
1227 2125 1341 2188 regere
1393 2105 1455 2169 hoc
1483 2104 1555 2169 ideo
1585 2106 1669 2180 facit,
1703 2118 1739 2168 ut
1772 2111 1928 2170 revocent
1961 2103 2076 2170 Iudaei
2107 2105 2144 2168 in
2177 2104 2371 2169 memoriam

368 2213 461 2260 suam
477 2190 723 2272 ecclesiam‚sed
740 2192 814 2257 vult
828 2191 1001 2257 Christum
1016 2211 1087 2256 osse
1101 2191 1340 2273 interpositum,
1395 2192 1501 2255 Deum
1534 2211 1599 2256 non
1622 2190 1722 2255 semel
1745 2188 1907 2255 duntaxat
1940 2189 2040 2256 luisse
2069 2190 2248 2272 propitium
2282 2188 2371 2273 patri

368 2281 423 2362 qui
445 2278 499 2344 hic
521 2287 656 2344 vocatur
674 2276 792 2343 David.
828 2277 899 2342 Nisi
921 2276 1009 2342 enim
1034 2277 1170 2346 velimus
1186 2276 1341 2342 damnare
1394 2297 1454 2342 suo
1488 2276 1603 2353 Iacob,
1645 2275 1702 2341 sed
1743 2275 1856 2340 multis
1890 2273 2024 2342 vicibus.
2079 2275 2166 2340 Nam
2198 2274 2240 2340 ab
2273 2285 2370 2340 utero

368 2363 528 2430 mendacii
561 2363 749 2444 Ieremiam,
787 2383 918 2429 necesse
946 2371 997 2428 est
1029 2361 1271 2428 accommodare
1300 2362 1341 2427 ad
1394 2361 1504 2427 attulit
1531 2361 1662 2445 signum
1685 2361 1755 2426 eius
1776 2362 2066 2445 primogeniturae,
2095 2381 2192 2444 quam
2216 2360 2309 2426 Deus
2337 2359 2372 2425 ei

367 2469 540 2533 personam
564 2447 687 2515 Christi
714 2470 831 2514 nomen
854 2447 1002 2514 Davidis.
1041 2446 1078 2515 Si
1099 2448 1146 2512 ita
1167 2459 1225 2525 est,
1250 2447 1340 2513 Deus
1394 2446 1628 2512 destinaverat:
1659 2445 1776 2511 deinde
1804 2448 1991 2528 impositum
2025 2447 2086 2511 luit
2116 2466 2234 2510 nomen
2263 2444 2372 2511 Israel

367 2556 446 2619 ergo
468 2554 572 2616 usque
594 2534 634 2599 ad
657 2535 758 2599 finem
781 2532 894 2600 muudi
918 2554 982 2599 non
1012 2533 1107 2598 aliter
1135 2532 1227 2597 nobis
1249 2553 1341 2617 prae·
1393 2533 1527 2598 honoris
1549 2552 1656 2598 causa.
1701 2531 1865 2612 Quoniam
1888 2552 1967 2615 ergo
1988 2531 2080 2596 Deus
2111 2540 2160 2595 tot
2187 2530 2304 2610 modis,
2333 2540 2370 2595 et

368 2621 441 2722 erit,
456 2639 581 2768 'quenz
591 2620 621 2684 si
643 2618 777 2718 Christo
798 2625 1053 2785 Κιέιὲἰεῗειειιῖἒὶωειι1
1076 2618 1267 2769 offerasmpcsa
1280 2639 1340 2768 nbps
1393 2619 1550 2767 cortrtirtrua
1569 2617 1865 2766 {arielestenderat
1890 2618 2239 2764 sebeneficumlerga
2261 2615 2371 2766 {pochi

367 2727 402 2769 ru
436 2725 507 2770 erus
539 2725 617 2768 ose
639 2724 742 2771 urum.
875 2725 914 2782 1,
1121 2723 1138 2768 o
1268 2725 1288 2768 o
1332 2731 1341 2769 :
1417 2725 1484 2768 cur
1531 2725 1609 2768 rue
1677 2723 1716 2768 us
1747 2722 1817 2784 sper
1855 2723 1945 2768 conor
1970 2724 2024 2768 ere
2079 2721 2206 2783 epuns.
2294 2721 2355 2767 oea

368 2790 445 2875 quia
467 2790 529 2855 hoc
549 2724 649 2854 atialh
671 2791 839 2873 proprium
856 2789 918 2853 luit
932 2789 1074 2856 officium
1125 2791 1154 2853 ei
1169 2789 1340 2856 Christum
1393 2724 1517 2854 hmani
1538 2723 1662 2869 acam?
1684 2809 1751 2852 non
1785 2788 1869 2870 quod
1904 2724 1994 2870 digpui
2016 2724 2128 2852 eadent
2149 2785 2265 2852 Iudaei
2298 2795 2371 2850 tarn

367 2875 525 2955 excitare,
558 2873 831 2957 quemadmodum
871 2874 989 2939 dicitur
1022 2875 1155 2940 Psalmo
1189 2876 1340 2954 secundo,
1395 2874 1572 2938 honorifico
1594 2872 1705 2938 titulo:
1728 2873 1784 2938 sed
1804 2874 1893 2938 Deus
1915 2893 1951 2940 se
1969 2875 2076 2955 ipsum
2096 2873 2205 2956 potius
2223 2872 2368 2955 respicit,

367 2962 440 3045 Ego
461 2969 569 3026 autem
597 2961 678 3025 unxi
708 2981 819 3044 regem
848 2980 968 3026 meum.
1013 2959 1098 3025 Nam
1128 2980 1256 3042 semper
1285 2981 1340 3026 ve·
1394 2969 1427 3023 et
1457 2959 1634 3044 gratuitam
1667 2958 1890 3042 adoptionem,
1929 2978 2028 3041 quam
2060 2959 2205 3040 ipsorum
2239 2957 2369 3022 menta

367 3045 527 3112 ciendum
555 3061 606 3111 εει
634 3045 673 3110 ad
700 3046 822 3111 fontem
847 3044 1088 3111 misericordiae
1110 3045 1184 3125 Dei,
1211 3047 1238 3112 si
1260 3046 1342 3112 veli·
1394 3045 1469 3110 Nou
1492 3045 1594 3129 igitur
1615 3053 1710 3110 vocat
1732 3065 1787 3110 ecs
1808 3065 1931 3123 servos,
1957 3044 2035 3127 quia
2057 3044 2181 3108 luerint
2202 3043 2370 3127 morigeri.

368 3152 442 3196 mus
463 3129 530 3195 frui
553 3130 679 3197 Christi
702 3129 878 3209 beneficiis,
910 3131 1182 3214 quemadmodum
1212 3131 1341 3210 dicitur,
1395 3130 1525 3197 Scimus
1542 3133 1629 3195 enim
1644 3150 1744 3214 quam
1760 3131 1995 3195 contumaciter
2009 3129 2181 3194 reiecerint
2198 3129 2261 3193 eti
2284 3148 2370 3210 scm,

368 3217 461 3281 Deus
482 3217 530 3280 ita
551 3215 668 3280 dilexit
690 3214 860 3296 mundum,
889 3227 927 3280 ut
948 3217 1052 3282 filium
1074 3238 1169 3282 suum
1194 3218 1341 3299 unigeni·
1395 3226 1428 3281 et
1449 3216 1521 3282 eius
1550 3216 1738 3298 prophetas:
1769 3214 1827 3280 sed
1855 3216 2006 3297 qnoniam
2038 3214 2113 3280 illos
2141 3214 2205 3280 sibi
2275 3219 2370 3296 opta·

369 3311 439 3364 tum
473 3298 573 3365 daret
624 3301 839 3384 Reperiamus
868 3301 996 3384 quidem
1026 3305 1059 3365 in
1087 3303 1220 3368 Christe
1248 3301 1343 3385 quid·
1395 3313 1496 3368 verat.
1542 3299 1599 3368 Sic
1620 3300 1732 3366 David
1755 3321 1856 3383 quum
1880 3300 1958 3365 dicit
1979 3298 2081 3385 (Psal.
2104 3299 2177 3377 116,
2201 3297 2266 3385 16),
2295 3299 2371 3383 Ego

368 3384 448 3469 quid
471 3384 512 3449 ad
539 3385 679 3451 salutem
706 3393 851 3450 nostram
881 3396 1018 3466 spectat:
1048 3387 1104 3452 sed
1134 3387 1219 3451 unde
1248 3388 1342 3453 uobis
1394 3407 1510 3453 servus
1534 3399 1619 3465 tuus,
1648 3397 1683 3451 et
1703 3387 1792 3452 filius
1815 3385 1953 3451 ancillae
1980 3396 2066 3467 tuae,
2099 3405 2166 3451 non
2188 3386 2287 3450 iactat
2310 3405 2371 3450 sna

369 3471 522 3539 Christus
543 3470 606 3535 nisi
633 3491 676 3534 ex
704 3472 865 3537 immensa
886 3470 952 3536 Dei
982 3471 1147 3537 bonitate?
1182 3472 1341 3555 quidum
1395 3472 1566 3555 obsequia,
1607 3492 1713 3556 neque
1749 3471 1813 3537 sibi
1843 3470 1997 3536 vendicat
2026 3470 2203 3554 quidquam
2235 3471 2371 3536 virtutis

368 3558 471 3622 nostri
501 3555 655 3622 misertus
682 3565 741 3635 εει,
771 3557 878 3622 voluit
905 3576 964 3621 nos
992 3577 1124 3622 servare
1151 3577 1209 3656 per
1237 3557 1342 3623 filium
1395 3559 1435 3622 ad
1457 3557 1659 3630 merendum,
1682 3557 1737 3622 sed
1758 3557 1866 3640 potius
1881 3555 2024 3623 declarat
2043 3565 2219 3638 antequam
2237 3564 2371 3620 creatus

369 3641 588 3727 unigenitum.
632 3639 732 3707 Salus
753 3642 854 3724 igitur
875 3642 909 3705 in
933 3641 1065 3709 Christo
1085 3643 1178 3709 nobis
1200 3644 1343 3725 reposita
1395 3649 1481 3708 esset
1502 3645 1536 3709 in
1558 3655 1660 3718 utero,
1690 3644 1757 3707 iam
1778 3665 1814 3708 εε
1840 3642 1939 3708 fuisse
1967 3661 2100 3707 servum
2130 3643 2193 3706 Dei
2223 3641 2372 3726 gratuita

370 3737 431 3805 εει,
454 3747 558 3808 neque
587 3726 666 3792 alibi
694 3726 895 3810 quaerenda:
922 3726 979 3794 sed
1007 3749 1136 3812 semper
1165 3729 1341 3795 tenendum
1394 3728 1577 3811 adoptione.
1610 3727 1806 3806 ldeoaddit,
1830 3727 1991 3812 ligonum
2010 3726 2148 3792 ancillae
2167 3739 2242 3792 toas
2263 3727 2370 3792 filius:

369 3823 438 3892 est,
465 3811 604 3878 salutem
633 3811 724 3876 illam
752 3830 886 3876 manare
908 3831 928 3876 a
949 3813 1170 3880 misericordia
1192 3815 1265 3893 Dei,
1296 3815 1343 3881 ita
1394 3815 1489 3897 quasi
1512 3813 1641 3890 diceret,
1665 3813 1737 3896 Ego
1760 3813 1801 3878 ad
1828 3827 1859 3879 te
1880 3813 2030 3896 pertineo
2049 3812 2266 3880 haereditario
2289 3813 2372 3888 iure,

371 3905 409 3964 ct
431 3895 585 3963 Christus
614 3897 696 3962 nihil
726 3896 816 3961 aliud
847 3897 893 3962 sit
924 3917 1021 3979 quam
1055 3901 1277 3964 testimonium
1310 3912 1344 3966 et
1416 3901 1547 3964 uoniam
1569 3901 1760 3984 progenitus
1782 3919 1855 3964 sum
1874 3920 1915 3964 ex
1933 3919 1972 3964 ea
1993 3910 2102 3982 gente,
2124 3917 2225 3980 quam
2247 3897 2371 3981 eligere

368 3983 491 4067 pignus
519 3983 648 4066 paterni
677 4002 843 4080 ergenos
873 3983 936 4046 Dei
964 3983 1094 4051 favoris.
1138 3985 1231 4052 Haeo
1260 3987 1343 4052 ratio
1394 3921 1548 4069 dignatus
1581 4006 1615 4050 es
1647 3985 1681 4050 in
1714 3984 1869 4068 populum
1904 3984 2111 4068 peculiarem.
2164 3982 2261 4049 Nunc
2291 4003 2371 4068 ergo

370 4079 437 4146 est,
467 4090 525 4134 cur
553 4067 673 4134 diserte
700 4066 864 4133 addiderit
892 4071 1053 4150 propheta
1079 4069 1183 4135 Deam
1210 4073 1342 4138 εεεεείια-
1394 4070 1544 4136 videmus
1566 4091 1685 4135 nomen
1715 4072 1803 4136 servi
1833 4090 1896 4134 non
1925 4069 2043 4134 debere
2071 4067 2212 4152 intelligi
2241 4068 2282 4134 de
2312 4088 2371 4149 po-

370 4161 477 4220 teram
502 4173 567 4220 esse
593 4173 705 4238 repen,
731 4153 787 4236 qui
816 4151 1002 4218 dominetur
1030 4155 1147 4236 populo
1173 4176 1241 4222 suc.
1285 4156 1343 4223 Se-
1394 4157 1465 4238 puli
1486 4156 1623 4235 meritis,
1649 4175 1756 4237 neque
1778 4155 1832 4222 hic
1860 4155 1987 4220 laudari
2016 4154 2247 4232 obedientiam,
2277 4152 2372 4236 quasi

370 4239 490 4323 quitur,
1394 4241 1494 4325 probe
1530 4251 1562 4304 et
1592 4239 1732 4306 fideliter
1771 4239 1975 4324 responderit
2008 4240 2172 4306 vocationi
2205 4239 2282 4318 Dei,
2314 4239 2372 4304 sed

1395 4335 1523 4390 tantum
1547 4326 1765 4390 commendari
1787 4327 1966 4411 gratuitam
1994 4325 2213 4410 adoptionem.
2258 4323 2372 4404 Addit,

458 4410 509 4474 10.
541 4409 586 4474 Et
603 4413 639 4474 tu
663 4429 702 4474 aa
728 4409 840 4474 liorem
870 4408 966 4474 Iacob
991 4429 1078 4475 εενεε
1106 4410 1160 4492 mi,
1191 4410 1268 4475 dicit
1296 4410 1344 4475 Ie·
1395 4410 1464 4494 Epo
1493 4409 1615 4493 odeum
1645 4416 1679 4475 ot
1707 4417 1735 4476 te
1760 4432 1878 4477 aaran
1906 4431 1922 4476 e
1951 4411 2128 4494 bacasque.
2173 4410 2287 4475 Primo
2315 4409 2372 4475 de-

370 4493 482 4574 berat,
505 4499 534 4558 et
554 4515 593 4559 aa
609 4515 731 4578 pouces
755 4493 858 4560 Israel
887 4495 964 4575 quic
994 4513 1059 4560 ecee
1086 4513 1138 4578 epo
1166 4515 1295 4560 semona
1316 4501 1344 4560 te
1396 4496 1584 4560 nuntiatae
1607 4498 1838 4578 praestatem,
1867 4497 1923 4562 ubi
1945 4495 2120 4562 advenerit
2148 4505 2371 4578 opportunum

370 4601 387 4646 e
423 4581 613 4663 longisque,
653 4586 681 4645 et
717 4599 819 4646 senten
859 4585 948 4646 taam
984 4602 1000 4645 e
1037 4584 1123 4645 terro
1154 4580 1345 4660 captiuitatis
1396 4589 1526 4664 tempus
1548 4581 1660 4665 populi
1681 4582 1844 4648 servandi.
1882 4583 1968 4647 Nem
1989 4580 2287 4647 demonstrativum
2311 4581 2373 4646 hoc

370 4686 494 4733 mrum:
527 4671 555 4732 et
582 4664 697 4730 sedebit
729 4664 831 4748 Iacob,
864 4671 891 4730 a
923 4667 1064 4748 quiesce,
1096 4668 1124 4730 et
1155 4665 1346 4748 hamatilem
1398 4687 1576 4748 pronomen
1605 4667 1813 4733 certitudinis
1843 4667 1912 4733 loco
1940 4668 2085 4749 ponitur.
2128 4665 2232 4732 Addit
2261 4668 2371 4749 etiam,

371 4752 441 4837 erit,
462 4757 490 4818 et
510 4771 598 4817 acac
619 4750 780 4816 mereto
800 4755 909 4836 (nemo
931 4755 1103 4816 exterrens
1121 4749 1162 4815 ad
1186 4750 1345 4836 verbum).
1397 4773 1413 4817 e
1444 4751 1618 4836 Cogitque,
1651 4772 1694 4817 ne
1726 4753 1868 4836 papulus
1901 4752 2042 4818 diffidat:
2077 4753 2230 4836 quoniam
2264 4754 2372 4818 inerat

1397 4835 1581 4904 abstractus
1601 4839 1636 4902 in
1658 4838 1873 4921 longinquum
1896 4837 2057 4904 exsilium.
2098 4837 2268 4904 Distentis
2284 4839 2370 4903 enim

457 4921 639 4988 Confirmat
666 4919 827 5004 propheta
855 4940 948 4986 suam
983 4919 1164 4986 doctrinam
1193 4920 1346 4984 exhorta·
1397 4921 1539 4987 locorum
1563 4934 1613 4988 est
1635 4922 1729 4989 nobis
1752 4925 1822 4990 vice
1844 4923 2012 4989 obstaculi.
2047 4924 2180 5006 Siquis
2204 4925 2372 5006 promittat

371 5007 470 5074 tione.
515 5006 628 5090 Neque
650 5007 738 5072 enim
760 5006 926 5073 sufficeret
945 5025 1004 5070 nos
1021 5006 1214 5088 simpliciter
1233 5005 1347 5070 certio-
1398 5006 1489 5072 nobis
1511 5007 1717 5073 commodum
1739 5009 1928 5092 hospitium.
1960 5029 2065 5092 neque
2088 5018 2182 5076 vocet
2203 5011 2237 5074 in
2267 5011 2371 5095 regio·

371 5112 425 5158 res
459 5089 550 5158 reddi
584 5091 624 5156 de
657 5100 795 5175 paterno
827 5092 889 5156 Dei
925 5110 1036 5156 amore
1068 5099 1102 5155 ει
1135 5089 1346 5171 beneplacito,
1397 5113 1473 5158 nem
1496 5092 1638 5175 aliquam
1657 5095 1869 5180 incognitam,
1893 5095 2021 5160 facilius
2036 5094 2272 5178 amplectemur
2287 5095 2371 5180 quod

372 5177 436 5244 nisi
465 5179 687 5243 animaremur
716 5177 756 5242 sd
785 5175 1000 5260 sperandum:
1055 5175 1109 5240 uia
1141 5175 1346 5258 experientia
1396 5179 1592 5260 promissum
1614 5179 1730 5244 fuerit:
1761 5181 1817 5246 sed
1840 5181 1868 5246 si
1891 5179 2082 5263 quisdicat,
2112 5181 2185 5265 Ego
2215 5184 2370 5264 promitto

372 5263 468 5329 docet
491 5284 589 5348 quam
610 5263 713 5329 sinim
735 5261 895 5341 difficiles,
923 5271 957 5327 et
978 5195 1052 5326 card

1052 5260 1064 5325 i
1086 5259 1127 5327 ad
1155 5261 1345 5345 amplexan·
1397 5263 1456 5329 tibi
1478 5265 1637 5330 maximos
1659 5265 1783 5331 reditus
1803 5265 1838 5330 in
1857 5265 1966 5349 Syria,
1988 5275 2020 5331 et
2043 5265 2177 5332 habebis
2195 5267 2264 5334 illic
2281 5269 2372 5351 quid·

371 5347 430 5414 das
461 5348 526 5414 Dei
556 5349 794 5432 promissiones.
846 5347 939 5414 Haeo
966 5347 1068 5432 igitur
1095 5347 1178 5411 ratic
1207 5357 1261 5452 est
1288 5368 1347 5414 eur
1396 5347 1474 5430 quid
1496 5347 1537 5413 sd
1552 5349 1655 5415 vitam
1678 5350 1846 5416 commode
1868 5352 2115 5437 transigendam
2131 5354 2238 5436 optari
2254 5364 2371 5438 potest,
