5158 6124
345 465 408 531 467
1160 458 1545 527 PRAuteeutoltus
2286 459 2349 524 468

346 654 401 719 bie
422 653 584 737 propheta
606 649 758 732 loquitur.
795 647 849 714 Sia
866 670 944 733 ergo
961 648 1041 714 dabo
1064 648 1241 728 Zedeltiam,
1265 649 1321 731 qui
1374 649 1427 727 sit,
1450 652 1648 716 noniunntim
1672 651 1753 718 bees
1776 650 1914 736 legenda
1941 655 2027 726 sunt,
2057 649 2140 730 quod
2161 648 2277 714 seilicet
2295 647 2349 729 fu·

346 740 439 822 prins
473 759 591 805 nomeu
620 737 780 801 habuerat
808 734 1011 816 Matbaniae,
1040 755 1141 818 repem
1170 733 1323 817 Iobudalt,
1374 735 1439 799 turi
1460 737 1525 801 siut
1546 735 1662 803 Iudaei
1678 739 1714 802 iu
1731 737 1930 820 opprobrium
1947 741 1975 800 et
1991 741 2137 803 terrerem
2158 739 2187 799 et
2205 732 2350 816 fabulam

345 826 553 908 etpriueipes
574 824 654 904 eius,
676 820 873 904 etrelipuius
891 819 1064 886 Ierusalem
1083 841 1164 902 puae
1180 820 1324 886 residuae
1373 825 1402 885 et
1429 825 1667 889 exsecrationem
1695 824 1811 890 eunetis
1838 821 1989 907 pestibus.
2040 820 2119 884 Ideo
2150 818 2287 902 dieitur,
2314 819 2351 884 iu

347 918 420 977 suut
445 911 481 976 iu
509 916 594 976 terra
621 908 689 991 bae,
719 907 795 989 quia
822 906 948 972 seilioet
976 907 1080 972 maior
1108 927 1185 992 pars
1210 906 1321 989 populi
1373 907 1501 983 maium,
1523 908 1557 973 id
1580 918 1639 992 est,
1660 918 1796 994 propter
1819 908 1952 973 melum.
1989 907 2074 972 Nam
2098 892 2116 973 5
2137 906 2190 972 bia
2213 904 2351 971 diversis

348 1005 453 1062 trenta
481 996 591 1063 luerat
620 997 654 1059 in
685 991 852 1058 exsilium:
887 991 1005 1058 deinde
1034 993 1091 1074 qui
1118 992 1261 1058 tatium
1288 993 1323 1055 iu
1374 991 1479 1058 modis
1500 995 1637 1077 eapitur,
1661 1015 1760 1077 quum
1783 995 1869 1073 dieit,
1896 995 1932 1058 iu
1952 993 2200 1060 commotionem.-
2229 996 2350 1074 postea,

346 1087 432 1148 terra
454 1081 597 1166 Aepypti.
643 1080 743 1145 Multi
771 1079 859 1143 enim
886 1078 966 1144 illue
993 1079 1215 1161 confugerent,
1246 1078 1323 1159 quia
1372 1078 1407 1142 iu
1426 1080 1556 1146 mulum.
1592 1079 1744 1147 Sausinda
1766 1082 1866 1166 igitur
1889 1079 1958 1145 loeo
1983 1065 2001 1146 ¹>
2026 1077 2166 1144 neuselis
2182 1085 2232 1142 est
2250 1075 2351 1159 parti·

347 1169 469 1234 seimus
492 1169 591 1233 tuisse
614 1165 789 1250 Aegyptiis
812 1162 1003 1244 foederatos,
1033 1175 1066 1228 et
1087 1183 1244 1247 perversa
1265 1163 1323 1228 illa
1374 1165 1457 1244 esula,
1480 1186 1597 1248 nempe
1612 1181 1747 1250 propter
1762 1166 1896 1242 malum,
1915 1167 1991 1247 qnia
2011 1165 2135 1230 seilleet
2152 1173 2218 1227 tam
2235 1181 2350 1229 severe

347 1253 470 1320 fidueia
503 1254 600 1318 toties
633 1253 733 1316 luisse
766 1249 912 1316 rebelles.
963 1251 1007 1314 Et
1036 1248 1116 1314 haee
1145 1271 1243 1316 nausa
1274 1259 1323 1314 est
1375 1260 1409 1316 et
1438 1251 1604 1317 horribilis
1632 1255 1695 1317 erit
1722 1252 1785 1317 Dei
1815 1251 1978 1328 vindieta,
2010 1260 2046 1315 ut
2075 1257 2285 1326 summoveat,
2311 1266 2350 1312 en

348 1340 447 1403 etiam
481 1358 540 1404 eur
574 1347 640 1402 tam
671 1337 789 1403 aeriter
821 1335 1001 1419 prophetae
1027 1335 1116 1418 ipses
1144 1336 1322 1417 innrepent,
1374 1338 1544 1420 perturbet
1565 1357 1680 1403 omnes
1702 1339 1848 1422 populos.
1892 1337 1992 1401 Ponit
2022 1336 2128 1402 arania
2156 1353 2262 1418 repro,
2291 1331 2350 1398 sed

347 1426 431 1506 qnod
466 1423 656 1490 recumbent
688 1423 722 1487 in
756 1422 915 1486 auxilinm
945 1421 1099 1504 Aegypti,
1131 1431 1165 1486 et
1199 1420 1324 1485 lateant
1375 1423 1487 1487 eodem
1522 1443 1630 1488 sensu.
1686 1424 1808 1490 Postea
1841 1421 1932 1488 addit
1958 1420 2127 1505 pretorem,
2163 1439 2279 1501 nempe
2312 1428 2351 1482 ut

347 1509 409 1576 sub
431 1510 501 1576 eins
523 1510 646 1575 umbra.
692 1508 805 1588 Quum
833 1527 910 1590 ergo
932 1507 1081 1572 viderent
1102 1527 1136 1570 se
1159 1507 1324 1589 expositos
1374 1507 1514 1573 subituri
1536 1509 1604 1574 sint
1625 1511 1781 1576 iuditium
1797 1508 1945 1573 omnium
1969 1511 2128 1593 gentium.
2165 1505 2350 1570 Noluerant

348 1617 418 1662 ease
441 1595 568 1662 libidini
587 1594 740 1670 boatium,
762 1595 797 1656 in
814 1597 863 1657 Ae
911 1601 1003 1673 ptnm
1021 1591 1185 1676 fugeruut.
1219 1591 1323 1674 Atqui
1375 1595 1578 1675 aequieseera
1600 1595 1664 1661 Dei
1691 1595 1821 1674 iudinio,
1851 1605 1884 1658 et
1908 1614 2010 1676 quum
2032 1593 2121 1675 ipsos
2142 1589 2351 1676 pudeleeeret

348 1682 470 1765 potitus
503 1691 554 1746 est
586 1682 686 1745 etiam
714 1677 873 1744 Nubuuba
899 1699 993 1742 neuar
1027 1687 1139 1760 postea
1162 1683 1323 1761 Aegypto,
1375 1679 1409 1743 in
1440 1681 1597 1758 salutem,
1630 1681 1778 1766 improbe
1810 1681 2011 1745 restiterant.
2063 1676 2220 1760 Oportuit
2248 1675 2350 1760 igitur

347 1775 385 1833 ut
414 1766 612 1832 videbimus:
645 1765 694 1829 ite
721 1764 843 1830 fantum
874 1773 933 1844 est,
964 1775 1001 1827 ut
1028 1764 1068 1828 ad
1098 1772 1230 1847 tempus
1260 1765 1323 1829 visi
1375 1766 1495 1848 exponi
1518 1767 1666 1850 gentium
1685 1769 1831 1832 omnium
1854 1765 2038 1850 opprobrio.
2077 1763 2189 1840 Addit,
2211 1760 2255 1827 Iu
2270 1780 2349 1842 pro·

347 1855 470 1919 lberint
499 1873 570 1918 esse
598 1861 693 1916 extra
722 1849 912 1932 perieulum.
956 1848 1024 1915 Sed
1051 1849 1322 1931 quemadmodum
1374 1850 1512 1916 veroium
1539 1857 1567 1917 et
1594 1853 1630 1917 iu
1656 1851 1810 1934 sabulum,
1843 1852 1896 1916 vel
1926 1852 1958 1915 in
1993 1848 2191 1935 parabolam,
2224 1856 2261 1912 nt
2292 1847 2350 1912 elii

347 1941 436 2006 servi
466 1938 597 2020 lugitivi
627 1942 741 2018 postea
771 1933 996 2013 retrahuntur,
1031 1945 1064 1999 et
1096 1944 1176 2002 tune
1209 1935 1323 2000 durius
1377 1942 1519 2014 vertunt,
1543 1947 1576 2002 et
1598 1938 1817 2021 proverbium.
1862 1920 1934 2004 &mm
1956 1936 2121 2020 signifieat
2142 1953 2350 2000 nommnnem

347 2032 535 2091 trentantnr
558 2042 578 2087 a
600 2023 667 2087 suis
689 2021 836 2100 dominis,
867 2023 912 2085 ite
940 2021 1038 2086 etiam
1069 2020 1231 2086 erudelior
1261 2022 1324 2084 fnit
1375 2024 1582 2101 sententiam,
1599 2023 1655 2088 sed
1672 2024 1725 2090 bin
1742 2025 1939 2088 transfertur
1954 2022 1995 2088 ad
2012 2021 2163 2088 dieterie:
2188 2029 2221 2084 et
2235 2018 2350 2084 endem

348 2111 486 2177 saevitia
509 2109 596 2194 regis
614 2105 893 2174 Nebuebadneaer
911 2105 1068 2172 adversus
1090 2107 1187 2189 Ipsos.
1226 2107 1324 2172 Nune
1375 2110 1443 2172 lere
1464 2129 1564 2174 sensu
1584 2110 1735 2194 adiungit
1756 2092 1884 2186 ueremi,
1907 2107 2062 2174 fabulam.
2096 2105 2243 2188 Utraque
2260 2104 2351 2169 enim

348 2197 505 2282 seqnitur,
1376 2214 1453 2259 vose
1474 2194 1640 2278 intelligit,
1667 2215 1766 2278 quum
1791 2195 1904 2261 volent
1932 2192 2093 2260 inereduli
2123 2193 2246 2256 referre
2274 2209 2351 2273 gra·

1375 2280 1542 2344 vissimum
1557 2281 1701 2364 aliquem
1717 2280 1852 2358 sladem,
1868 2291 2057 2363 sumpturos
2072 2278 2133 2344 bue
2148 2275 2349 2359 exemplum:

434 2368 465 2433 9.
488 2365 533 2431 Et
546 2385 669 2448 ponam
687 2385 737 2430 eos
758 2366 792 2429 iu
809 2365 1036 2430 commotionem
1053 2361 1118 2448 (uel
1137 2364 1321 2446 strepitum,
1375 2365 1421 2431 sin
1444 2371 1552 2432 aetum
1575 2377 1625 2432 est
1646 2388 1720 2434 enm
1737 2366 1879 2446 Iudaeis,
1903 2365 1987 2432 nihil
2009 2367 2070 2430 fuit
2086 2364 2238 2429 miserias
2252 2371 2352 2446 gente

347 2454 400 2518 uel
431 2451 719 2535 perturbationem,
749 2451 993 2515 eonnttssiouem
1022 2450 1077 2513 alii
1102 2450 1258 2534 vertunt),
1287 2451 1324 2515 iu
1374 2451 1439 2517 illa.
1485 2451 1671 2519 litandam
1700 2453 1798 2517 etiam
1828 2453 1970 2518 refertur
1998 2449 2192 2516 maledietio.
2237 2445 2350 2531 signi·

348 2537 468 2603 malum
489 2537 630 2603 munibus
651 2536 755 2620 repuis
780 2540 897 2601 arrae:
925 2536 960 2600 iu
983 2535 1143 2616 probrum
1171 2539 1200 2598 et
1221 2555 1322 2615 paru·
1373 2537 1452 2602 fiaat
1484 2539 1571 2603 enim
1602 2540 1670 2603 lure
1701 2549 1713 2602 t
1738 2559 1815 2620 pum
1845 2549 1878 2604 et
1908 2535 2077 2620 exemplar
2106 2532 2351 2610 exseerationis,

348 2623 458 2708 boiam,
492 2629 519 2688 et
541 2621 753 2704 prouerbium,
786 2625 813 2685 et
845 2623 1082 2688 exsecrationem
1115 2621 1149 2684 iu
1181 2619 1323 2685 omuibus
1376 2621 1431 2689 Sin
1454 2643 1568 2706 pereas
1588 2561 1858 2706 quemadmodum
1877 2622 2007 2688 Iudaei:
2031 2621 2125 2687 Dens
2146 2621 2181 2684 iu
2205 2629 2238 2684 te
2258 2637 2352 2684 exer·

349 2709 424 2776 ioan
446 2729 505 2792 quo
526 2709 640 2774 eiecere
662 2707 748 2788 ipsos
770 2704 835 2790 (vel
857 2706 1037 2792 expulero).
1374 2717 1446 2774 neat
1467 2728 1561 2774 suam
1584 2709 1774 2794 vindictam,
1797 2709 1893 2777 sianti
1915 2709 1950 2773 in
1969 2706 2119 2772 Iudaeos.
2154 2705 2274 2771 Postea
2295 2701 2352 2768 ed-

981 2803 983 2810 ’
1375 2794 1423 2859 dit
1451 2794 1505 2860 boe
1532 2795 1598 2875 sore
1628 2796 1666 2860 iu
1695 2796 1837 2862 omuibus
1870 2795 1955 2874 loeis,
1988 2812 2166 2875 numenque
2198 2787 2353 2872 eupaterii

434 2880 500 2945 Hie
533 2878 693 2962 propbeta
712 2885 895 2942 'mutuatur
925 2877 1024 2943 verba
1053 2895 1095 2942 ex
1126 2877 1227 2954 Mose,
1258 2896 1321 2958 qno
1373 2879 1446 2946 silos
1467 2879 1573 2946 Deus:
1599 2881 1692 2963 quasi
1714 2881 1837 2947 dineret
1865 2879 2025 2964 propbeta
2046 2877 2156 2944 Deum
2185 2895 2251 2941 nnn
2279 2875 2352 2938 lore

347 2965 422 3051 plus
456 2965 644 3031 autoritatis
673 2961 791 3028 habeat
820 2963 1021 3030 vatininInm.
1066 2961 1204 3029 Iudaeos
1234 2963 1321 3027 euim
1374 2973 1566 3032 eontentum
1596 2965 1722 3043 exsilio,
1758 2966 1844 3049 qnod
1879 2978 1989 3032 tamen
2024 2984 2082 3047 per
2114 2984 2150 3030 se
2182 2981 2283 3047 greve
2316 2969 2352 3025 et

348 3051 492 3135 pudebat
513 3050 646 3116 relinere
668 3050 805 3127 Mosam,
831 3051 909 3131 quia
929 3048 1076 3132 persuasi
1099 3058 1194 3113 erant
1215 3047 1321 3131 legem
1375 3049 1526 3118 anerbum
1550 3060 1636 3117 erat:
1666 3051 1724 3117 sed
1750 3073 1851 3135 quum
1874 3053 1969 3117 trunti
2000 3050 2124 3116 inerint
2152 3049 2188 3113 in
2218 3047 2351 3132 longin-

349 3158 368 3201 a
398 3135 471 3202 Deo
503 3135 683 3219 protentam
717 3153 801 3200 esse:
836 3135 952 3201 saltem
984 3135 1101 3200 luisset
1133 3131 1322 3200 detestabile
1374 3158 1456 3220 ques
1478 3151 1593 3213 terras,
1617 3137 1686 3202 lore
1708 3137 1776 3203 illie
1797 3139 1979 3221 probrosos,
2002 3137 2049 3201 ite
2067 3143 2105 3201 nt
2119 3155 2232 3201 omnes
2247 3132 2351 3216 digito

349 3221 437 3305 apud
468 3222 479 3284 i
503 3241 566 3299 aas,
597 3218 768 3286 detrahere
797 3220 893 3285 fidem
925 3219 999 3302 legi.
1049 3219 1182 3285 Interea
1209 3239 1323 3286 senure
1374 3242 1429 3288 eos
1451 3223 1627 3288 ostendent
1646 3243 1711 3288 non
1727 3223 1797 3289 sine
1811 3223 2013 3307 ignominiae
2030 3231 2117 3297 notu,
2140 3228 2173 3286 et
2187 3219 2352 3302 sumpturi

349 3243 565 3390 repuditztnl
586 3325 699 3370 omnet
722 3305 907 3388 prophetas.
938 3307 992 3387 qni
1015 3315 1125 3370 tamen
1149 3317 1242 3370 eraut
1263 3303 1322 3369 fidi
1375 3310 1472 3374 etiam
1496 3307 1563 3374 sint
1580 3309 1710 3376 illorum
1727 3330 1847 3376 nomen
1865 3310 1899 3375 in
1918 3307 2089 3391 exemplar
2106 3303 2350 3373 exsenrationis.

349 3392 431 3478 legis
464 3394 676 3475 interpretes:
719 3390 992 3473 quemadmodum
1034 3390 1131 3454 bodie
1162 3391 1322 3472 papistae,
1375 3393 1478 3459 Addit
1499 3404 1621 3478 postea,

349 3479 502 3562 quamvis
524 3499 591 3543 non
615 3474 756 3542 audeant
772 3497 894 3561 negare
908 3475 1105 3560 seripturam
1120 3497 1191 3541 esse
1207 3475 1325 3541 doetri-

348 3585 426 3629 nam
449 3563 639 3630 eoelestem:
662 3561 783 3628 luriose
800 3575 909 3627 temen
932 3563 1086 3628 reiieiunt
1106 3560 1261 3645 quidquid
1282 3581 1324 3625 ex
1462 3567 1512 3630 10.
1546 3565 1592 3629 Ει
1621 3566 1744 3631 mittam
1775 3566 1811 3630 iu
1847 3566 1934 3648 ipsas
1969 3565 2129 3649 pladium,
2168 3564 2284 3645 samem
2322 3567 2352 3626 et

349 3671 387 3714 ea
410 3651 572 3732 prulsrtur
593 3648 627 3712 in
648 3647 801 3713 medium.
840 3649 930 3714 'l'alis
952 3648 1014 3712 init
1031 3647 1215 3732 perviueaie
1237 3647 1323 3730 apud
1369 3655 1504 3734 pestem,
1535 3652 1730 3734 usquedum
1757 3655 1981 3717 enumerantur
2008 3670 2024 3715 e
2052 3649 2215 3733 superfiuis
2239 3654 2351 3731 karae,

349 3735 497 3802 Iudaeos.
532 3734 611 3800 Ideo
632 3733 811 3816 prophetae
834 3749 873 3798 nt
893 3733 954 3798 sibi
978 3743 1011 3798 et
1033 3733 1101 3800 anis
1119 3733 1228 3799 verbis
1251 3732 1324 3815 plus
1374 3756 1469 3818 quam
1489 3737 1562 3802 dedi
1583 3737 1667 3818 ipsis
1688 3738 1880 3820 etpedibus
1901 3738 2053 3817 ipsorum.

349 3821 425 3885 fidei
458 3821 649 3895 eoueilient,
687 3839 785 3901 saepe
817 3828 1014 3884 mutuantur
1047 3820 1146 3885 verbe
1178 3820 1250 3903 ipse
1281 3840 1323 3884 ex

348 3906 451 3985 Mose,
483 3908 575 3989 quasi
608 3905 786 3970 reniterent
819 3903 858 3971 de
891 3906 1011 3987 seriptn
1045 3905 1131 3988 quod
1165 3904 1323 3970 dintatnm
1462 3906 1646 3975 Oonfirmat
1668 3908 1868 3991 superiorem
1888 3908 2095 3986 sententiam,
2118 3907 2203 3990 quod
2225 3905 2352 3974 seilieet

347 3994 414 4058 illia
436 3992 560 4058 inisset.
597 3990 682 4056 Nem
700 3990 877 4056 Deuteron.
895 3990 936 4056 28
959 3989 1004 4075 (v.
1022 3989 1073 4076 et,
1089 3991 1128 4057 ei.
1144 4003 1178 4056 et
1194 3992 1221 4055 1.
1240 3991 1322 4075 Reg.
1375 4006 1453 4061 tnnn
1472 3993 1565 4060 Dens
1587 3993 1681 4076 quasi
1702 4001 1883 4058 extremam
1908 4013 2042 4059 manum
2061 4001 2203 4077 apponet
2224 3993 2260 4057 in
2282 3993 2350 4057 exi·

348 4081 377 4156 9,
403 4079 436 4163 7)
458 4087 490 4144 et
512 4078 585 4142 eliis
614 4076 695 4141 lonis
724 4077 772 4142 aie
802 4077 950 4159 loquitur
971 4076 1083 4143 Moses
1115 4075 1155 4142 de
1185 4078 1322 4161 populo:
1375 4081 1490 4166 genffls
1512 4081 1643 4166 poeuis,
1672 4077 1728 4144 nbi
1756 4080 1924 4161 permittat
1952 4077 2080 4144 libidini
2107 4079 2252 4145 bostium
2281 4087 2351 4143 mm

349 4164 446 4245 Quod
470 4163 594 4230 seilioet
616 4161 752 4227 daturus
769 4163 861 4227 illum
879 4170 964 4228 esset
980 4162 1070 4227 Deus
1091 4164 1127 4227 in
1142 4164 1323 4230 nononssiu·
1376 4168 1491 4233 urbem
1513 4185 1610 4248 quam
1632 4165 1756 4231 insulas
1779 4165 1834 4247 qui
1857 4163 2037 4231 illiserunt
2058 4164 2191 4231 residui.
2224 4165 2271 4229 Et
2292 4163 2351 4229 ed·

349 4271 435 4328 nem,
457 4249 513 4315 val
528 4248 787 4326 summationem,
811 4249 845 4313 iu
862 4248 1026 4330 probrum,
1049 4249 1082 4313 in
1101 4249 1323 4332 proverbium,
1376 4252 1442 4319 bue
1470 4252 1614 4334 loquitur
1641 4250 1799 4316 Ieremias
1829 4261 1986 4332 tanquam
2016 4271 2057 4316 ex
2087 4271 2143 4316 ore
2165 4251 2285 4328 Masis,
2313 4257 2352 4314 ut

349 4338 383 4401 in
407 4335 551 4401 fabulam
574 4331 725 4399 omnibus
748 4332 875 4416 populis
898 4347 1015 4398 terrae.
1057 4334 1200 4400 Perinde
1221 4336 1325 4419 igitur
1376 4336 1510 4421 gravius
1531 4337 1574 4402 sit
1597 4335 1796 4411 vatininium,
1821 4345 1854 4400 et
1876 4336 1981 4419 magis
2003 4335 2159 4419 peruellat
2186 4335 2260 4401 illos
2283 4345 2352 4399 tam

349 4431 398 4488 est
421 4440 459 4486 ae
481 4421 508 4486 si
532 4420 669 4485 dixisset
690 4417 855 4496 Ieremias,
882 4441 919 4484 eo
943 4418 1074 4484 tandem
1097 4426 1231 4485 ventum
1254 4440 1325 4486 esse
1375 4421 1576 4507 praefraatos
1599 4422 1757 4488 homines.
1791 4421 1871 4487 'Pria
1892 4432 2002 4487 entem
2025 4421 2105 4487 been
2128 4442 2251 4506 genera
2272 4419 2351 4486 snb·

349 4513 387 4574 ut
408 4505 537 4573 sensuri
560 4504 627 4570 sint
642 4502 764 4583 Iudaei,
787 4525 853 4569 non
872 4504 996 4571 frustra
1013 4509 1064 4570 tot
1081 4505 1326 4572 maledietiones
1376 4507 1453 4574 inde
1475 4517 1660 4586 aecurrunt,
1688 4525 1811 4591 genere
1833 4505 1905 4572 dieo
1927 4527 2122 4591 poenarum,
2151 4507 2212 4573 snb
2234 4505 2352 4590 qulbus

350 4595 449 4660 luisse
471 4613 491 4657 e
513 4592 605 4656 Mose
623 4587 815 4673 praediatus.
849 4591 1022 4674 Legebent
1038 4589 1171 4674 quidem
1186 4592 1324 4669 Mosam,
1377 4593 1442 4659 alia
1464 4594 1564 4659 etiam
1586 4592 1912 4676 comprehenduntur
1935 4614 1993 4675 per
2011 4592 2249 4677 spuendoeben.
2283 4590 2352 4657 Sed

349 4680 406 4748 sed
440 4687 478 4744 nt
512 4685 606 4743 erant
636 4674 779 4756 insipidi,
811 4675 921 4742 nullus
954 4686 1072 4760 metus,
1102 4678 1194 4742 nulla
1226 4680 1324 4744 etiam
1377 4679 1453 4763 qnia
1475 4679 1711 4761 utplurimum
1730 4677 1822 4743 Dens
1844 4677 2014 4744 bominum
2037 4679 2161 4744 seelera
2182 4677 2353 4744 mannitur

350 4765 465 4849 religio
494 4764 583 4847 ipsos
611 4759 782 4844 tangebat,
815 4782 916 4844 quum
945 4760 1037 4828 Dens
1066 4771 1223 4830 terrorem
1253 4765 1326 4831 istis
1377 4765 1430 4832 vel
1453 4774 1552 4848 peste,
1582 4765 1635 4831 vel
1658 4764 1760 4841 lame,
1788 4763 1840 4829 vel
1863 4764 1963 4843 bello,
1989 4763 2062 4830 ideo
2083 4785 2185 4848 quum
2208 4762 2353 4830 breviter

350 4851 459 4918 verbis
480 4851 651 4916 incuteret.
692 4843 781 4911 Dinit
801 4847 904 4931 igitur
927 4848 1084 4932 propheta
1105 4851 1325 4934 propinquum
1376 4851 1449 4918 vult
1470 4850 1641 4933 eompleeti
1669 4868 1783 4915 omnes
1812 4869 1951 4932 poenas,
1980 4848 2150 4935 eoninngit
2177 4857 2245 4915 tres
2271 4849 2352 4916 istas

350 4939 415 5002 iam
439 4957 509 5001 esse
533 4944 672 5018 tempus,
703 4941 741 4996 nt
770 4942 858 4998 nerto
888 4935 1113 5015 experimento
1146 4947 1326 5019 agnoseent
1376 4957 1482 5003 venes.
1527 4935 1639 5016 Addit,
1663 4953 1762 5018 usque
1790 4935 1866 5000 dum
1894 4941 2119 5002 consumantur
2147 4933 2352 5019 esupenioie

349 5022 459 5088 Deum
483 5041 549 5086 nnn
571 5021 695 5085 frustra
723 5018 886 5082 minatum
909 5039 990 5084 esse.
1033 5018 1155 5086 Portam
1176 5043 1254 5106 ergo
1277 5043 1326 5090 eos
1375 5027 1492 5088 terne:
1514 5043 1576 5088 non
1600 5020 1689 5100 dinit,
1712 5041 1814 5105 nsque
1836 5020 1916 5086 dum
1938 5030 2177 5088 nonsumantnr
2204 5022 2241 5087 in
2264 5029 2353 5086 terre

350 5108 386 5172 iu
406 5108 643 5173 summationem.
679 5117 723 5180 ott
744 5103 909 5188 signifieat
924 5124 1055 5170 movere
1069 5116 1102 5170 et
1120 5107 1324 5174 tumultuari.
1376 5109 1463 5192 ipsa,
1494 5107 1551 5175 sed
1582 5106 1660 5174 dinit
1688 5091 1764 5188 Stin,
1793 5106 1834 5172 da
1861 5127 1969 5190 super.
2013 5107 2130 5190 Neque
2157 5108 2245 5172 euim
2276 5125 2352 5172 enn-

350 5192 449 5258 Mnlti
472 5193 636 5276 aeeipiuut
657 5191 719 5257 bon
741 5209 859 5254 nomeu
883 5210 944 5273 pro
966 5190 1114 5274 strepitu,
1137 5192 1192 5258 alii
1214 5204 1324 5259 autem
1377 5193 1499 5277 sumpti
1532 5201 1611 5260 snut
1639 5193 1753 5259 Iudaei
1786 5192 1821 5260 in
1850 5193 1973 5276 patria,
2002 5195 2059 5259 aed
2089 5192 2168 5258 alibi
2195 5192 2352 5276 paulatim

351 5297 410 5362 pro
429 5277 682 5361 perturbatione,
703 5277 759 5341 alii
774 5296 834 5360 pro
849 5275 1062 5341 nonensaione
1076 5277 1202 5362 eapitis.
1238 5278 1325 5344 Nam
1376 5281 1464 5363 ipsos
1492 5279 1643 5358 eonteoit,
1671 5279 1717 5344 ite
1746 5287 1784 5344 nt
1819 5279 2041 5345 tabescerent:
2076 5277 2194 5345 deinde
2223 5275 2353 5362 expuhi

350 5383 410 5448 per
431 5361 608 5428 ludibrium
631 5363 774 5428 solemus
795 5371 894 5447 eaput
922 5369 1105 5428 aonnutere.
1150 5363 1325 5448 Utcunque
1377 5374 1456 5433 aunt
1476 5366 1512 5431 in
1534 5365 1695 5442 exsilium,
1717 5372 1752 5430 et
1772 5363 1834 5430 fuit
1852 5364 1908 5430 ille
1919 5364 2057 5434 ultimus
2066 5364 2231 5431 interitus.
2265 5361 2355 5446 Quid
