5158 6124
230 402 295 469 489
804 426 806 434 '
930 402 980 468 IN
1003 400 1253 468 tusculano.
1297 401 1396 468 OAP.
1420 402 1533 471 XXV.
2172 410 2238 478 490

318 591 371 658 19.
390 590 557 658 Pharaoni
585 589 720 676 (pendet
749 591 837 656 enim
868 611 888 654 a
909 591 1076 674 superiore
1102 611 1207 670 versu,
1260 591 1346 672 quod
1376 590 1486 657 nullae
1517 612 1653 676 usquam
1675 602 1791 676 gentes
1813 597 1976 661 immunes
1999 607 2109 664 essent
2129 617 2149 662 a
2171 600 2236 665 cla·

230 677 318 762 quod
346 677 573 761 propinaverit
599 677 734 744 calicem
755 674 936 762 Pharaoni)
965 676 1032 760 rapi
1057 677 1206 760 cappro,
1260 674 1371 741 dibus:
1405 677 1461 741 ssd
1495 679 1601 759 potius
1629 688 1758 755 mature
1788 678 2047 761 docerevoluit,
2079 683 2236 769 quidquid

230 765 332 830 seruis
353 764 433 842 eins,
454 769 483 829 et
498 761 698 846 primipilus
718 763 796 845 aas,
819 766 847 827 et
867 761 922 828 toti
944 763 1012 828 aas
1029 763 1157 845 popolo.
1260 762 1426 846 continget
1450 762 1610 844 proficisci
1634 786 1653 828 a
1676 765 1757 831 Deo.
1789 764 1874 831 Nam
1899 767 1926 832 si
1949 767 2011 835 hoc
2033 789 2100 833 non
2123 769 2237 838 fuisset

1258 846 1472 928 praedictum,
1496 858 1529 913 et
1548 848 1706 916 Chaldaei
1728 851 1823 933 potiti
1846 851 1985 920 luissent
2003 862 2071 919 toto
2089 853 2237 937 Oriente,

317 935 383 1001 Hie
406 935 518 1018 quaeri
542 943 648 1017 potest
670 955 730 1000 cur
748 933 953 1000 Pharaonem
976 929 1108 1000 Iudaeis
1130 953 1205 1000 con·
1260 930 1420 999 dixissent
1450 935 1548 1018 vulgo
1578 936 1624 1000 ite
1653 935 1812 1002 mundum
1834 939 1961 1004 versari
1983 959 2079 1006 caeco
2100 941 2235 1025 impetu,

231 1021 356 1106 iungat,
386 1042 424 1086 ac
453 1021 562 1104 potius
591 1019 772 1087 seeundum
801 1029 834 1084 et
856 1021 1044 1102 contiguum
1068 1016 1206 1101 gradum
1260 1036 1293 1084 et
1315 1021 1363 1086 ita
1384 1019 1617 1087 obduruissent
1635 1022 1793 1106 megisto
1811 1024 1916 1108 magis
1931 1025 1964 1090 in
1981 1045 2041 1090 sua
2055 1026 2235 1108 impietate.

230 1108 376 1191 assignet
397 1107 584 1190 Aegyptiis,
615 1127 713 1190 qnam
742 1105 815 1170 aliie
844 1103 1012 1189 gentibus:
1042 1102 1099 1170 sed
1122 1103 1207 1168 ratio
1260 1107 1344 1171 Nam
1383 1104 1465 1171 haec
1498 1127 1597 1172 causa
1629 1117 1679 1172 est
1711 1109 1953 1186 obstinationis,
1994 1109 2051 1176 ubi
2085 1111 2236 1180 homines

230 1201 281 1258 cst
309 1193 344 1257 in
373 1201 538 1275 promptu,
568 1189 799 1276 qnia-scilicet
821 1189 935 1256 Iudaei
964 1189 1041 1254 inde
1066 1188 1206 1254 salutem
1259 1191 1482 1274 imaginantur
1518 1192 1651 1258 fortuito
1686 1195 1797 1259 omnia
1833 1197 2032 1279 contingere.
2092 1197 2137 1262 Et
2172 1199 2236 1266 hee

229 1278 423 1362 sperabant:
451 1287 484 1343 et
513 1277 595 1344 haec
623 1277 686 1343 tuit
714 1297 813 1344 causa
842 1288 909 1341 tam
939 1274 1084 1358 perditas
1105 1275 1206 1340 obsti·
1259 1279 1385 1342 ratione
1419 1277 1510 1342 Deus
1550 1299 1663 1344 severe
1695 1279 1863 1345 invehitur
1895 1282 1929 1346 in
1963 1301 2034 1359 eos,
2077 1283 2135 1366 qui
2167 1306 2235 1351 non

229 1365 383 1442 nationis,
413 1365 569 1446 quonism
591 1363 711 1446 corrigi
735 1383 801 1427 non
824 1369 954 1444 poterat
975 1381 1128 1444 perversa
1151 1360 1207 1424 illa
1260 1375 1442 1447 agnoscunt
1471 1364 1578 1447 ipsum
1608 1385 1679 1430 esse
1708 1377 1852 1432 autorem
1883 1369 2031 1433 omnium
2065 1367 2234 1450 bellorum,

229 1450 357 1526 fiducia,
373 1470 439 1532 qua
453 1447 557 1514 semel
572 1449 720 1516 diabolus
735 1448 823 1531 ipsos
837 1447 1064 1514 fascinaverat.
1095 1446 1207 1512 Dsaci·
1259 1449 1354 1514 lamis
1377 1463 1409 1520 et
1431 1448 1654 1530 pestilentias:
1679 1460 1713 1516 et
1734 1451 1817 1516 nihil
1839 1451 1969 1518 adversi
1992 1453 2147 1536 accidere,
2170 1458 2234 1522 nisi

230 1547 348 1600 verant
369 1555 389 1598 a
410 1533 493 1612 Deo,
522 1556 623 1618 quum
647 1533 770 1601 vellent
797 1533 893 1599 amici
920 1553 991 1598 esse
1014 1532 1205 1617 Aegyptiis:
1260 1555 1301 1600 ex
1331 1535 1401 1600 eins
1423 1533 1551 1601 iudicio.
1595 1537 1685 1620 Ergo
1707 1535 1843 1602 docendi
1865 1538 2000 1604 inerunt
2021 1538 2134 1606 Iudaei
2156 1553 2234 1609 ante

230 1621 346 1687 deinde
375 1641 475 1702 quum
507 1619 658 1686 viderent
685 1641 722 1686 se
744 1620 892 1703 Assyriis
918 1619 1068 1701 impares,
1098 1617 1206 1701 potius
1259 1629 1399 1704 tempus,
1430 1625 1468 1684 ut
1490 1642 1591 1702 quum
1614 1621 1706 1687 Deus
1729 1624 1815 1704 ipsos
1837 1623 2008 1708 affligeret,
2034 1633 2069 1690 et
2089 1625 2234 1710 reliquas

228 1713 461 1774 converterant
493 1726 585 1789 spem
614 1727 711 1772 suam
737 1705 778 1770 ad
808 1705 1004 1789 Aegyptios,
1037 1725 1135 1786 quam
1165 1703 1205 1768 ad
1282 1719 1384 1784 entes,
1411 1707 1535 1772 seirent
1563 1707 1623 1773 hoo
1652 1707 1714 1772 sibi
1735 1708 1837 1774 luisse
1859 1708 2076 1791 praedictum:
2105 1720 2139 1776 et
2160 1712 2233 1778 ideo

228 1791 354 1860 Deum:
396 1792 581 1858 clamabant
622 1791 812 1876 prophetae,
850 1790 907 1856 sed
945 1791 1016 1854 sius
1050 1791 1205 1872 proiectu.
1293 1813 1368 1858 enm
1390 1812 1461 1858 esse
1483 1803 1629 1858 autorem
1652 1792 1809 1859 cladium:
1834 1792 1950 1861 deinde
1973 1796 2067 1861 utin
2090 1817 2125 1862 ec
2147 1798 2234 1881 ipsos

229 1877 341 1959 Quum
379 1897 457 1960 ergo
492 1899 590 1943 censa
627 1877 742 1943 ruinas
779 1875 873 1943 electi
912 1875 1024 1958 populi
1061 1876 1206 1959 proiecta
1260 1876 1509 1957 descenderent,
1541 1888 1637 1960 atque
1669 1881 1716 1943 ita
1747 1889 1965 1963 agnoscerent
1997 1901 2058 1946 sua
2090 1893 2233 1964 peccata.

229 1974 316 2030 esset
344 1983 385 2028 cx
413 1965 583 2048 Aegypto,
612 1972 647 2029 et
669 1962 799 2028 Pharao
831 1974 918 2027 esset
947 1962 1039 2044 quasi
1070 1961 1143 2026 lons
1172 1973 1206 2024 et
1258 1962 1343 2028 Nam
1367 1963 1423 2047 qui
1444 1963 1609 2029 somniant
1630 1963 1791 2030 mundum
1810 1971 1933 2030 temere
1952 1965 2040 2034 volvi
2056 1988 2076 2032 a
2091 1969 2233 2046 fortuna,

229 2069 328 2116 causa
349 2049 502 2114 interitus
525 2060 593 2114 tam
608 2047 829 2132 lerosolymae
852 2067 948 2130 quam
968 2049 1069 2113 totins
1084 2045 1205 2131 populi,
1258 2049 1292 2116 in
1323 2050 1420 2115 rebus
1450 2049 1596 2115 adversis
1621 2069 1689 2114 non
1711 2052 1857 2116 sentiunt
1879 2051 1987 2117 Deum
2010 2051 2072 2118 sibi
2095 2053 2232 2121 iratum:

227 2137 346 2201 merito
376 2134 536 2216 propheta
564 2143 738 2218 postquam
770 2133 810 2198 de
838 2132 1040 2217 lerosolyma
1068 2142 1102 2197 et
1132 2131 1205 2198 aliis
1257 2135 1305 2200 ita
1345 2155 1517 2217 nunquam
1550 2143 1698 2202 statuent
1731 2136 1818 2202 mala
1849 2157 1932 2220 quae
1965 2138 2136 2220 patiuntur
2160 2161 2234 2206 esse

227 2220 363 2286 urbibus
385 2219 537 2286 lehudah
559 2221 714 2304 loquutus
736 2229 794 2296 est,
825 2220 936 2284 statim
961 2219 1041 2284 citat
1062 2218 1204 2285 secundo
1256 2221 1360 2286 iustas
1390 2241 1519 2303 poenas.
1571 2221 1670 2286 Multi
1699 2220 1827 2305 quidem
1858 2223 1919 2288 etsi
1947 2223 2093 2289 fatentur
2122 2226 2233 2291 Deum

226 2305 297 2373 loeo
319 2306 539 2382 Pharaonem,
565 2306 643 2390 quia
665 2306 771 2372 socius
794 2315 865 2370 erat
886 2301 1028 2382 Iudaeis,
1052 2319 1085 2370 ct
1107 2324 1204 2370 causa
1257 2328 1326 2374 esse
1342 2320 1487 2373 autorem
1503 2327 1694 2391 poenarum,
1714 2307 1927 2374 nihilominus
1942 2308 2051 2391 ipsum
2067 2325 2231 2379 accusant.

226 2413 340 2458 eornm
370 2392 417 2458 sio
450 2400 521 2458 erat
552 2391 724 2475 implicita,
757 2398 795 2456 nt
826 2411 959 2456 necesse
990 2399 1077 2456 esset
1105 2388 1202 2456 simul
1258 2389 1324 2458 Sed
1354 2392 1417 2457 duo
1446 2394 1553 2475 capita
1574 2393 1716 2459 tenenda
1738 2405 1826 2478 sunt,
1856 2414 1973 2477 nempe
1995 2394 2079 2459 nihil
2102 2395 2232 2463 adversi

226 2478 312 2544 trahi
335 2478 372 2543 iu
394 2478 548 2544 exitium:
572 2479 725 2561 quoniam
749 2476 805 2542 alii
827 2476 908 2541 alios
927 2487 1148 2558 corruperant,
1170 2487 1203 2540 et
1255 2477 1388 2543 fortuito
1417 2477 1576 2557 accidere,
1609 2478 1666 2544 sed
1695 2479 1804 2545 Deum
1835 2500 1906 2544 esse
1935 2487 2083 2546 autorem
2118 2502 2230 2548 eorum

225 2563 282 2630 elii
304 2565 404 2629 etiam
425 2564 505 2630 alios
528 2563 746 2631 accenderant
763 2561 804 2626 ad
820 2562 1030 2644 impietatem,
1054 2571 1088 2626 et
1102 2559 1201 2628 simul
1255 2565 1401 2630 omnium
1442 2565 1497 2646 qui
1530 2564 1719 2630 existimant
1752 2563 1901 2631 homiues
1934 2565 1997 2631 sibi
2029 2585 2100 2631 esse
2136 2567 2230 2646 mala,

225 2651 316 2732 quasi
347 2649 530 2716 coniunctis
559 2649 678 2715 animis
706 2657 739 2713 et
769 2647 1008 2730 conspiratione
1036 2648 1123 2713 facts
1149 2666 1201 2713 ac·
1255 2670 1373 2732 nempe
1403 2651 1556 2733 quoniam
1585 2651 1689 2716 iustus
1715 2661 1765 2716 eet
1793 2648 1901 2716 iudex.
1947 2651 1992 2715 Et
2021 2650 2082 2716 boc
2109 2665 2160 2718 est
2181 2674 2230 2720 se·

225 2734 402 2802 canderent
433 2735 468 2801 in
497 2757 533 2801 se
554 2735 639 2800 iram
660 2734 733 2800 Dei.
779 2732 855 2798 Nou
877 2733 983 2816 potuit
1003 2733 1105 2817 igitur
1127 2753 1201 2816 pro·
1255 2735 1397 2802 eundum
1419 2745 1527 2820 eaput.
1567 2730 1658 2802 Deus
1680 2756 1759 2819 ergo
1781 2736 1836 2800 nbi
1858 2735 1922 2802 sibi
1943 2735 2098 2801 vendicat
2118 2759 2231 2804 rernm

224 2820 324 2905 pheta
351 2821 440 2902 loqui
468 2841 615 2888 seorsum
645 2821 685 2887 de
711 2818 858 2894 Iudaeis,
892 2817 949 2884 sed
977 2838 1111 2886 necesse
1140 2818 1202 2884 init
1255 2822 1401 2886 omnium
1432 2830 1570 2888 eventus
1598 2833 1632 2886 st
1653 2822 1846 2904 pronuntiat
1867 2821 2028 2886 mundum
2050 2822 2230 2906 gubernari

224 2907 407 2990 Aegyptios
429 2907 577 2992 adiungi,
597 2907 673 2989 quia
695 2905 780 2972 ratio
802 2905 974 2989 utriusque
995 2905 1109 2988 populi
1131 2915 1202 2970 erat
1254 2927 1315 2972 suo
1346 2904 1488 2986 arbitrio,
1518 2926 1582 2972 non
1605 2918 1733 2973 tantum
1755 2904 1923 2988 praedicat
1944 2927 2105 2972 summam
2130 2929 2229 2990 penes

222 2992 414 3060 communis.
1253 3014 1289 3059 se
1306 3012 1377 3059 esse
1398 2993 1591 3074 potentiam,
1614 3003 1647 3057 et
1664 3013 1827 3058 summum
1851 2991 2042 3074 imperium:
2066 2991 2123 3059 sed
2142 2993 2229 3062 ultra

1251 3075 1473 3162 progreditur,
1506 3099 1623 3161 nempe
1654 3077 1740 3162 quod
1768 3098 1821 3144 res
1850 3098 2003 3161 prospere
2032 3077 2229 3146 documenta

308 3166 361 3233 20.
384 3164 429 3230 Ei
446 3165 646 3246 promiscuae
667 3161 873 3240 multitudini,
896 3162 1061 3228 dandis
1077 3159 1201 3244 rapidas
1252 3164 1320 3230 sint
1342 3163 1499 3230 honitatis
1522 3173 1555 3230 et
1575 3165 1719 3230 iustitiae
1733 3164 1851 3247 ipsine:
1875 3185 1929 3230 res
1944 3167 2055 3229 autem
2070 3162 2228 3232 adversae

223 3255 324 3318 terroe
363 3249 426 3328 Ur,
457 3255 485 3315 et
516 3249 636 3317 condis
667 3247 792 3332 rephca
824 3252 925 3314 terroe
959 3245 1139 3327 Philoton,
1172 3251 1200 3313 ei
1252 3249 1418 3316 declarent
1445 3253 1553 3333 ipsum
1581 3271 1645 3317 non
1672 3269 1769 3334 posse
1792 3249 1878 3316 ferre
1900 3249 2071 3315 hominum
2094 3251 2227 3333 scelera,

223 3338 373 3421 Ascalon,
397 3340 426 3401 ei
451 3334 567 3412 Horae,
590 3339 619 3400 ei
638 3331 773 3416 Echron,
794 3339 823 3398 et
843 3332 988 3416 reliquiis
1009 3331 1123 3400 Ahala.
1250 3335 1328 3418 quin
1359 3335 1399 3402 de
1429 3337 1509 3420 ipsis
1537 3356 1658 3418 poenas
1680 3337 1800 3421 exigat
1845 3335 1918 3402 Hoc
1939 3337 2003 3401 luit
2027 3336 2131 3421 igitur
2150 3357 2227 3402 con·

1251 3421 1362 3488 silium
1392 3422 1578 3504 prophetae.
1622 3421 1719 3488 Nunc
1750 3420 1827 3487 dicit
1848 3419 1958 3486 Deum
1986 3422 2133 3487 mireari
2151 3443 2228 3504 pro·

308 3508 487 3591 Postquam
518 3506 558 3572 de
587 3515 684 3590 gente
709 3525 769 3572 sua
791 3514 824 3570 et
845 3505 1022 3656 Aepoyptiis
1043 3505 1197 3587 loquutus
1249 3507 1388 3574 miscuoe
1419 3507 1622 3574 multihtdbti.
1664 3520 1730 3584 niu
1762 3507 1929 3590 significet
1955 3528 2052 3589 apum
2077 3527 2227 3588 examen,

221 3605 272 3660 est
301 3593 477 3673 Ieremias,
511 3613 597 3658 nuno
631 3599 778 3656 recenset
811 3610 896 3672 popu
931 3613 947 3657 e
980 3610 1108 3674 omnes,
1142 3591 1197 3673 qui
1249 3592 1410 3676 significat
1453 3593 1550 3658 etiam
1590 3591 1769 3674 quamlibet
1812 3593 2000 3658 mixturam.
2066 3593 2113 3657 lot
2151 3593 2226 3658 ideo

220 3681 308 3746 fama
336 3679 407 3745 noti
435 3699 505 3745 esse
527 3687 678 3761 poterant
700 3675 787 3760 apud
809 3676 957 3744 ludaeos.
1002 3673 1197 3742 Videbimus
1252 3679 1301 3744 12.
1324 3698 1394 3761 cap.
1418 3678 1536 3756 Exodi,
1559 3696 1660 3760 quum
1684 3678 1763 3744 dicit
1784 3678 1895 3744 Moses
1917 3697 1989 3742 oum
2013 3677 2132 3760 populo
2177 3700 2226 3748 ro.

220 3768 308 3831 enim
337 3765 374 3830 in
403 3765 552 3849 catalogo
581 3763 689 3829 notari
719 3762 877 3845 quosdam
912 3761 1026 3846 procul
1055 3761 1195 3827 dissitos.
1249 3765 1350 3830 lectos
1379 3783 1450 3829 esse
1480 3763 1616 3841 multos,
1648 3764 1751 3828 utitur
1780 3763 1842 3830 hac
1863 3782 1959 3840 voce,
1989 3764 2073 3844 quod
2103 3699 2226 3830 seilicet

219 3851 297 3918 Non
322 3857 455 3916 tantum
478 3871 558 3934 ergo
580 3848 620 3914 de
643 3847 759 3914 vicinis
780 3847 934 3932 gentibus
956 3847 1110 3930 loquitur,
1140 3846 1195 3912 scd
1248 3849 1371 3914 multae
1393 3848 1564 3915 hominum
1579 3848 1773 3933 quisquiliae
1788 3868 1859 3914 sese
1877 3847 2090 3913 adiunxeriut
2104 3848 2225 3932 populo

219 3939 254 4004 in
276 3957 407 4004 summa
428 3937 544 4002 docere
566 3935 648 4010 vult,
671 3935 794 3999 instare
813 3931 877 3999 Dei
900 3932 1090 4010 vindictam,
1113 3953 1196 4014 quae
1247 3935 1321 4002 Dei.
1365 3936 1410 4000 Et
1431 3934 1610 4000 Nehemias
1639 3934 1718 4002 dicit
1746 3956 1782 4000 se
1811 3931 1893 3998 tales
1922 3933 2086 3998 mixturas
2115 3955 2225 4019 segre·

220 4043 291 4090 sese
320 4022 483 4088 diffundet
512 4020 577 4086 huc
606 4030 639 4086 et
667 4018 761 4096 illnc,
795 4020 842 4084 ita
871 4026 909 4084 ut
940 4017 1197 4100 comprehendat
1247 4041 1343 4104 gesse
1365 4041 1385 4086 a
1406 4020 1526 4104 populo
1548 4021 1622 4099 Dei,
1644 4042 1685 4086 ne
1707 4020 1831 4086 scilicet
1852 4019 1907 4102 qui
1931 4017 2109 4102 degeneres
2130 4030 2224 4086 erant

220 4119 326 4175 totum
355 4108 467 4174 orbem
490 4105 622 4172 Iudaeis
647 4105 823 4189 cognitum.
868 4103 961 4170 Haec
983 4124 1113 4169 summa
1135 4113 1195 4169 eet.
1247 4115 1494 4190 corrumperent
1526 4127 1637 4173 veram
1670 4107 1835 4190 pietatem.
1886 4103 1976 4187 Ergo
2010 4113 2047 4168 nt
2077 4117 2224 4172 maneret

218 4195 373 4261 Diximus
403 4193 477 4259 heri
505 4211 566 4257 cur
596 4191 804 4258 coniunxerit
832 4188 964 4256 Iudaeis
993 4191 1195 4274 Aegyptios:
1247 4212 1328 4258 vera
1356 4202 1389 4257 et
1419 4193 1564 4276 genuina
1594 4191 1739 4272 ecclesia,
1772 4189 1850 4256 dicit
1880 4211 1916 4255 sc
1944 4188 2118 4256 abstulisse
2146 4204 2222 4270 Τιν,

218 4301 306 4346 nnuc
333 4289 444 4345 antem
473 4298 539 4343 non
571 4287 676 4360 potest
705 4276 745 4342 de
767 4275 906 4360 singulis
927 4277 1080 4360 gentibus
1103 4276 1194 4342 reddi
1247 4276 1308 4342 hoc
1337 4290 1389 4343 est
1416 4278 1605 4343 mixturam.
1650 4277 1747 4343 Nunc
1773 4286 1929 4359 quantum
1954 4275 1994 4340 ad
2016 4287 2222 4359 praesentem

218 4379 308 4433 certa
336 4367 434 4431 ratio:
465 4363 521 4430 sed
553 4363 588 4427 in
618 4383 740 4446 genere
762 4363 823 4428 hoo
846 4361 1023 4427 tenendum
1048 4371 1106 4442 est,
1136 4363 1194 4428 Iu·
1246 4363 1354 4429 locum
1377 4373 1504 4447 spectet
1525 4385 1590 4429 non
1614 4362 1726 4427 dubito
1748 4365 1826 4446 quin
1849 4362 2009 4444 propheta
2027 4363 2224 4444 generaliter

219 4453 314 4518 daeos
344 4451 469 4516 moneri
500 4471 566 4514 non
597 4457 726 4514 tantum
755 4457 793 4512 nt
821 4455 1002 4532 agnoscant
1023 4447 1089 4512 Dei
1112 4448 1195 4514 iudi·
1247 4448 1401 4531 loquat-nr
1422 4448 1463 4514 de
1486 4450 1583 4534 vulgo
1605 4450 1692 4532 ipso:
1715 4458 1748 4513 et
1769 4448 1841 4513 ideo
1864 4446 2005 4512 extendo
2023 4447 2084 4512 hoo
2103 4468 2222 4513 nomen

218 4540 304 4604 cium
327 4559 406 4621 erga
427 4557 472 4614 se,
495 4534 552 4601 sed
576 4545 612 4599 ut
633 4554 750 4599 sensus
767 4555 844 4599 suos
858 4535 987 4618 longius
1003 4533 1194 4612 extendant,
1247 4536 1287 4599 ad
1302 4536 1427 4601 omnia
1456 4549 1559 4619 regna
1580 4535 1619 4600 de
1641 4535 1759 4617 quibus
1782 4539 1895 4616 postea
1913 4533 2076 4616 loquetur.
2120 4533 2224 4598 Addit

218 4634 252 4690 et
285 4622 492 4689 considerent
524 4640 637 4686 omnes
669 4618 885 4698 calamitates,
926 4641 1009 4702 quae
1043 4618 1194 4686 accidunt
1246 4622 1404 4687 continuo
1426 4631 1508 4704 post,
1539 4620 1679 4704 Rapidus
1699 4618 1842 4686 matoes
1863 4624 1963 4684 terroe
1991 4617 2046 4684 Ua.
2092 4617 2223 4684 Scimus

218 4719 288 4774 tam
319 4708 512 4792 propinquis
545 4727 643 4789 quam
676 4705 863 4788 longinquis
897 4705 1067 4789 gentibus,
1101 4705 1192 4771 testi·
1246 4706 1337 4774 illam
1368 4727 1439 4773 esse
1461 4714 1582 4771 terram
1606 4705 1814 4772 orientalem:
1846 4705 1954 4770 nescio
1977 4724 2036 4770 cur
2056 4703 2222 4787 Hierony·

217 4795 326 4861 monia
360 4815 431 4859 sess
461 4795 529 4858 irae
561 4792 641 4872 Dei,
674 4799 712 4857 ut
744 4801 888 4856 statuant
920 4812 988 4855 non
1022 4791 1108 4856 volvi
1141 4810 1195 4856 res
1246 4814 1322 4858 mus
1350 4792 1486 4857 verterit
1513 4790 1676 4858 Ausiditis
1705 4790 1814 4875 potius
1844 4811 1943 4874 quem
1971 4790 2006 4853 in
2040 4789 2123 4855 libro
2152 4789 2222 4869 lob,

217 4881 382 4946 humanas
420 4879 556 4944 fortuito
594 4900 690 4963 essu,
729 4877 786 4944 sed
819 4877 927 4942 Deum
961 4897 1032 4943 esee
1071 4877 1194 4944 iustum
1247 4878 1324 4960 quia
1351 4877 1438 4942 idem
1467 4897 1585 4943 nomen
1613 4877 1681 4944 illie
1702 4877 1850 4961 ponitur:
1881 4874 1971 4958 atqui
1992 4873 2140 4939 videmus
2161 4873 2222 4939 Iob

217 4965 371 5045 iudicem,
403 4974 436 5029 et
466 4964 579 5031 sedere
609 4969 642 5030 iu
673 4963 776 5043 coeio,
808 4973 843 5027 ut
870 4962 994 5028 scelera
1022 4961 1194 5029 hominum
1246 4963 1348 5028 luisse
1378 4971 1493 5028 netum
1516 4963 1552 5027 in
1575 4975 1667 5048 parts
1690 4961 1852 5040 orientali,
1881 4961 1959 5045 quia
1981 4961 2139 5042 spoliatus
2160 4959 2222 5024 fuit

216 5053 368 5137 castiget.
411 5051 553 5134 Vulgari
579 5051 750 5133 proverbio
780 5047 908 5126 dicitur,
939 5047 1101 5114 Solatium
1124 5069 1194 5116 esse
1246 5049 1356 5116 esuis
1379 5048 1505 5129 vicinis,
1526 5051 1581 5133 qui
1604 5071 1716 5116 omnes
1739 5057 1833 5115 erant
1854 5045 2037 5112 orientales.
2078 5044 2222 5126 Quidam

216 5137 346 5204 miseris
379 5157 481 5220 quum
515 5136 630 5201 vident
663 5135 724 5202 sibi
757 5133 878 5199 multos
911 5153 983 5198 esse
1015 5154 1125 5218 pares,
1156 5147 1195 5202 ut
1244 5143 1365 5220 putant
1393 5155 1465 5200 esse
1493 5144 1619 5219 partem
1650 5135 1843 5201 Armeniae:
1877 5132 1937 5197 scd
1966 5131 2026 5197 vix
2054 5144 2121 5196 tam
2151 5132 2221 5196 lon·

216 5223 413 5308 loquuntur,
446 5221 501 5287 vel
531 5223 651 5286 socios:
691 5220 749 5287 sed
782 5218 880 5305 longe
913 5219 1001 5286 aliud
1034 5223 1193 5303 spectarit
1244 5222 1368 5306 ginqua
1395 5221 1459 5286 fuit
1486 5221 1588 5307 regio.
1640 5220 1725 5287 Nam
1756 5218 1873 5286 Cilicia
1901 5225 2049 5302 respectu
2078 5215 2222 5283 Iudaeae

215 5310 394 5394 propheta:
428 5307 535 5373 noluit
564 5306 650 5374 anim
680 5306 784 5373 lenire
815 5303 959 5372 dolorem
989 5305 1102 5390 populi
1131 5309 1193 5392 sui,
1244 5306 1439 5373 intermedie
1471 5314 1530 5374 est.
1585 5307 1750 5374 Existimo
1783 5305 1883 5389 igitur
1916 5305 2024 5386 potius
2052 5303 2102 5371 Uz
2133 5312 2222 5369 reeta
