5158 6124
217 465 280 532 353
933 466 983 534 IN
1005 465 1254 534 lutttctssatt.
1300 465 1398 534 OAP.
1421 465 1500 532 XX.
2154 469 2224 540 354

217 657 263 722 ite
284 661 324 722 nt
344 656 415 722 sine
436 655 563 724 ratione
583 662 616 722 et
634 656 752 723 iudicio
775 663 965 740 sequeretur
987 655 1190 722 turbulentos
1242 653 1344 721 doneo
1374 675 1432 721 nos
1455 655 1618 722 exhilaret
1639 656 1740 734 Deus,
1775 665 1811 722 ιιι
1841 657 1938 726 ιιιιιι
1969 680 2150 746 exsurgere
2183 663 2222 730 in

217 741 291 808 illos
312 744 464 826 impetus,
495 743 550 824 qui
573 751 683 808 ιιιιιι
706 742 866 827 cogebant
888 744 997 826 ipsum
1020 762 1190 824 erumpere
1242 741 1399 806 laetitiam
1422 752 1454 807 et
1476 743 1641 808 canticum
1664 743 1845 826 gratiarum
1867 747 2012 812 ιιιιιιιι
2080 769 2083 776 ·

217 849 320 912 usqua
337 828 378 894 ed
397 827 508 894 loedas
526 827 753 911 blasphemias.
781 829 898 911 Neque
915 829 1001 893 enim
1019 828 1190 892 extenuari

217 923 327 1001 potest
355 914 440 996 quod
467 913 519 980 hic
542 913 672 993 dicitur,
700 915 779 998 quin
807 914 965 1000 propheto
995 914 1190 997 gravissime
1327 912 1410 978 Heri
1434 913 1576 978 diximus
1599 911 1738 980 describi
1772 914 1833 982 boc
1861 915 1931 982 loeo
1957 918 2113 985 affectum
2143 941 2220 1003 pro·

218 1001 411 1086 pmmverit,
444 1009 481 1064 ut
503 1007 590 1067 esset
618 1000 872 1068 contumeliosus
895 1002 930 1065 in
952 1000 1078 1065 Deum:
1112 1010 1189 1066 sunt
1242 997 1359 1082 phetae
1382 1019 1515 1080 prorsus
1537 999 1804 1082 incompositum:
1828 1002 1905 1085 quia
1927 1023 1993 1068 ιιι
2013 1005 2145 1072 dubium
2165 1015 2218 1074 est

220 1088 308 1153 enim
331 1085 494 1168 desperati
516 1086 658 1154 bominis
680 1107 785 1162 voees,
815 1107 915 1170 quum
937 1084 1103 1152 maledicit
1124 1085 1189 1150 diei
1242 1086 1320 1168 quin
1343 1085 1412 1167 ipse
1434 1086 1532 1150 etiam
1555 1086 1647 1150 lateri
1671 1085 1825 1167 voluerit,
1855 1108 1890 1154 se
1912 1087 2012 1156 inisse
2042 1091 2215 1176 abreptum

219 1194 284 1257 quo
306 1181 402 1238 natus
426 1181 483 1238 est.
530 1172 627 1237 Soliti
657 1173 745 1237 enim
776 1192 904 1254 semper
933 1183 1010 1238 sunt
1041 1172 1190 1238 homines
1242 1170 1383 1253 quadam
1416 1171 1618 1253 intemperie,
1650 1170 1697 1236 ita
1724 1177 1760 1236 ut
1788 1193 1853 1238 non
1882 1186 1968 1240 esset
1995 1177 2047 1242 sui
2075 1197 2216 1260 compos.

219 1259 383 1326 celebrare
405 1277 502 1323 suum
524 1253 677 1340 natalem,
701 1267 733 1324 et
755 1258 817 1325 bec
838 1260 902 1324 init
923 1266 1088 1341 receptum
1112 1257 1190 1322 olim
1242 1256 1419 1322 Redundet
1441 1257 1529 1321 enim
1553 1258 1749 1322 contumelia
1771 1260 1805 1324 in
1828 1255 1947 1340 Deum,
1977 1260 2033 1327 ubi
2055 1265 2217 1346 quispiam

220 1347 382 1410 communi
406 1365 482 1416 usu,
512 1364 628 1427 nempe
651 1351 689 1409 ut
710 1347 884 1427 quotannis
914 1355 1127 1428 agnoscerent
1156 1363 1191 1408 ιι
1243 1342 1409 1408 maledicit
1431 1343 1531 1406 ιιιιιι
1550 1362 1620 1407 ιιι.
1652 1341 1719 1408 Sed
1737 1343 1870 1428 longius
1892 1347 1989 1413 etiam
2009 1348 2220 1433 progreditur

220 1429 338 1497 debere
370 1429 444 1496 Deo
477 1429 715 1496 inaestimabile
748 1431 887 1508 bonum,
920 1429 1006 1514 quod
1041 1428 1190 1514 producti
1243 1449 1344 1512 quum
1366 1427 1470 1508 addit,
1500 1425 1690 1498 Maledictus
1711 1430 1753 1494 st't
1773 1431 1834 1513 ot'r,
1863 1433 1920 1514 pai
1945 1435 2105 1500 ιιιιιιιιῗι
2127 1437 2218 1518 patri

220 1525 329 1584 essent
350 1517 385 1581 in
409 1517 493 1581 hanc
523 1515 628 1581 lucem
651 1515 794 1582 vitalem.
839 1517 951 1598 Quum
980 1517 1082 1600 igitur
1112 1515 1191 1580 baec
1242 1535 1309 1580 meo
1341 1515 1446 1596 filiam
1477 1515 1652 1580 masculum
1685 1536 1749 1580 esse
1780 1522 1900 1582 aetum.
1951 1519 2036 1584 Nam
2069 1519 2123 1587 bio
2152 1543 2218 1587 non

220 1604 264 1670 sit
285 1602 423 1668 materia
448 1601 629 1686 gratiarum
657 1602 802 1680 actionis,
832 1603 887 1668 ubi
909 1604 1133 1668 convertimus
1156 1603 1190 1665 iu
1244 1611 1372 1666 tantum
1401 1603 1435 1664 in
1461 1600 1567 1666 Deum
1597 1601 1750 1685 insurgit,
1781 1602 1957 1668 sedetiam
1988 1605 2140 1688 ingratus
2170 1618 2221 1674 est

219 1687 490 1765 maledictionem,
513 1687 599 1770 quod
621 1687 760 1754 debebat
778 1711 836 1755 nos
851 1689 987 1755 incitare
1003 1688 1044 1754 ad
1060 1687 1192 1753 laudan·
1245 1707 1322 1771 erga
1344 1687 1502 1751 homines.
1541 1685 1630 1768 Quid
1652 1689 1739 1752 enim
1763 1689 1900 1755 meritus
1923 1699 1992 1755 erat
2015 1693 2070 1774 qui
2093 1694 2219 1776 primus

221 1776 298 1841 dum
319 1773 445 1840 Deum:
467 1773 545 1838 hine
567 1784 702 1857 apparet
723 1795 783 1840 nos
806 1795 912 1858 neque
933 1774 1062 1850 mentis,
1086 1793 1192 1856 neque
1244 1774 1398 1839 nuntium
1422 1772 1507 1857 patri
1529 1773 1600 1838 eins
1622 1773 1790 1854 attulerat,
1820 1773 1904 1858 quod
1935 1786 2028 1859 pater
2049 1785 2136 1843 esset
2158 1777 2218 1845 tilii

219 1860 358 1928 rationis
379 1859 520 1942 amplius
543 1881 613 1926 esse
633 1871 806 1943 compotes,
829 1860 885 1927 sod
904 1861 992 1926 buno
1008 1881 1080 1926 esse
1099 1861 1191 1942 quasi
1245 1857 1403 1926 masculi?
1431 1858 1525 1924 Haec
1547 1858 1749 1942 ingratitudo
1769 1859 1905 1926 minime
1928 1861 1991 1926 fuit
2013 1865 2220 1931 excusabilis.

220 1946 417 2029 sacrdegnm
440 1946 580 2010 furorem
603 1956 765 2011 ettamen
789 1968 828 2012 oo
846 1967 947 2030 usque
970 1946 1122 2029 delapsus
1144 1955 1193 2012 est
1244 1946 1291 2010 lit
1312 1946 1390 2011 hinc
1412 1945 1511 2010 etiam
1533 1945 1727 2028 colligimus,
1753 1944 1878 2010 nullam
1901 1946 2000 2014 inisse
2023 1949 2217 2015 moderatio·

220 2032 389 2118 propbeta
419 2033 508 2116 Ergo
526 2032 603 2098 hinc
620 2032 814 2116 colligimus,
833 2043 956 2116 quanta
972 2032 1192 2098 sollicitudine
1244 2054 1320 2098 nem
1339 2033 1373 2096 in
1392 2030 1510 2097 affeetu
1532 2030 1719 2114 prophetae,
1741 2031 1798 2096 sed
1816 2053 1949 2116 prorsus
1968 2041 2099 2100 caecum
2118 2036 2220 2104 fuisse

219 2120 333 2186 debeat
362 2117 500 2201 quisque
521 2127 674 2184 nostrum
700 2120 957 2202 circumspicere,
986 2140 1029 2184 ne
1050 2118 1191 2201 abripia-
1243 2120 1413 2201 impetum,
1431 2116 1488 2199 qui
1504 2116 1611 2200 ipsum
1631 2117 1671 2182 ad
1689 2137 1784 2184 voces
1800 2129 1870 2183 tam
1888 2119 2145 2189 inconsideratas
2162 2124 2221 2188 im·

219 2226 294 2270 mur
326 2203 498 2270 immodico
531 2206 665 2278 affectu,
706 2209 744 2269 ut
777 2225 890 2271 sumus
924 2206 1190 2286 intemperantes.
1244 2205 1337 2289 pulit.
1382 2203 1468 2268 Nam
1491 2204 1525 2268 ιι
1548 2203 1609 2269 hoo
1632 2211 1701 2269 toto
1723 2224 1873 2270 sermone
1904 2205 1995 2271 nulla
2022 2209 2136 2290 pictas,
2164 2230 2221 2274 ne·

219 2291 353 2358 Interea
375 2291 488 2368 fateor,
522 2295 556 2354 ot
582 2289 756 2374 diligenter
789 2292 890 2356 etiam
922 2291 1101 2357 notandum
1131 2299 1190 2374 est,
1244 2311 1306 2374 que
1338 2290 1528 2356 humanitas
1559 2297 1713 2372 apparet:
1746 2288 1812 2366 sed,
1846 2291 2121 2373 quemadmodum
2154 2295 2220 2359 iem

220 2388 346 2444 rectum
367 2376 467 2442 luisse
489 2375 685 2460 principium
709 2377 806 2442 huius
828 2377 897 2444 aeli.
932 2376 1093 2458 Quamvis
1113 2397 1191 2461 ergo
1245 2377 1324 2454 dixi,
1353 2383 1421 2440 tam
1444 2375 1523 2454 Deo,
1553 2395 1650 2458 quam
1680 2376 1868 2442 bominibus
1898 2377 2049 2462 ingratus
2072 2389 2122 2445 est
2143 2399 2221 2463 pro·

220 2461 380 2547 propbeta
402 2460 475 2526 Deo
496 2461 626 2544 oblique
654 2460 835 2540 maledicat
866 2467 978 2528 tamen
1000 2461 1098 2528 simul
1122 2463 1192 2527 lon·
1245 2463 1360 2547 pheta:
1384 2471 1417 2526 ιι
1437 2460 1665 2545 hyperbolicas
1687 2481 1794 2527 sermo
1817 2463 1917 2528 etiem
1939 2466 2043 2549 magis
2064 2467 2221 2549 exprimit

220 2557 288 2614 tem
321 2547 527 2614 considerare
559 2555 697 2630 opertet.
752 2549 867 2632 Neque
902 2549 988 2614 enim
1022 2547 1193 2614 maledixit
1245 2548 1336 2614 illem
1354 2547 1557 2626 violentiam,
1579 2548 1636 2629 qui
1653 2547 1810 2613 ιιιιιιαιιιι
1825 2551 1916 2629 petri
1937 2569 2004 2614 ereo
2025 2556 2136 2616 ectum
2155 2571 2222 2617 asse

220 2633 323 2701 natali
345 2654 414 2713 sno,
443 2632 496 2701 ιιι
518 2633 605 2716 quod
626 2633 841 2700 afflictaretur
868 2634 1032 2700 continuis
1062 2635 1194 2714 morbis,
1243 2635 1345 2717 pilium
1366 2633 1558 2700 ιιιιιιιιιιιιιι
1585 2632 1716 2698 videtur
1737 2633 1824 2698 enim
1848 2633 1902 2700 bic
1923 2631 2001 2702 date
2021 2656 2122 2722 opere
2144 2657 2222 2704 oon·

221 2719 274 2788 ιιι
296 2718 385 2802 quod
414 2740 482 2784 non
510 2729 620 2802 posset
648 2722 732 2785 ferre
761 2722 966 2803 pauperiem,
996 2732 1028 2786 ot
1050 2722 1192 2804 inopiam
1246 2741 1363 2804 spuere
1386 2718 1544 2784 adversus
1565 2719 1628 2784 Dei
1652 2720 1783 2802 gratias.
1829 2719 1960 2787 Scimus
1982 2724 2070 2787 enim
2093 2743 2222 2790 masau·

221 2806 273 2872 vel
291 2804 377 2888 quod
398 2807 536 2888 privatis
558 2805 626 2873 suis
645 2806 860 2872 incommodis
884 2816 1088 2891 tangeretur:
1111 2806 1194 2872 nibil
1246 2807 1295 2872 los
1317 2804 1472 2889 praeferri
1505 2805 1654 2870 leminis:
1688 2805 1848 2888 propbeta
1881 2817 1991 2872 autem
2020 2808 2073 2874 hio
2101 2829 2223 2876 nomen

221 2893 288 2958 tale
309 2892 373 2957 luit
392 2892 427 2958 in
449 2891 624 2975 propbeta:
654 2891 711 2957 sed
738 2895 893 2975 quoniam
915 2893 1043 2958 videret
1065 2913 1099 2958 se
1121 2913 1193 2976 per-
1247 2891 1382 2959 masculi
1412 2890 1542 2974 arripit,
1573 2891 1665 2973 quasi
1687 2891 1788 2957 vellet
1812 2890 1897 2974 quod
1928 2891 2085 2960 debuerat
2114 2895 2224 2977 potius

222 2977 299 3044 dere
326 2997 475 3062 operam,
506 2998 607 3060 quum
637 2987 747 3044 tamen
777 2978 918 3044 fideliter
947 2977 1095 3045 studeret
1122 2999 1193 3044 cam
1246 2975 1449 3065 gratitudine
1467 2977 1625 3058 prosequi,
1644 2984 1834 3044 convertere
1849 2977 1885 3042 in
1900 2987 2027 3060 partem
2043 2978 2225 3047 adversam.

221 3061 412 3148 impendere
432 3064 467 3128 in
490 3063 631 3130 salutem
654 3064 780 3147 populi:
805 3064 922 3130 deinde
943 3085 1045 3147 quum
1068 3065 1195 3130 videret
1247 3066 1358 3142 Addit,
1386 3062 1448 3144 Qui
1468 3061 1661 3144 ludificando
1682 3062 1859 3144 &edificavit
1879 3083 1959 3130 eum.
2004 3064 2165 3132 Videmus
2188 3076 2225 3132 ut

222 3150 405 3216 doctrinam
428 3149 491 3214 Dei
521 3150 693 3214 obnoxiam
724 3171 795 3215 esse
824 3151 951 3233 probris
973 3163 1006 3216 et
1028 3151 1193 3234 vitupera·
1247 3152 1383 3217 misceat
1400 3147 1527 3215 eoelum
1545 3157 1662 3225 terrae,
1683 3147 1954 3232 quemadmodum
1972 3151 2075 3236 vulgo
2092 3151 2224 3218 dicitnr:

223 3236 382 3302 tionibus:
404 3255 506 3318 quum
530 3233 658 3302 videret
679 3236 796 3318 impios
818 3237 865 3300 ita
887 3238 1065 3319 procaciter
1087 3236 1194 3302 insur-
1247 3257 1325 3302 nam
1354 3235 1521 3302 siluisset
1550 3237 1584 3300 in
1614 3235 1685 3300 eius
1717 3235 1860 3316 arbitrio,
1895 3256 1998 3319 quum
2032 3237 2085 3304 bio
2115 3238 2226 3304 terror

222 3343 314 3407 gere:
338 3341 439 3404 quum
461 3320 589 3386 videret
611 3330 711 3385 totam
733 3322 887 3404 pietatem
909 3323 955 3387 ita
979 3321 1090 3388 baberi
1115 3321 1196 3386 ludi·
1247 3329 1421 3404 occuparet
1442 3321 1513 3386 eius
1533 3329 1688 3400 mentem,
1719 3333 1807 3388 certe
1835 3322 1998 3388 turbasset
2024 3323 2137 3390 omnia
2156 3323 2226 3390 ele·

223 3408 302 3474 bric.
346 3406 439 3472 Haec
460 3406 563 3489 igitur
585 3407 647 3471 luit
669 3405 790 3472 doloris
819 3427 934 3474 eausa:
968 3407 1045 3474 bine
1074 3409 1195 3474 iactum
1248 3419 1367 3474 menta.
1412 3405 1479 3473 Sed
1533 3408 1643 3473 rarius
1672 3419 1721 3472 ιιι
1750 3405 1836 3490 quod
1865 3409 2024 3490 sequitur,
2057 3417 2091 3475 et
2119 3410 2226 3493 magis

223 3507 281 3572 est,
314 3503 351 3557 ut
371 3501 505 3558 sanetus
529 3493 580 3557 vir
601 3502 787 3576 angeretur.
833 3494 930 3560 Unde
951 3495 1031 3560 satis
1052 3503 1206 3577 apparet,
1248 3493 1481 3570 inordinatum,
1507 3427 1556 3557 ιιι
1571 3495 1623 3557 ιιι·
1640 3494 1703 3572 ille,
1726 3494 1842 3576 inquit,
1865 3499 2017 3576 tanquam
2034 3493 2126 3562 ardea
2144 3514 2227 3575 quos

223 3587 348 3646 rectum
380 3579 481 3644 fuisso
511 3579 709 3662 principium
739 3579 809 3644 zeli.
855 3579 922 3646 Sed
952 3581 997 3645 ita
1027 3599 1196 3646 monemur
1248 3580 1339 3645 Deae
1362 3579 1505 3660 perdidit
1526 3579 1594 3644 sire
1613 3580 1818 3660 poenitentia.
1864 3579 2030 3660 Quemom
2053 3581 2141 3646 enim
2163 3582 2226 3646 im·

223 3668 424 3748 quantopere
453 3667 588 3748 quisque
619 3672 769 3730 nostrum
798 3665 917 3732 debeat
943 3666 1004 3732 sibi
1031 3686 1102 3732 esse
1124 3687 1195 3732 sus·
1249 3681 1399 3749 precatus
1428 3673 1479 3730 est
1507 3665 1642 3730 innoxio
1670 3665 1768 3748 ospiti
1796 3664 1959 3732 Sodomae
1987 3675 2021 3732 et
2043 3666 2227 3732 Gomorrae

223 3761 345 3834 pectus.
391 3750 474 3814 Nam
498 3759 535 3815 ut
555 3749 748 3833 plurimum,
779 3751 856 3816 dum
879 3761 913 3818 et
934 3755 1023 3818 vitae
1046 3773 1105 3818 nos
1128 3763 1196 3818 tae·
1249 3749 1444 3817 interitum?
1478 3749 1607 3816 Deinde
1636 3771 1701 3816 non
1733 3760 1861 3835 tentum
1892 3750 2036 3834 loquitur
2058 3751 2099 3816 de
2120 3772 2227 3835 poena

224 3835 289 3913 det,
311 3847 344 3900 et
361 3845 499 3901 mortem
521 3848 680 3918 optamus,
703 3847 736 3902 et
754 3837 952 3904 detestamur
974 3836 1142 3918 mundum,
1165 3847 1197 3904 et
1250 3837 1361 3919 aliqua
1382 3835 1563 3920 temporali,
1593 3836 1651 3902 sed
1674 3837 1814 3904 devovet
1834 3836 1927 3902 illum
1950 3838 2095 3920 quisquis
2117 3838 2226 3916 fuerit,

223 3920 446 4001 hoemborc,
476 3931 510 3986 et
532 3924 642 3987 omnia
666 3923 728 3988 Dei
759 3923 923 4002 beneficia,
954 3925 1040 3989 unde
1066 3925 1113 3989 ita
1135 3926 1198 3989 im·
1249 3933 1381 3989 aeterno
1410 3922 1519 3988 exitio.
1564 3921 1637 3988 Hoc
1667 3923 1756 3988 enim
1786 3923 1872 3988 ualet
1904 3922 2081 4004 particula,
2116 3923 2227 4004 Neque

224 4018 358 4091 petuoee
381 4007 588 4089 impellimur,
612 4009 675 4075 nisi
698 4009 783 4090 quod
807 4009 860 4074 ιιι
882 4008 1049 4074 fastidium
1072 4010 1107 4074 ιι
1129 4011 1198 4075 ιιι·
1244 4009 1400 4090 poenituit
1418 4009 1539 4088 tpetm:
1556 4009 1648 4090 quasi
1665 4008 1797 4086 diceret,
1814 4007 1907 4074 Deus
1925 4010 2049 4074 saeviat
2066 4010 2102 4073 in
2117 4009 2226 4092 ipsam

224 4094 287 4159 mis
310 4095 430 4159 nostris
452 4113 488 4158 re
513 4093 589 4159 nat?
612 4095 665 4159 ιιι
684 4114 750 4159 ιιι
769 4115 943 4177 pessumus
965 4115 1067 4177 aequo
1091 4096 1197 4160 animo
1251 4095 1372 4177 absque
1402 4093 1470 4160 ulla
1497 4095 1679 4173 clementia,
1709 4105 1743 4158 et
1764 4113 1799 4159 se
1821 4092 1972 4159 ostendat
1999 4114 2134 4176 prorsus
2163 4095 2226 4160 im·

224 4180 310 4245 torre
339 4115 576 4246 contumeiias?
610 4181 661 4246 ιιι
691 4179 776 4261 quod
806 4181 900 4247 nobis
931 4179 1013 4246 dure
1040 4190 1091 4246 ιιι
1119 4199 1198 4263 pau·
1251 4180 1451 4264 placabilem,
1483 4179 1754 4263 quemadmodum
1784 4179 1884 4245 semel
1914 4179 2042 4262 perdite
2071 4181 2133 4246 fuit
2162 4179 2250 4247 Sos

226 4275 352 4350 pertas,
385 4264 438 4330 ιιι
459 4265 547 4347 quod
575 4265 658 4330 aliae
689 4266 858 4332 molestiae
880 4288 939 4333 nos
962 4267 1099 4331 nimium
1122 4287 1197 4350 gra·
1252 4267 1357 4344 dome,
1392 4277 1428 4330 ut
1457 4266 1542 4331 nibil
1575 4265 1736 4348 reliquum
1762 4265 1863 4330 luerit
1883 4267 1963 4348 spei.
2008 4264 2046 4333 Si
2069 4267 2110 4331 de
2132 4267 2226 4333 hoste

226 4360 321 4416 rant:
344 4369 442 4416 nemo
462 4351 645 4434 impellitur
665 4352 734 4417 zelo
757 4351 830 4417 Dei.
869 4351 981 4432 Quum
1003 4353 1106 4436 igitur
1128 4373 1199 4436 pro·
1251 4353 1362 4434 aliquo
1384 4351 1516 4434 capitali
1539 4350 1692 4435 loquutus
1722 4361 1815 4426 esset,
1846 4351 1958 4418 debuit
1986 4357 2097 4418 temen
2128 4373 2227 4435 regn·

224 4436 334 4520 pheta,
362 4438 419 4519 qui
442 4457 547 4520 neque
569 4457 604 4502 se
626 4439 733 4520 ipsum
764 4441 918 4522 respexit,
950 4459 1055 4521 neque
1084 4439 1199 4505 babuit
1251 4437 1316 4504 lam
1340 4449 1460 4515 tenere,
1491 4457 1574 4520 quse
1602 4436 1753 4502 omnibus
1776 4436 1840 4501 Dei
1869 4435 1946 4502 filiis
1976 4439 2226 4520 praescribitur:

225 4523 388 4607 privatam
422 4523 471 4588 ιιι
505 4521 558 4589 ιιι
592 4523 751 4590 commodi
788 4524 839 4589 rel
878 4523 988 4590 damni
1023 4525 1197 4604 rationem,
1251 4545 1340 4589 nunc
1363 4544 1428 4588 non
1453 4523 1550 4589 babet
1573 4521 1659 4606 quod
1682 4524 1867 4588 accusatio
1890 4522 2031 4603 bomine,
2061 4527 2117 4606 qui
2141 4545 2227 4589 nun·

227 4621 335 4674 ιιιιιι
359 4609 406 4673 ιιι
427 4617 640 4691 exasperatus
664 4608 762 4674 luerit
784 4621 817 4674 et
838 4612 1008 4686 exarserit,
1038 4610 1104 4674 imo
1127 4630 1197 4674 cor-
1251 4610 1335 4674 tium
1356 4609 1455 4675 talem
1476 4609 1588 4675 attolit
1609 4609 1703 4690 patri.
1748 4608 1910 4674 Videmus
1939 4629 2017 4694 ergo
2043 4630 2141 4692 quem
2164 4610 2225 4674 im·

226 4703 340 4778 raptus
361 4695 463 4760 tuerit
484 4704 551 4760 tam
574 4695 717 4760 violento
740 4696 876 4778 impetu:
904 4705 992 4762 certe
1014 4715 1053 4760 eo
1076 4697 1198 4761 maiore
1252 4696 1393 4761 maniter
1425 4696 1571 4778 rapiatur
1600 4697 1691 4777 quasi
1722 4714 1842 4760 vesano
1870 4693 2006 4778 impetu.
2052 4695 2119 4761 Sed
2149 4693 2228 4762 hinc

226 4799 306 4846 oure
327 4780 471 4846 intentos
493 4802 553 4847 nos
575 4801 644 4846 osse
667 4779 759 4848 deoet
780 4780 821 4846 ed
844 4781 1040 4848 fraenandcs
1069 4791 1199 4847 nostros
1251 4781 1416 4846 diseamus
1444 4781 1595 4845 fraenare
1622 4790 1749 4846 mature
1779 4799 1892 4846 omnes
1921 4780 2059 4847 affectus
2087 4789 2226 4860 nostros,

227 4866 365 4932 affectus
393 4877 425 4929 et
446 4868 597 4949 quamvis
626 4867 729 4931 multe
757 4866 902 4949 quotidie
932 4867 1024 4932 nobis
1051 4867 1198 4934 accidant
1251 4867 1306 4950 qui
1329 4885 1496 4949 nunqnam
1520 4865 1651 4931 modum
1674 4875 1796 4945 tenent,
1818 4867 1846 4932 si
1864 4865 1930 4932 illis
1951 4865 2170 4949 indulgemus,
2194 4877 2228 4932 et

227 4971 310 5034 quac
328 4961 459 5034 possent
475 4953 526 5017 vel
545 4952 688 5018 taedium
704 4951 793 5017 vitae
809 4972 975 5036 generare,
992 4953 1044 5018 ιιι
1061 4952 1199 5018 obruere
1251 4951 1414 5020 ebulliunt
1442 4953 1543 5017 etiam
1572 4952 1667 5034 quasi
1689 4954 1722 5017 in
1744 4953 1898 5027 fororem,
1929 4951 2014 5036 quod
2042 4961 2130 5017 certe
2152 4971 2226 5035 pro-

227 5055 288 5102 nos
310 5047 401 5102 tanto
423 5037 564 5103 fastidio:
588 5046 625 5104 ut
641 5039 752 5103 omnia
773 5039 841 5103 sint
859 5038 951 5104 nobis
973 5038 1198 5104 detestationi:
1251 5038 1370 5122 phetae
1387 5039 1535 5122 contigit.
1566 5037 1669 5103 Addit
1686 5039 1795 5116 etiam,
1814 5038 1939 5103 Audict
1954 5037 2120 5104 ιιαιιιιινιιιι
2135 5057 2229 5105 marro

228 5121 435 5188 militandum
469 5129 520 5188 est
548 5135 664 5190 contra
696 5124 831 5190 affectus
864 5134 1000 5190 nostros.
1045 5123 1141 5205 Quod
1171 5123 1199 5189 ιι
1250 5130 1278 5190 ιι
1311 5123 1476 5190 tumultum
1511 5125 1650 5190 meridie
1705 5123 1770 5190 Ηιι
1800 5122 1939 5190 devovet
1970 5129 2146 5206 perpetuae
2174 5124 2228 5190 in·

227 5228 270 5273 ne
290 5209 396 5292 primo
419 5207 550 5291 quidem
581 5230 756 5293 congressu
786 5209 947 5293 possimus
976 5230 1035 5276 nos
1059 5211 1198 5286 domare,
1252 5209 1433 5292 quietudini
1463 5210 1626 5276 hominem
1653 5211 1835 5274 innoxium.
1878 5208 1936 5272 Fit
1957 5217 2068 5274 eutem
2088 5229 2228 5276 aurorae

227 5303 261 5358 et
289 5293 441 5378 subigere
471 5294 569 5358 etiam
603 5295 676 5362 illos
705 5296 868 5362 violentos
900 5295 1051 5378 impetus,
1084 5295 1199 5360 saltem
1253 5297 1386 5372 mentio,
1410 5296 1624 5379 quiescimus
1647 5315 1787 5378 pavores
1808 5313 1948 5378 regnare
1966 5303 2067 5360 noctu
2084 5295 2120 5362 in
2138 5305 2229 5362 tenc·

227 5379 379 5464 exemplo
408 5379 588 5463 prophetae
611 5382 730 5446 sensim
762 5379 927 5448 discamus
946 5401 1006 5448 nos
1027 5383 1200 5467 corrigere,
1255 5381 1328 5448 bris.
1375 5380 1413 5449 Si
1435 5381 1512 5467 quid
1534 5381 1679 5447 interdiu
1701 5381 1878 5465 continget,
1901 5382 2091 5464 quaerimus
2110 5382 2229 5450 animis

337 5481 447 5538 Οιιιιιιι·
463 5496 557 5552 opera.
588 5481 840 5539 VothIH.
1992 5481 2027 5538 23
