5038 6118
403 415 443 480 er
1210 419 1594 522 aaauuacmouns
2350 423 2385 488 aa

404 605 463 672 tibi
483 603 557 688 sitit.
601 603 692 672 Dicit
713 605 782 673 Deo
803 609 970 691 conomim,
1000 629 1114 693 nempe
1137 623 1175 674 ut
1202 611 1309 694 ipsum
1337 611 1380 673 ti·
1431 615 1570 676 naturae
1591 632 1727 690 arcane,
1761 633 1826 678 non
1847 619 2028 695 agnoscant
2057 611 2140 695 quod
2171 610 2316 677 omnibus
2344 621 2386 677 ast

407 699 494 757 meat
517 699 605 757 totus
627 692 723 759 orbis.
761 691 903 773 Quidam
927 701 1061 759 vomunt
1084 707 1167 763 nnat
1188 715 1225 761 ac
1244 698 1271 761 si
1294 703 1379 760 esset
1429 696 1465 760 in
1488 697 1674 780 propatulo,
1706 706 1743 762 ut
1764 696 1966 782 loquuntur?
2012 698 2103 763 Deus
2124 699 2212 762 enim
2235 717 2270 762 se
2291 699 2384 760 mani·

408 798 539 855 nomen,
563 789 597 842 at
617 779 781 861 accipiunt
802 799 861 862 pro
884 778 1013 845 decora:
1041 779 1097 845 alii
1118 790 1254 846 vertunt
1275 781 1378 862 impe·
1429 781 1526 848 lestat
1558 783 1656 847 etiam
1689 782 1816 868 idiotis,
1850 784 1947 848 etiam
1980 783 2179 849 mulierculis
2212 795 2245 846 et
2275 784 2384 865 pneris.

409 866 508 942 rium,
542 863 599 929 sed
630 884 696 928 non
724 873 829 948 potest
860 864 920 930 hoc
950 873 1046 930 stare.
1090 865 1181 933 Dicit
1210 887 1287 952 ergo
1311 865 1378 932 Deo
1428 866 1526 932 Nunc
1560 878 1708 933 tenemus
1740 868 1910 935 consilinm
1943 869 2136 952 prophetae,
2177 868 2230 934 ubi
2263 868 2339 933 dicit
2368 889 2386 932 a

408 949 575 1015 musenim.
609 947 719 1031 Quid?
741 951 872 1033 quidam
894 950 1103 1036 subaudiunt,
1129 951 1292 1019 Convenit
1317 951 1377 1018 tibi
1427 951 1526 1018 uultis
1546 953 1731 1036 temporibus
1751 955 1887 1021 similem
1912 955 2014 1037 tuaest
2041 960 2195 1036 repertum
2214 952 2297 1034 Deo,
2327 973 2385 1018 non

408 1035 529 1120 gloria,
562 1037 717 1102 convenit
751 1035 810 1102 tibi
843 1035 1036 1101 dominatio:
1074 1037 1129 1103 sed
1163 1038 1305 1104 refertur
1336 1037 1377 1102 ad
1428 1045 1559 1104 tantum
1582 1041 1616 1103 in
1638 1041 1709 1122 ipsa
1731 1039 1840 1122 plebe,
1874 1041 1926 1106 vel
1956 1042 1991 1104 in
2021 1039 2204 1105 hominibus
2226 1040 2386 1123 gregariis,

407 1120 603 1203 principium
627 1141 750 1187 versus.
797 1122 859 1187 Est
881 1142 959 1206 ergo
980 1143 1126 1206 zeugma,
1149 1122 1233 1207 quod
1255 1123 1378 1189 seilicet
1428 1122 1484 1188 sed
1507 1125 1540 1188 in
1563 1125 1774 1209 sapientibus,
1808 1125 1859 1192 vel
1882 1125 2078 1208 proceribus,
2106 1127 2159 1191 vel
2183 1145 2296 1210 regum
2318 1145 2386 1190 con·

408 1203 500 1270 Dens
524 1205 584 1272 hoc
611 1212 777 1272 mereatur
803 1206 936 1286 saltem,
971 1215 1007 1272 ut
1030 1208 1137 1292 ipsum
1167 1229 1279 1274 omnes
1308 1229 1376 1273 me·
1428 1209 1570 1275 siliariis.
1615 1211 1733 1276 Postea
1754 1211 1853 1289 addit,

406 1296 513 1357 luant.
558 1293 718 1375 Loquitur
739 1313 817 1378 ergo
840 1290 879 1356 de
900 1294 1033 1373 timore,
1062 1302 1094 1359 et
1116 1293 1195 1359 dicit
1216 1294 1377 1360 convenire
1587 1351 1595 1371 ,

407 1375 486 1443 Deo.
530 1375 668 1443 Summa
700 1387 766 1459 est,
799 1377 923 1462 fulgere
955 1379 991 1442 in
1024 1381 1094 1461 ipso
1125 1380 1195 1445 Deo
1228 1381 1375 1463 gloriam,
1513 1382 1542 1448 8.
1566 1380 1612 1445 Et
1630 1382 1666 1446 ia
1686 1401 1748 1447 uno
1770 1383 1858 1449 stulti
1882 1388 1962 1463 suat,
1992 1382 2123 1463 otfctui
2150 1385 2230 1462 suat,
2262 1382 2387 1448 eruditio

407 1484 489 1546 quea
512 1462 553 1529 ad
575 1485 609 1529 se
632 1463 742 1528 trahat
763 1483 877 1528 omnes
900 1485 1016 1530 sensus
1039 1465 1217 1541 bominum,
1240 1464 1376 1549 ideoque
1426 1468 1601 1532 vanitatum
1623 1467 1742 1552 tipaum
1763 1473 1816 1534 eet.

407 1548 557 1633 stupidos
589 1568 675 1628 esse,
709 1550 864 1632 quoniam
898 1570 934 1615 ec
969 1550 1082 1615 relicto
1116 1551 1167 1615 vel
1200 1552 1376 1634 praeterito

407 1653 478 1700 sese
500 1643 698 1702 convertunt
719 1634 841 1700 adsue
862 1647 1052 1712 commenta,
1080 1646 1112 1700 et
1134 1637 1210 1701 deos
1233 1637 1293 1702 sibi
1316 1656 1375 1720 pro
1513 1635 1678 1722 Propheta
1701 1639 1754 1705 hic
1777 1639 1919 1705 ostendit
1940 1660 2006 1705 uno
2021 1639 2120 1706 verbo
2135 1659 2229 1722 posse
2245 1641 2386 1705 convinci

406 1720 541 1786 libidine
573 1739 632 1785 sua
665 1720 834 1785 fabricant.
890 1719 1073 1786 Confirmat
1106 1741 1184 1806 ergo
1216 1723 1376 1807 propheta
1426 1724 1590 1789 maximae
1621 1724 1817 1801 dementiae,
1850 1725 1904 1790 rel
1933 1724 2071 1808 duplicis
2104 1725 2261 1791 stultitiae
2293 1724 2386 1811 (quod

407 1806 493 1890 quod
516 1807 580 1870 iam
603 1805 757 1886 diximus,
785 1826 902 1889 nempe
925 1805 1130 1872 detestabiles
1152 1829 1222 1874 esse
1244 1819 1375 1874 cunctos
1427 1808 1514 1874 idem
1537 1808 1599 1896 est)
1621 1810 1877 1894 sapientissimos
1899 1813 2001 1876 totius
2023 1812 2148 1891 mnndi,
2178 1832 2296 1895 nempe
2319 1833 2386 1894 quo·

406 1892 570 1970 mortales,
594 1893 648 1973 qui
672 1912 785 1956 verum
808 1891 915 1957 Deum
938 1911 1004 1957 non
1027 1893 1138 1957 colunt
1160 1902 1193 1958 et
1208 1904 1374 1960 metuunt:
1427 1895 1514 1960 niam
1548 1915 1659 1960 corum
1693 1916 1854 1963 consensu
1887 1897 2038 1962 dolantur
2072 1899 2178 1963 trunci
2220 1897 2387 1981 lignorum,

407 1979 484 2062 quia
513 1979 550 2041 in
579 1977 682 2060 ipsius
710 1977 814 2060 gloria
844 1983 971 2042 tentum
1001 1977 1137 2062 fulgoris
1166 1981 1305 2057 eminet,
1339 1988 1375 2045 ut
1427 1980 1580 2046 coluntur
1598 1980 1731 2064 lapides.
1769 1981 1853 2047 Nam
1876 1983 1935 2048 sub
1959 2004 2024 2047 una
2046 1983 2153 2066 specie
2170 1983 2387 2066 complectitur

407 2082 540 2128 necesse
560 2061 603 2126 sit
626 2063 804 2146 constringi
827 2084 881 2128 eos
903 2081 1033 2142 omnes,
1063 2065 1118 2147 qui
1146 2087 1244 2130 sensu
1266 2066 1374 2148 aliquo
1426 2065 1525 2130 etiam
1549 2066 1637 2132 elias.
1682 2067 1798 2150 Nemo,
1821 2069 1936 2149 inquit,
1967 2078 2017 2132 est
2039 2079 2104 2133 tam
2128 2069 2310 2152 perspicax,
2337 2067 2387 2151 qui

406 2156 598 2232 tanguntur.
642 2146 800 2231 Sequitur
827 2169 904 2232 ergo
936 2149 1009 2230 plus
1039 2169 1136 2230 quam
1165 2150 1312 2234 stupidos
1342 2161 1375 2216 et
1426 2173 1492 2216 non
1515 2154 1672 2236 approbet
1694 2155 1940 2236 superstitiones
1963 2154 2091 2238 populi,
2125 2158 2180 2237 qui
2205 2175 2271 2220 non
2294 2153 2386 2218 etiam

407 2233 519 2299 brutos
541 2253 628 2313 esse,
657 2234 711 2316 qui
733 2235 781 2299 ita
803 2233 1046 2300 transferuntur
1068 2234 1108 2298 ad
1133 2235 1240 2302 varias
1262 2257 1374 2320 super·
1425 2257 1532 2320 genua
1554 2238 1664 2304 flectat
1686 2257 1794 2303 coram
1817 2239 1907 2322 ligno
1928 2250 1986 2304 aut
2008 2239 2124 2321 lapide.
2161 2241 2299 2322 Reperti
2317 2255 2387 2304 sunt

404 2319 567 2386 stitiones:
602 2318 678 2402 quia
700 2317 792 2384 Deus
814 2317 949 2403 gloriam
980 2340 1072 2385 suam
1104 2322 1223 2405 ubique
1250 2325 1374 2406 conspi·
1425 2323 1556 2404 quidem
1579 2325 1672 2407 pauci
1695 2325 1730 2388 in
1751 2323 1886 2403 mundo,
1915 2325 1970 2407 qui
1992 2327 2136 2390 riderent
2162 2335 2287 2391 tantam
2310 2344 2387 2389 cres·

404 2424 496 2472 cuam
520 2403 670 2484 ostendit,
695 2425 777 2488 quae
799 2416 934 2489 occupet
956 2425 994 2472 ac
1009 2407 1147 2472 retineat
1163 2409 1196 2472 in
1212 2429 1247 2474 se
1261 2429 1374 2473 omnes
1424 2409 1549 2474 sitiem:
1571 2408 1627 2474 sed
1650 2429 1746 2474 nemo
1766 2420 1874 2475 temen
1898 2430 1997 2475 ausus
2019 2412 2081 2476 luit
2095 2411 2199 2494 palem
2214 2413 2388 2494 corrigere:

403 2489 573 2555 hominum
603 2510 736 2573 sensus,
772 2490 834 2555 nisi
862 2492 938 2574 quia
965 2491 1111 2556 vanitate
1143 2513 1202 2558 sua
1229 2494 1293 2558 alio
1321 2516 1374 2558 ra·
1423 2493 1489 2558 imo
1511 2513 1607 2560 namo
1629 2494 1750 2579 aliquid
1772 2495 1886 2561 melius
1903 2497 2024 2561 attulit.
2059 2497 2103 2562 Et
2119 2497 2387 2562 Platonicietiem

404 2577 550 2660 piantur.
592 2575 683 2641 Hinc
706 2576 803 2640 etiam
826 2575 1012 2660 colligimus
1035 2596 1157 2642 vanum
1189 2599 1260 2645 esse
1281 2581 1373 2664 igno·
1425 2579 1601 2664 disputant,
1625 2580 1769 2647 Graecos
1791 2602 1856 2647 non
1879 2580 1937 2646 abs
1959 2603 1994 2647 re
2016 2583 2150 2648 finxisse
2171 2582 2250 2648 deos
2272 2582 2388 2646 similes

404 2663 530 2728 tantiae
552 2669 756 2746 praetextum
778 2661 811 2727 in
827 2661 975 2728 omnibus
990 2661 1175 2729 incredulis.
1209 2664 1374 2730 Videntur
1425 2664 1619 2743 hominibus,
1642 2675 1676 2730 et
1698 2667 1810 2732 dicunt
1832 2668 1867 2730 in
1889 2667 2035 2732 barbaris
2058 2689 2123 2733 non
2146 2669 2245 2734 fuisse
2263 2677 2386 2732 tantum

404 2746 535 2831 quidem
558 2747 663 2830 primo
685 2746 807 2811 intuitu
829 2747 1007 2813 excusandi
1029 2768 1098 2814 esse
1120 2749 1155 2813 in
1177 2771 1235 2816 suo
1253 2771 1373 2828 errore,
1424 2750 1534 2816 iudicii
1557 2761 1593 2816 ut
1615 2753 1809 2836 effingerent
1832 2753 1893 2818 diis
1920 2753 2040 2818 lormas
2069 2763 2162 2837 aptas
2191 2774 2304 2819 eorum
2335 2773 2388 2816 na·

403 2833 480 2917 quia
502 2853 567 2898 non
590 2832 713 2898 luerint
735 2832 849 2909 edooti‚
873 2853 976 2916 neque
992 2854 1135 2916 unquam
1151 2836 1373 2902 intellexerint
1426 2846 1530 2902 turae.
1575 2834 1741 2921 Quidquid
1764 2838 1807 2904 sit
1827 2843 1956 2904 constat
1978 2839 2143 2922 suffragiis
2171 2840 2320 2904 omnium
2342 2858 2387 2904 sa·

403 2918 552 3002 quisnam
582 2927 666 2985 esset
696 2939 794 2984 verus
823 2917 930 3000 Deus,
964 2918 1021 2984 sed
1048 2929 1158 2985 tamen
1188 2921 1309 2989 residet
1338 2925 1373 2987 in
1425 2924 1574 3006 picatum
1588 2943 1715 3006 semper
1753 2923 1882 2990 robetae
1896 2924 1997 2989 luisse
2012 2925 2229 2991 crassissimas
2244 2925 2388 3008 gentium

404 3007 484 3088 ipsis
505 3005 601 3090 culpa
623 3013 689 3070 tem
719 3004 864 3070 malitiae
893 3025 992 3088 quam
1021 3007 1255 3092 negligentiae,
1288 3007 1373 3092 quod
1425 3009 1682 3092 superstitiones.
1763 3010 1818 3073 icit
1839 3029 1917 3093 ergo
1940 3010 2109 3093 propheta,
2130 3032 2195 3076 non
2217 3031 2299 3094 opus
2323 3031 2388 3076 esse

405 3091 527 3156 scilicet
549 3089 629 3173 ipsis
651 3090 748 3155 libuit
766 3091 942 3176 negligere,
967 3091 1018 3157 vel
1033 3097 1242 3161 contemnere
1258 3116 1373 3162 verum
1424 3095 1523 3180 longa
1545 3093 1773 3178 disputatione,
1795 3104 1833 3160 ut
1855 3096 1984 3161 vanitas
2006 3095 2192 3179 sapientum
2211 3095 2387 3181 detegatur.

405 3175 524 3241 Deum.
569 3174 733 3256 Quoniam
766 3197 844 3259 ergo
876 3177 1124 3243 oblectationem
1158 3182 1289 3263 capiunt
1321 3182 1373 3247 in·
1426 3179 1469 3248 Im
1490 3201 1567 3258 uno,
1601 3181 1637 3245 ia
1657 3200 1735 3258 utto,
1768 3180 1883 3265 inquit.
1928 3181 2010 3244 Nam
2039 3180 2165 3264 pondus
2194 3191 2244 3247 est
2271 3183 2304 3247 in
2334 3182 2388 3245 hac

406 3259 529 3328 creduli
558 3261 594 3324 in
627 3261 694 3326 suis
727 3262 905 3343 erroribus,
937 3262 1011 3327 ideo
1040 3265 1179 3329 convicti
1207 3274 1372 3334 tenentur.
1426 3287 1518 3346 voce,
1546 3287 1645 3350 quum
1669 3266 1746 3331 dicit
1769 3285 1818 3333 eos
1839 3265 1949 3332 stultos
1971 3286 2052 3347 esee,
2080 3272 2108 3332 et
2134 3267 2240 3348 fatuos
2265 3269 2300 3332 ia
2323 3288 2388 3333 uuo.

406 3348 452 3412 lit
479 3347 539 3411 boe
569 3344 671 3410 voluit
700 3347 860 3430 prophete
889 3368 991 3431 quum
1022 3345 1106 3412 dixit
1143 3349 1273 3434 dignam
1303 3374 1374 3419 esse
1424 3351 1547 3418 Subest
1568 3353 1657 3416 enim
1679 3353 1864 3418 antithesis:
1887 3353 1980 3434 quasi
2002 3350 2132 3434 diceret,
2155 3355 2227 3437 Ego
2250 3354 2302 3420 hie
2327 3373 2389 3419 non

407 3434 492 3498 hanc
507 3430 643 3516 gloriam
660 3430 880 3517 Deo‚'nempe
903 3443 940 3498 ut
963 3441 1127 3498 metuatur
1149 3435 1189 3501 ab
1213 3438 1373 3504 omnibus.
1425 3448 1597 3503 contexam
1626 3438 1732 3503 multa
1760 3441 1867 3519 capita
1896 3438 2109 3504 accusationis
2144 3438 2300 3505 adversus
2331 3460 2389 3514 eos,

381 3517 452 3586 'llt
474 3538 539 3601 quo
562 3517 679 3582 melius
702 3518 764 3584 hoc
786 3521 964 3600 confirmet,
988 3517 1075 3603 dicit,
1098 3518 1186 3585 Inter
1207 3541 1374 3590 omoeoeu-
1424 3523 1541 3606 quibus
1573 3521 1719 3587 refellam
1753 3542 1864 3587 sorum
1897 3523 2072 3588 stultitias:
2108 3524 2252 3593 sufficiet
2290 3547 2389 3590 unum

301 3616 304 3625 '
402 3604 636 3688 plumescitis
657 3603 798 3669 onmibm
818 3606 930 3690 rapitis,
961 3603 1022 3670 hoc
1043 3613 1101 3684 est,
1128 3607 1163 3671 in
1186 3610 1374 3692 proceribus
1424 3616 1537 3690 caput,
1569 3628 1672 3672 unum
1697 3606 1757 3670 hoc
1780 3606 1913 3672 verbum
1937 3608 2016 3672 satis
2046 3610 2106 3674 erit
2132 3610 2174 3675 ed
2200 3611 2274 3676 illos
2302 3631 2389 3676 coar·

406 3693 462 3774 qui
484 3689 640 3755 videntur
661 3689 782 3773 pollere
805 3691 964 3777 singulari
985 3691 1161 3775 prudentia
1190 3693 1231 3759 ad
1259 3715 1374 3780 regen·
1424 3692 1588 3842 {usndom
1612 3711 1730 3774 nempe
1753 3691 1836 3773 quod
1859 3692 1981 3774 liquem
2002 3699 2046 3759 eet
2063 3695 2193 3762 moditia
2208 3697 2389 3761 condatum.

408 3777 485 3843 dum
513 3784 618 3842 totum
650 3774 828 3854 mundum,
861 3798 926 3842 non
956 3796 1052 3861 posse
1081 3778 1241 3858 inveniri,
1275 3781 1373 3846 alium
1460 3779 1579 3845 iximus
1602 3776 1680 3861 quid
1703 3776 1763 3842 sibi
1786 3778 1866 3842 velit
1894 3777 2072 3862 propheta,
2103 3801 2220 3864 nempe
2248 3781 2391 3865 desipere

407 3865 504 3929 deum
536 3883 606 3928 esse
629 3861 669 3927 ab
692 3861 844 3928 omnibus
866 3862 1013 3928 saeculis.
1058 3862 1143 3928 Nem
1173 3863 1294 3932 iterum
1322 3888 1374 3932 re·
1424 3884 1537 3930 omnes
1558 3865 1730 3948 sapientes,
1752 3867 1806 3946 qui
1830 3884 1984 3930 unacum
1999 3866 2100 3950 vulgo
2115 3866 2252 3932 adorant
2267 3868 2390 3952 ligneos

406 3950 490 4036 petit
510 3947 591 4013 illud
614 3951 692 4043 ittet),
721 3948 761 4013 da
783 3969 847 4032 quo
871 3948 941 4012 heri
971 3946 1129 4016 diximus:
1162 3950 1297 4033 perinde
1325 3962 1374 4018 est
1425 3960 1458 4016 et
1479 3949 1623 4033 lapideos
1646 3948 1732 4015 deos.
1774 3947 1840 4016 Sed
1863 3949 1960 4015 simul
1983 3951 2163 4016 notandum
2186 3966 2235 4018 est
2256 3954 2391 4038 pcndm,

406 4055 444 4101 ac
467 4035 495 4100 si
516 4032 638 4099 diceret
660 4035 834 4117 propheta:
858 4032 1023 4100 Prodeant
1045 4035 1080 4098 in
1103 4036 1244 4102 medium
1263 4058 1373 4104 omnes
1425 4036 1508 4120 qnod
1532 4037 1643 4102 subest
1666 4035 1743 4101 huic
1764 4035 1960 4118 loquutioni:
1985 4035 2143 4122 Eruditio,
2164 4037 2280 4121 inquit,
2301 4040 2392 4106 onai·

406 4123 568 4205 sapientes
590 4130 623 4185 et
644 4119 844 4204 philosophi:
878 4119 1037 4203 prodeant
1061 4141 1171 4188 omnes
1189 4124 1374 4202 consiliarii,
1424 4127 1522 4188 totum
1543 4128 1587 4188 eet
1608 4122 1736 4205 tipuma.
1775 4120 1932 4185 Diximus
1954 4141 2024 4185 esse
2046 4123 2282 4202 synecdochen,
2317 4126 2391 4209 quia

406 4208 463 4291 qui
495 4205 557 4273 sibi
591 4204 673 4269 nihil
706 4226 771 4270 non
804 4205 996 4290 prudentiae
1027 4216 1196 4290 arrogant,
1235 4209 1374 4276 afferant
1425 4209 1485 4273 sub
1508 4207 1597 4291 ligno
1612 4206 1856 4290 comprehendit
1873 4205 2029 4272 Ieremias
2053 4220 2085 4272 et
2107 4207 2239 4292 lapidas,
2261 4219 2296 4276 et
2313 4211 2391 4276 alias

406 4291 564 4378 quidquid
593 4298 763 4375 poterunt:
796 4299 884 4358 certe
915 4290 1007 4356 Deus
1034 4312 1162 4373 semper
1189 4295 1374 4361 vendicabit
1425 4302 1550 4358 statuas
1580 4293 1800 4374 cuiuscunque
1829 4293 1895 4356 sint
1930 4295 2100 4358 materias:
2134 4297 2227 4376 qnasi
2261 4295 2389 4371 diceret,

406 4389 518 4446 contre
539 4379 684 4462 ipsorum
706 4397 810 4461 nugas
832 4399 924 4444 suam
948 4378 1103 4460 gloriam:
1136 4379 1183 4442 ite
1208 4380 1374 4446 discedent
1426 4377 1544 4444 Omnis
1564 4379 1679 4458 forma,
1701 4391 1759 4442 aut
1781 4376 1906 4462 effigies
1925 4396 2089 4460 corporea,
2112 4399 2194 4462 qnae
2209 4380 2282 4447 Deo
2298 4382 2391 4447 affin-

406 4465 540 4540 conlusi,
562 4484 622 4529 nee
644 4463 673 4528 si
695 4463 837 4528 maxime
852 4463 966 4543 velint,
988 4473 1143 4546 poterunt
1157 4469 1267 4530 tamen
1282 4467 1372 4549 quid·
1424 4467 1529 4550 gitur,
1563 4470 1607 4530 eet
1628 4463 1760 4528 meddin
1780 4463 1961 4528 comitatum.
2006 4463 2115 4530 Sumit
2138 4466 2198 4532 hoc
2220 4469 2311 4550 qnasi
2334 4487 2391 4550 pro

406 4572 505 4635 quam
527 4557 641 4616 contra
672 4552 828 4632 excipere.
873 4549 938 4615 His
966 4569 1044 4634 ergo
1074 4550 1180 4615 verbis
1208 4551 1374 4635 significet
1425 4550 1588 4616 confesso:
1622 4558 1791 4613 ettamen
1822 4546 1934 4612 luisset
1963 4546 2003 4612 de
2031 4549 2092 4615 hac
2123 4572 2158 4615 re
2181 4573 2337 4636 magnum
2360 4563 2391 4616 et

405 4635 566 4720 propheta
610 4633 732 4700 trustra
774 4635 888 4701 iactari
939 4636 1080 4700 rationes
1123 4635 1373 4722 philosophicas,
1425 4656 1498 4702 acre
1520 4644 1684 4702 certamen
1718 4655 1791 4700 cum
1824 4633 2024 4715 sapientibus
2058 4636 2186 4718 mundi,
2218 4649 2256 4703 ut
2289 4659 2391 4722 nuper

405 4722 529 4788 frustra
550 4721 648 4786 etiam
671 4720 808 4803 proferri
829 4722 864 4786 iu
887 4720 1213 4802 mediumprocerum
1229 4723 1373 4805 consilia,
1425 4722 1583 4787 diximus:
1607 4718 1662 4783 sed
1686 4718 1845 4802 propheta
1867 4739 1934 4784 non
1957 4718 2110 4803 dignetur
2132 4740 2206 4787 cum
2228 4722 2294 4790 illis
2317 4745 2389 4790 eon-

406 4809 462 4892 qui
495 4808 528 4874 in
558 4807 655 4871 rubus
686 4805 824 4889 politicis
851 4807 968 4873 volunt
997 4807 1121 4872 censeri
1151 4807 1246 4872 valde
1275 4810 1372 4875 acuti.
1424 4807 1525 4892 gredi,
1547 4817 1579 4870 et
1601 4805 1686 4871 serio
1708 4803 1897 4888 disceptare,
1927 4806 2080 4887 quoniam
2101 4829 2153 4874 res
2174 4829 2233 4892 per
2255 4831 2290 4876 se
2311 4811 2390 4876 satis

406 4893 492 4960 Nam
516 4891 698 4971 discedent,
726 4893 850 4977 inquit,
880 4913 993 4958 omnes
1014 4912 1088 4958 cum
1111 4892 1307 4977 ignominie,
1340 4905 1374 4961 et
1423 4912 1584 4976 superque
1607 4899 1683 4954 nota
1705 4890 1761 4969 sit,
1796 4890 1877 4956 nihil
1900 4890 2022 4957 scilicet
2044 4913 2114 4958 esse
2144 4894 2247 4976 magis
2278 4894 2388 4960 absur-

406 4980 546 5060 turpiter
567 4988 724 5060 cogentur
752 4985 878 5056 tacere,
911 4977 967 5044 ubi
990 4977 1082 5043 Deus
1110 4979 1251 5045 ostendit
1280 5001 1372 5046 suam
1425 4980 1517 5057 dum,
1545 4997 1642 5060 quam
1665 4975 1727 5041 coli
1750 4986 1902 5042 truncum
1932 4977 2014 5060 ligni
2044 4979 2096 5043 vel
2123 4978 2274 5064 lapidem.
2319 4980 2389 5045 Iam

405 5064 555 5148 gloriam.
603 5062 705 5147 Atqui
738 5062 843 5147 gloria
876 5064 939 5130 Dei
972 5063 1092 5146 passim
1123 5066 1169 5130 ita
1202 5067 1373 5149 conspicua
1424 5087 1465 5131 ex
1489 5065 1550 5129 hou
1572 5062 1642 5127 loco
1664 5061 1809 5128 elicimus
1831 5062 2016 5145 generalem
2040 5063 2239 5144 doctrinam,
2273 5086 2390 5148 nempe

405 5158 556 5233 apparet,
590 5157 628 5214 ιιι
657 5147 821 5214 rudissimi
851 5149 971 5232 quique
999 5147 1141 5214 debeant
1161 5151 1264 5233 ipsam
1286 5171 1373 5216 com·
1424 5152 1478 5216 ubi
1507 5147 1568 5215 sibi
1596 5147 1711 5213 volunt
1742 5148 1890 5214 homines
1913 5147 2021 5213 Deum
2054 5161 2298 5234 repraesentare
2331 5153 2389 5218 sub

404 5231 615 5319 prehendere.
662 5233 758 5301 Unda
781 5254 858 5317 ergo
880 5234 917 5298 fit
937 5242 975 5298 ιιι
999 5237 1161 5318 sapientes
1190 5237 1245 5318 qui
1275 5256 1374 5318 supra
1424 5237 1534 5320 aliqua
1555 5232 1674 5301 visibili
1695 5234 1808 5311 forms,
1831 5251 1884 5298 eos
1907 5253 1942 5298 se
1964 5236 2121 5300 coniicere
2142 5239 2175 5302 in
2198 5237 2344 5305 fallacias
2359 5246 2389 5302 et

405 5319 512 5387 coelos
535 5319 691 5400 volitant,
723 5329 761 5384 ut
782 5317 964 5403 philosophi
987 5321 1043 5402 qui
1073 5322 1243 5386 excutiunt
1265 5322 1374 5386 omnia
1424 5322 1619 5406 imposturas
1653 5319 1804 5386 Satanae.
1859 5318 2004 5386 Celebris
2044 5331 2094 5387 est
2132 5323 2189 5390 illa
2228 5325 2389 5389 sententia
