5176 6106
360 403 424 469 519
1043 439 1046 447 ·
1171 396 1557 464 Paeanaorlottus
2296 401 2361 464 520

360 613 423 676 que
446 595 560 656 notum
583 590 724 653 nonsit.
769 588 820 652 Tu
843 597 951 653 eutem
974 587 1028 654 hic
1051 587 1186 652 simulas
1209 598 1242 651 te
1264 607 1334 651 esse
1386 587 1492 670 primo
1514 607 1547 652 se
1566 588 1668 669 fuisse
1690 587 1848 665 auditum,
1883 587 1968 670 quod
1999 609 2062 652 non
2094 586 2190 651 debet
2219 589 2294 670 poni
2324 589 2359 651 in

361 697 554 761 praeconem
588 674 765 760 singularis
798 673 959 739 vaticinii:
1001 685 1088 742 certe
1127 669 1214 754 apud
1248 673 1334 737 viros
1386 671 1498 748 laude,
1530 674 1616 738 acsi
1640 674 1801 755 patienter
1822 674 2005 739 sacerdotes
2035 686 2066 737 et
2096 673 2275 756 prophetae
2304 693 2360 738 au·

362 763 539 846 prudentes
560 761 719 826 iactantia
743 760 822 824 baec
844 759 1030 825 censebitur
1052 759 1195 842 puerilis.
1240 758 1335 823 Pote—
1387 759 1512 822 dissent
1544 757 1628 842 qnod
1663 758 1808 824 docebat.
1864 758 1963 824 Nulla
1996 759 2083 823 enim
2118 759 2181 823 tuit
2213 759 2246 823 in
2280 761 2359 842 ipsis

362 859 438 914 rant
459 869 535 932 ergo
557 847 591 911 in
614 845 702 911 hunc
725 845 855 909 modum
880 845 976 928 loqui.
1011 844 1077 912 Sed
1100 843 1260 927 propbeta
1282 843 1335 908 hic
1386 842 1545 923 docilitas,
1569 863 1676 926 neque
1693 846 1789 908 etiam
1806 847 1911 927 parati
1928 844 2172 910 addiscendum
2190 855 2359 927 venerant,

361 934 506 1000 breviter
527 931 674 997 retundit
695 931 902 996 insolentiam
921 931 1011 996 illam
1031 929 1150 995 stultae
1168 949 1334 1006 censurae,
1386 930 1442 993 sed
1466 928 1592 1013 pridem
1615 945 1828 995 assueverant
1857 931 1897 996 ad
1928 930 2182 1006 contumaciam,
2214 937 2250 994 ut
2271 931 2359 996 Iere-

362 1018 515 1094 dioendo,
553 1017 614 1083 Vos
636 1022 739 1083 crum
760 1035 820 1082 eoa
848 1017 1002 1082 audiatis:
1035 1018 1126 1099 quasi
1158 1014 1279 1080 diceret
1301 1035 1335 1080 se
1386 1015 1469 1079 miss
1500 1014 1566 1080 illis
1594 1027 1680 1081 esset
1712 1025 1868 1098 tanquam
1904 1017 2070 1099 professus
2102 1015 2222 1094 hostis,
2255 1027 2288 1079 et
2310 1016 2358 1080 illi

363 1127 427 1171 non
450 1104 572 1169 frustra
594 1104 693 1168 luisse
715 1102 861 1180 missum,
884 1104 939 1185 qui
963 1101 1002 1166 de
1026 1125 1060 1167 re
1077 1112 1234 1184 tanquam
1250 1120 1335 1165 nova
1386 1101 1485 1165 etiam
1509 1099 1663 1165 audenter
1685 1122 1720 1167 ao
1743 1109 1945 1184 opponerent
1966 1101 2118 1167 omnibus
2148 1102 2220 1166 eius
2248 1103 2358 1166 minis.

363 1201 395 1256 et
428 1190 560 1256 insolite
589 1190 687 1254 verbe
720 1188 857 1268 laceret,
890 1189 1042 1270 quoniam
1076 1187 1200 1253 scilicet
1221 1184 1335 1250 Iudaei
1386 1184 1453 1251 Sed
1477 1187 1551 1269 qnia
1573 1186 1716 1270 pudebat
1738 1187 1825 1270 ipsos
1848 1187 1980 1253 reiicers
2003 1187 2088 1270 quod
2118 1187 2266 1252 dicturus
2287 1199 2360 1252 erat

244 1305 247 1312 ’
363 1285 464 1342 totam
486 1275 592 1359 legem
615 1280 838 1355 corruperant,
869 1271 945 1338 dum
969 1274 1102 1338 fuerant
1123 1272 1334 1355 immorigeri,
1386 1271 1554 1354 prophete,
1576 1271 1808 1337 ideoformam
1832 1272 1973 1354 aliquam
1996 1274 2180 1350 observant,
2203 1272 2358 1354 quemad·

363 1372 397 1428 et
425 1361 596 1443 indociles,
630 1369 664 1425 et
695 1358 870 1435 increduli,
904 1369 938 1424 et
970 1368 1233 1440 contempserant
1267 1363 1335 1422 tam
1386 1355 1517 1422 modum
1552 1357 1731 1442 hypocritis
1765 1368 1814 1422 est
1846 1359 1989 1424 solenne.
2045 1357 2130 1422 Nam
2172 1357 2245 1440 plus
2278 1358 2359 1423 satia

362 1446 469 1532 legem
492 1446 555 1511 Dei
578 1467 674 1529 qnam
697 1443 884 1528 prophetes.
1386 1443 1506 1506 curiosi
1528 1455 1608 1509 sunt
1629 1443 1663 1508 in
1687 1445 1758 1527 ipsa
1780 1446 1893 1523 forma,
1917 1457 1953 1508 ut
1975 1444 2169 1526 loquuntur:
2193 1442 2249 1510 sed
2273 1444 2358 1526 quod

1387 1530 1597 1611 praecipuum
1615 1541 1665 1594 ost
1680 1528 1865 1613 negligunt.
1898 1529 1928 1594 N
1931 1541 2058 1594 otemns
2073 1549 2160 1613 orgo,
2175 1530 2360 1595 sacerdotes

450 1617 524 1682 Non
548 1617 713 1700 potuimus
736 1615 808 1680 heri
831 1614 1336 1699 absolverepropbetaesenten-
1387 1624 1421 1677 et
1450 1613 1625 1698 prophetas
1654 1635 1719 1679 non
1750 1615 1876 1680 laudari
1907 1617 2000 1698 quasi
2028 1635 2099 1681 sese
2128 1616 2359 1693 continuerint,

363 1703 462 1782 tiam,
495 1704 571 1786 qnia
602 1702 752 1766 obstabat
785 1704 936 1784 angustia
969 1700 1134 1782 temporis.
1182 1699 1336 1766 Diximus
1388 1699 1489 1764 donoc
1512 1709 1682 1785 perspecta
1703 1721 1801 1766 causa
1822 1701 2008 1783 proferrent
2030 1721 2122 1766 suam
2146 1702 2359 1766 sententiam:

364 1798 474 1854 autem
508 1787 702 1872 prophetam
737 1789 783 1853 sic
817 1787 1026 1851 denuntiasse
1060 1785 1237 1850 vindictam
1274 1787 1334 1850 Dei
1387 1786 1443 1849 aad
1474 1786 1625 1867 qnoniam
1659 1784 1809 1853 adstabat
1842 1796 1930 1852 totus
1964 1787 2121 1870 populus,
2155 1787 2196 1852 ad
2230 1795 2359 1869 tempus

365 1873 503 1959 populo,
536 1883 573 1938 ut
606 1885 715 1938 tamen
750 1873 857 1954 aliqua
890 1871 1060 1937 dulcedine
1096 1871 1213 1937 leniret
1245 1871 1333 1935 illam
1388 1871 1449 1935 sibi
1472 1873 1629 1936 moderati
1649 1882 1743 1937 snut:
1778 1872 1839 1936 fuit
1860 1885 1971 1937 tamen
2002 1873 2077 1937 ficta
2106 1871 2163 1937 illa
2192 1872 2358 1948 modestia,

367 1961 587 2043 asperitatem,
610 1980 650 2024 ne
673 1957 796 2025 scilicet
817 1959 998 2041 desperatio
1022 1957 1172 2022 redderet
1194 1975 1249 2022 eos
1267 1979 1335 2022 rna·
1387 1959 1538 2039 quoniam
1563 1958 1738 2042 turgebant
1760 1979 1873 2023 eorum
1895 1957 1994 2022 corda
2023 1956 2191 2040 impietate
2221 1969 2253 2022 et
2282 1980 2358 2023 con·

367 2047 417 2129 gis
440 2051 656 2122 contumaces,
680 2065 762 2127 quos
783 2043 911 2110 volebat
926 2045 1055 2108 flectere
1071 2044 1111 2108 ad
1126 2041 1336 2125 obsequium:
1389 2050 1514 2125 temptu
1541 2042 1619 2120 Dei,
1657 2043 1928 2125 quemadmodum
1959 2063 1995 2107 re
2025 2045 2095 2125 ipse
2124 2045 2239 2126 patuit.
2292 2043 2359 2110 Sed

367 2143 400 2194 et
423 2130 567 2196 diximus
589 2151 654 2195 non
684 2131 779 2194 aliter
809 2150 902 2213 posse
932 2131 1025 2194 verbi
1054 2129 1220 2194 ministros
1250 2140 1336 2193 recte
1389 2129 1566 2192 notandum
1608 2139 1655 2194 est
1696 2129 1780 2210 quod
1820 2130 1899 2193 dicit
1936 2129 2109 2194 sacerdotes
2135 2133 2163 2194 et
2189 2129 2360 2210 propbetas

367 2227 493 2282 etcum
518 2219 625 2282 lructu
649 2218 833 2281 concionari
857 2215 897 2278 de
913 2216 1117 2296 poenitentia,
1143 2215 1204 2281 nisi
1221 2214 1334 2279 adiun·
1387 2215 1536 2280 audiisse.
1570 2213 1738 2295 Quantum
1755 2217 1872 2280 attinet
1888 2216 1927 2278 ad
1944 2215 2137 2298 sacerdotes,
2160 2235 2225 2279 non
2241 2216 2359 2280 mirum

366 2310 446 2384 gant
475 2303 572 2367 simul
601 2301 848 2384 promissionem
876 2301 1116 2366 misericordiae
1147 2302 1217 2366 Dei.
1269 2299 1335 2365 Sed
1388 2311 1446 2379 est,
1470 2301 1496 2364 si
1520 2301 1641 2364 luerint
1663 2300 1767 2366 modis
1790 2301 1940 2366 omnibus
1962 2300 2120 2366 scelerati.
2166 2300 2249 2365 Erat
2270 2304 2359 2366 onim

366 2389 443 2470 quia
466 2388 631 2470 negotium
654 2401 724 2451 erat
744 2386 925 2471 prophetae
946 2408 1018 2451 cum
1043 2386 1228 2452 hominibus
1242 2407 1337 2469 prae·
1388 2385 1493 2450 honor
1516 2384 1762 2451 haereditarius.
1808 2385 1873 2451 Sed
1897 2386 2016 2450 mirum
2041 2399 2090 2451 est
2113 2386 2153 2451 de
2182 2388 2358 2470 prophetis.

365 2473 478 2538 fractis
501 2485 533 2538 et
553 2471 830 2555 contemptoribus
855 2471 932 2549 Dei,
967 2472 1111 2556 oportuit
1142 2473 1336 2536 denuntiare
1389 2471 1488 2554 Atqui
1512 2471 1667 2537 Ieremias
1690 2491 1749 2552 per
1771 2474 2010 2536 concessionem
2034 2472 2080 2536 ita
2112 2474 2275 2549 nominat,
2304 2475 2359 2554 qni

366 2557 451 2640 quod
487 2559 618 2622 tandem
653 2558 800 2636 subiicit,
840 2579 957 2640 nempe
998 2557 1157 2622 excidium
1199 2557 1269 2620 urbi
1304 2567 1336 2621 et
1389 2555 1552 2622 iactabant
1573 2579 1608 2622 se
1633 2557 1792 2622 divinitus
1815 2559 1930 2623 missos
1958 2578 2038 2622 osse.
2081 2556 2194 2640 Capite
2214 2558 2256 2622 23
2284 2578 2359 2641 pro·

367 2644 489 2727 templo
511 2644 646 2721 instare,
670 2643 733 2707 nisi
755 2642 1084 2727 statimresipisoant.
1121 2641 1211 2708 Dicit
1226 2652 1335 2707 autern
1389 2643 1454 2706 lixe
1474 2644 1624 2708 invectos
1647 2653 1698 2707 est
1726 2651 1839 2708 contra
1869 2663 1938 2708 eos:
1974 2642 2122 2727 pluribus
2151 2643 2251 2708 etiam
2280 2644 2358 2710 locis
2392 2700 2395 2706 ,

365 2730 490 2795 danum
513 2729 603 2794 illam
622 2731 690 2811 sore
711 2729 814 2796 iactor
838 2727 921 2806 Sile,
952 2738 990 2793 ιιι
1012 2726 1198 2811 exemplum
1222 2741 1337 2813 tangat
1387 2728 1582 2811 perstrinxit
1615 2749 1729 2792 eornm
1762 2728 2017 2811 impudentiam,
2058 2728 2144 2810 quod
2181 2728 2263 2794 falso
2295 2729 2359 2794 Dei

366 2816 511 2898 ipsorum
535 2815 672 2892 animos,
702 2817 779 2897 quia
802 2835 876 2879 arca
901 2812 963 2879 Dei
986 2815 1092 2879 fuerat
1115 2814 1168 2878 diu
1193 2815 1224 2878 in
1249 2814 1334 2880 Silo:
1388 2835 1507 2878 nomen
1531 2814 1752 2878 obtenderent.
1787 2815 1927 2879 'Tribuit
1949 2835 2027 2898 ergo
2048 2813 2115 2878 illis
2145 2813 2358 2880 honorificum

366 2911 399 2964 et
421 2899 511 2965 locus
534 2899 587 2963 ille
612 2909 740 2985 poterat
761 2900 865 2966 rideri
889 2900 1027 2964 nobilior
1045 2909 1177 2982 propter
1194 2910 1334 2965 vetusta·
1388 2900 1529 2974 titulum,
1552 2899 1607 2964 sed
1632 2920 1690 2983 pro
1712 2898 1815 2963 nihilo
1837 2900 1939 2964 ducit:
1969 2900 2239 2982 quomadmodum
2264 2899 2360 2965 hodic

366 2995 441 3050 tem.
476 2986 644 3052 Excellnit
661 2984 792 3071 quidem
809 2985 1020 3070 lerosolyma,
1043 2985 1098 3050 sed
1115 2996 1337 3071 praecesserat
1388 3005 1559 3068 possumus
1578 2985 1698 3068 absque
1717 2985 1840 3051 iectura
1861 3006 1975 3051 vocare
1992 2985 2085 3068 quasi
2104 3005 2162 3069 per
2181 2985 2359 3051 ludibrium

366 3069 453 3138 Silo:
487 3072 551 3136 iam
574 3071 663 3138 locus
685 3070 742 3136 illc
765 3071 912 3138 desertus
935 3081 1022 3137 erat:
1056 3072 1120 3136 imo
1143 3082 1212 3136 erat
1242 3072 1336 3137 triste
1388 3070 1564 3154 praesules,
1588 3083 1620 3136 et
1642 3073 1817 3153 episcopos,
1841 3082 1874 3135 et
1892 3083 2046 3154 pastores,
2070 3073 2125 3153 qui
2145 3072 2225 3136 tales
2243 3071 2360 3136 volunt

365 3167 398 3222 et
430 3155 618 3240 pudendum
648 3157 878 3240 spectaculum.
930 3158 1045 3240 Itaque
1078 3157 1155 3239 ipsis
1185 3158 1336 3241 proponit
1388 3157 1513 3223 censori
1536 3159 1570 3220 in
1592 3168 1730 3240 papatu,
1761 3156 1856 3221 modo
1879 3156 1978 3222 simul
2001 3157 2126 3221 larvam
2151 3158 2229 3240 ipsis
2253 3157 2358 3222 detra-

365 3252 441 3307 ante
468 3242 578 3308 oculos
608 3243 793 3324 exemplum
824 3241 985 3308 vindictae
1015 3241 1095 3317 Dei,
1132 3243 1216 3326 quod
1249 3246 1336 3327 ipsos
1388 3242 1514 3308 hamus.
1549 3242 1616 3325 Ipsi
1639 3251 1746 3307 autem
1771 3243 1934 3326 arripiunt
1955 3242 2098 3320 titulum,
2119 3253 2153 3307 et
2175 3243 2293 3308 volunt
2315 3246 2361 3307 ita

365 3349 493 3412 quoqne
526 3336 647 3394 menet.
704 3329 748 3392 m
780 3328 917 3394 eandem
958 3328 1153 3394 sententiam
1192 3329 1336 3395 vidimus
1388 3330 1571 3412 opprimere
1594 3327 1658 3393 Dei
1693 3330 1865 3394 veritatem
1900 3349 1937 3394 ac
1970 3330 1997 3393 si
2032 3329 2139 3392 vocari
2172 3330 2359 3413 episcopum

364 3435 433 3498 cap.
459 3413 495 3477 ιι
529 3413 581 3480 Ite
608 3416 641 3480 in
673 3413 742 3481 Silo
772 3415 827 3479 ubi
855 3414 917 3478 ιιιιι
945 3434 1021 3479 arca
1050 3413 1195 3479 foederis.
1239 3415 1335 3481 Nunc
1387 3413 1489 3497 pluris
1518 3423 1617 3491 osset,
1652 3434 1748 3496 quam
1783 3413 1935 3497 angelum
1970 3437 1988 3480 e
2020 3414 2110 3480 coelo
2140 3416 2209 3496 ipso
2238 3417 2359 3480 venire.

363 3499 495 3566 brevius
517 3499 662 3584 loquitur
684 3500 858 3584 propheta:
882 3499 958 3582 quia
981 3499 1114 3564 minime
1137 3499 1269 3565 dubium
1286 3511 1336 3565 est
1386 3501 1489 3583 Atqui
1512 3501 1538 3564 si
1563 3499 1699 3582 angelus
1722 3519 1739 3563 e
1762 3500 1851 3566 coelo
1874 3499 2027 3582 prodiret,
2056 3513 2166 3564 tamen
2189 3500 2359 3566 habendus

364 3587 444 3670 quin
483 3587 614 3667 saepius
647 3586 732 3652 hano
765 3584 945 3651 doctrinam
984 3586 1160 3652 iteraverit.
1216 3587 1335 3652 Postea
1387 3596 1472 3651 esset
1494 3586 1587 3650 nobis
1609 3605 1669 3669 pro
1691 3584 1829 3667 diabolo,
1852 3587 1879 3649 si
1903 3585 2063 3668 proferret
2085 3585 2196 3651 foedas
2214 3595 2247 3650 et
2267 3605 2360 3651 exse·

365 3671 465 3753 addit,
488 3670 611 3738 Portam
632 3670 739 3737 urbem
759 3671 838 3737 irone
860 3673 894 3736 iu
916 3671 1173 3753 maledictionem,
1203 3672 1255 3738 vel
1278 3693 1335 3737 ex·
1387 3669 1524 3737 arabiles
1564 3669 1797 3752 blasphemias,
1845 3672 1963 3753 quibus
2008 3671 2158 3736 videmus
2202 3669 2359 3737 mundum

365 3759 579 3824 sacrationem
620 3759 738 3824 cundia
774 3757 917 3840 pentibus
956 3763 1067 3823 terroe.
1124 3757 1197 3824 Hoc
1232 3760 1335 3841 magis
1387 3755 1482 3822 hodie
1505 3759 1757 3822 contaminatum
1782 3777 1851 3822 esse
1875 3756 2004 3821 abillis
2032 3757 2255 3822 nebulonibus.
2301 3758 2361 3823 ’.ιό-

364 3843 567 3909 intolerabile
590 3843 652 3908 fuit
673 3841 816 3925 Iudaeis,
839 3864 938 3925 quum
962 3843 1084 3908 diceret
1102 3843 1257 3909 Ieremias
1280 3865 1334 3908 nr·
1388 3841 1513 3908 nendus
1536 3853 1584 3908 est
1608 3843 1708 3926 igitur
1731 3842 1784 3908 bic
1807 3841 1907 3926 locus,
1931 3853 1968 3907 ut
1990 3842 2127 3920 similes,
2158 3843 2269 3908 titulos
2293 3862 2358 3907 non

363 3930 439 3995 bem
471 3928 560 3994 illam
596 3940 737 4006 tantam,
778 3949 860 4011 quae
892 3940 963 3992 eret
995 3929 1173 3995 sacrarium
1207 3929 1270 3993 Dei
1304 3938 1336 3994 et
1386 3931 1536 3994 sufficere
1560 3928 1623 3992 nisi
1645 3928 1966 4011 quieosobtendnnt
1987 3927 2212 3994 demonstrent
2234 3929 2360 4011 reipsa

365 4015 456 4100 regia
471 4013 572 4094 sedes,
596 4017 664 4079 lore
680 4015 714 4078 in
730 4014 988 4079 maledictionem
1004 4015 1151 4095 prolenis
1166 4017 1334 4098 gentibus:
1388 4015 1469 4080 tales
1491 4035 1525 4080 sc
1548 4035 1628 4089 esse,
1662 4013 1720 4079 boc
1743 4026 1801 4092 est,
1832 4013 2051 4098 respondeant
2078 4033 2156 4078 suae
2187 4014 2359 4080 vocationi.

364 4112 398 4166 et
421 4111 528 4166 tamen
553 4102 629 4182 quia
651 4099 741 4166 Deus
764 4099 797 4164 id
821 4099 1044 4179 mandaverat,
1075 4101 1174 4165 libore
1203 4102 1336 4168 innotus
1389 4101 1578 4166 Promiscue
1610 4101 1720 4181 itaque
1750 4111 1884 4165 vocatus
1917 4100 1979 4164 luit
2001 4100 2157 4164 Ieremias
2189 4100 2358 4182 propbeta,

363 4194 414 4250 eat
436 4207 493 4252 suo
523 4186 638 4252 officio.
683 4185 780 4250 Nunc
810 4185 959 4267 sequitur
988 4185 1066 4266 quid
1097 4186 1256 4252 mercedis
1285 4208 1336 4252 re·
1389 4195 1422 4249 et
1445 4185 1499 4250 alii
1522 4186 1730 4266 impostores,
1761 4185 1879 4268 quibus
1902 4194 2012 4250 tamen
2035 4185 2126 4250 nulla
2153 4197 2223 4249 erat
2246 4185 2359 4270 religio

364 4271 487 4338 tulerit.
1388 4290 1596 4353 corrumpere
1618 4277 1652 4334 et
1674 4284 1860 4352 pervertere
1882 4271 1963 4354 legis
1985 4271 2176 4336 doctrinam.
2211 4269 2277 4336 Sed
2299 4270 2359 4336 boo

1389 4355 1507 4422 dieitur
1530 4367 1678 4438 respectu
1709 4357 1829 4440 populi.
1875 4355 2005 4422 Interea
2031 4355 2210 4440 prudenter
2238 4355 2358 4422 discor·

452 4441 481 4505 7.
504 4439 548 4505 Ei
568 4442 736 4507 audieruut
757 4442 930 4508 sacerdotes
952 4445 979 4506 ei
999 4439 1178 4524 prophetoe,
1207 4447 1236 4507 el
1257 4446 1337 4508 totus
1388 4461 1466 4508 nare
1486 4442 1640 4507 convenit
1661 4440 1747 4507 inter
1768 4440 1943 4525 prophetas
1966 4452 1999 4506 et
2021 4441 2177 4520 doctores,
2205 4442 2358 4525 quemad·

356 4527 498 4614 populus
521 4525 689 4592 Ieremiom
711 4528 879 4610 loquentem
900 4546 1057 4592 ammones
1085 4525 1140 4591 boe
1169 4529 1205 4591 ic
1226 4528 1337 4609 templo
1388 4527 1519 4593 modurn
1554 4530 1651 4592 etiam
1686 4526 1841 4592 admonet·
1880 4529 2045 4612 apostolus
2080 4526 2124 4612 (1.
2148 4527 2291 4603 Inani,
2317 4527 2358 4612 1),

363 4615 504 4681 leuatae.
1388 4635 1506 4698 nempe
1539 4611 1716 4678 videndum
1749 4633 1820 4680 esse
1852 4633 1895 4678 en
1933 4613 2067 4697 spiritus
2106 4635 2147 4678 ex
2182 4612 2253 4679 Deo
2291 4615 2359 4680 sint

449 4700 478 4766 8.
510 4697 554 4764 Er
572 4700 690 4780 focium
711 4705 769 4778 est,
802 4719 899 4782 quum
925 4698 1046 4780 finisset
1069 4699 1222 4764 laoniae
1251 4699 1336 4781 loqui
1387 4720 1499 4766 neone.
1545 4698 1691 4764 Tandem
1714 4700 1790 4766 dicit
1811 4719 1844 4766 se
1865 4701 1966 4782 fuisse
1994 4701 2179 4765 damnarem
2208 4720 2230 4763 c
2259 4719 2360 4765 socer·

364 4806 563 4870 quaeeunque
589 4785 796 4851 mondaverat
825 4783 977 4861 Ieiovola,
1014 4790 1049 4850 ul
1077 4784 1253 4867 loqueretur
1282 4787 1336 4850 toti
1386 4787 1508 4852 dotibus
1529 4785 1742 4869 repropinata,
1772 4790 1878 4851 etlam
1892 4785 2031 4866 populo:
2060 4786 2226 4850 interserit
2248 4795 2358 4850 tamen

355 4873 483 4955 populo,
506 4871 797 4955 comprehenderunt
818 4873 923 4953 ipsum
945 4871 1131 4953 sacerdotes,
1161 4879 1189 4936 et
1203 4871 1335 4954 propbe—
1386 4872 1475 4937 illem
1500 4873 1702 4956 particulam,
1725 4891 1758 4937 se
1779 4870 1940 4954 loquelam
1961 4891 2027 4936 erse
2048 4890 2247 4954 quaeeunque
2268 4870 2359 4936 Deae

361 4963 418 5037 tae,
441 4963 470 5023 ct
490 4962 571 5023 totus
588 4958 736 5042 populus,
758 4957 894 5037 dicendo,
918 4955 1021 5023 Morte
1043 4956 1196 5022 maioris.
1385 4959 1607 5026 mondaverat:
1637 4957 1684 5023 ita
1706 4959 1848 5023 breviter
1869 4956 2062 5041 perstringit
2088 4957 2280 5023 iniustitiam
2305 4979 2358 5022 eo·

1386 5065 1473 5124 rum,
1508 5065 1527 5110 a
1559 5045 1678 5127 quibus
1710 5044 1884 5109 damnatus
1918 5055 1982 5118 est,
2017 5042 2102 5124 quod
2137 5042 2260 5108 scilicet
2292 5065 2358 5108 non

446 5130 512 5196 Hie
534 5132 650 5196 recitat
673 5129 833 5214 propheta
855 5128 960 5211 qualis
984 5138 1121 5195 eventus
1150 5129 1332 5213 contigerit,
1386 5131 1607 5214 spectaverint
1629 5130 1705 5214 qnid
1729 5139 1852 5197 rectum
1876 5138 1971 5209 esset,
1993 5138 2031 5192 ιιι
2055 5148 2131 5192 mox
2151 5129 2356 5194 videbimus?

360 5225 533 5299 postquam
553 5217 687 5299 pertulit
707 5215 768 5280 Dei
789 5213 953 5298 mandata,
975 5226 1007 5279 ct
1022 5215 1161 5282 fideliter
1177 5215 1334 5301 populum
1384 5215 1441 5282 sed
1464 5229 1503 5282 ut
1525 5216 1704 5282 attulerant
1725 5225 1916 5296 conceptum
1939 5215 2058 5291 odium,
2087 5213 2134 5278 ita
2156 5216 2359 5281 evomuerint

359 5302 544 5386 obiurgavit
568 5303 662 5369 minis
685 5302 813 5381 additis,
834 5299 1035 5367 sioutiDeus
1058 5302 1209 5368 iusserat.
1244 5302 1334 5370 Dicit
1385 5302 1471 5385 quod
1496 5323 1560 5368 non
1584 5312 1735 5388 poterant
1763 5301 1886 5366 diutius
1915 5301 2009 5366 ferre.
2055 5299 2173 5366 Postea
2201 5302 2357 5385 seqnitur,
