<?xml version="1.0" encoding="UTF-8"?>
<!DOCTYPE html PUBLIC "-//W3C//DTD XHTML 1.0 Transitional//EN"
    "http://www.w3.org/TR/xhtml1/DTD/xhtml1-transitional.dtd">
<html xmlns="http://www.w3.org/1999/xhtml" xml:lang="en" lang="en">
 <head>
  <title>
</title>
<meta http-equiv="Content-Type" content="text/html;charset=utf-8" />
  <meta name='ocr-system' content='tesseract 3.04.00' />
  <meta name='ocr-capabilities' content='ocr_page ocr_carea ocr_par ocr_line ocrx_word'/>
</head>
<body>
  <div class='ocr_page' id='page_1' title='image "./corpusreformato14melagoog_0167.png"; bbox 0 0 5134 6124; ppageno 0'>
   <div class='ocr_carea' id='block_1_1' title="bbox 371 425 2359 502">
    <p class='ocr_par' dir='ltr' id='par_1_1' title="bbox 371 425 2359 502">
     <span class='ocr_line' id='line_1_1' title="bbox 371 425 2359 502; baseline -0.007 0"><span class='ocrx_word' id='word_1_1' title='bbox 371 435 436 502; x_wconf 82' lang='lat'><strong>303</strong></span> <span class='ocrx_word' id='word_1_2' title='bbox 1176 425 1565 494; x_wconf 71' lang='lat' dir='ltr'><strong>PRAELEOTIONES</strong></span> <span class='ocrx_word' id='word_1_3' title='bbox 2303 433 2359 499; x_wconf 84' lang='grc'><strong>304</strong></span> 
     </span>
    </p>
   </div>
   <div class='ocr_carea' id='block_1_2' title="bbox 362 614 2362 1121">
    <p class='ocr_par' dir='ltr' id='par_1_2' title="bbox 362 614 2362 1121">
     <span class='ocr_line' id='line_1_2' title="bbox 362 614 2360 702; baseline -0.003 -11"><span class='ocrx_word' id='word_1_4' title='bbox 362 625 573 702; x_wconf 87' lang='lat' dir='ltr'><strong>Deieuram,</strong></span> <span class='ocrx_word' id='word_1_5' title='bbox 596 629 717 686; x_wconf 80' lang='lat' dir='ltr'><strong>utnon</strong></span> <span class='ocrx_word' id='word_1_6' title='bbox 740 616 897 702; x_wconf 89' lang='lat' dir='ltr'><strong>praebere</strong></span> <span class='ocrx_word' id='word_1_7' title='bbox 919 635 1030 682; x_wconf 91' lang='lat' dir='ltr'><strong>aurem</strong></span> <span class='ocrx_word' id='word_1_8' title='bbox 1061 614 1256 700; x_wconf 86' lang='lat' dir='ltr'><strong>prophetae,</strong></span> <span class='ocrx_word' id='word_1_9' title='bbox 1285 615 1343 698; x_wconf 93' lang='lat' dir='ltr'><strong>qui</strong></span> <span class='ocrx_word' id='word_1_10' title='bbox 1395 615 1537 695; x_wconf 67' lang='lat' dir='ltr'><strong>fontem,</strong></span> <span class='ocrx_word' id='word_1_11' title='bbox 1570 625 1712 699; x_wconf 86' lang='lat' dir='ltr'><strong>quantae</strong></span> <span class='ocrx_word' id='word_1_12' title='bbox 1742 614 1899 682; x_wconf 74' lang='lat' dir='ltr'><strong>stultitiae</strong></span> <span class='ocrx_word' id='word_1_13' title='bbox 1929 615 2008 694; x_wconf 90' lang='lat' dir='ltr'><strong>erit,</strong></span> <span class='ocrx_word' id='word_1_14' title='bbox 2042 615 2153 700; x_wconf 85' lang='lat' dir='ltr'><strong>proeul</strong></span> <span class='ocrx_word' id='word_1_15' title='bbox 2180 635 2304 684; x_wconf 89' lang='lat' dir='ltr'><strong>eurrere</strong></span> <span class='ocrx_word' id='word_1_16' title='bbox 2323 619 2360 686; x_wconf 89' lang='lat' dir='ltr'><strong>ad</strong></span> 
     </span>
     <span class='ocr_line' id='line_1_3' title="bbox 362 699 2361 786; baseline -0.003 -10"><span class='ocrx_word' id='word_1_17' title='bbox 362 711 495 776; x_wconf 82' lang='lat' dir='ltr'><strong>futurus</strong></span> <span class='ocrx_word' id='word_1_18' title='bbox 517 715 589 773; x_wconf 87' lang='lat' dir='ltr'><strong>erat</strong></span> <span class='ocrx_word' id='word_1_19' title='bbox 610 703 675 770; x_wconf 88' lang='lat' dir='ltr'><strong>illis</strong></span> <span class='ocrx_word' id='word_1_20' title='bbox 696 702 812 771; x_wconf 84' lang='lat' dir='ltr'><strong>salutis</strong></span> <span class='ocrx_word' id='word_1_21' title='bbox 834 701 1007 769; x_wconf 73' lang='lat' dir='ltr'><strong>minister?</strong></span> <span class='ocrx_word' id='word_1_22' title='bbox 1041 700 1207 784; x_wconf 77' lang='lat' dir='ltr'><strong>Quoniam</strong></span> <span class='ocrx_word' id='word_1_23' title='bbox 1230 709 1342 767; x_wconf 90' lang='lat' dir='ltr'><strong>autem</strong></span> <span class='ocrx_word' id='word_1_24' title='bbox 1395 699 1569 785; x_wconf 85' lang='lat' dir='ltr'><strong>petendam</strong></span> <span class='ocrx_word' id='word_1_25' title='bbox 1591 701 1732 786; x_wconf 81' lang='lat' dir='ltr'><strong>nquam?</strong></span> <span class='ocrx_word' id='word_1_26' title='bbox 1771 700 1912 784; x_wconf 79' lang='lat' dir='ltr'><strong>Deinde,</strong></span> <span class='ocrx_word' id='word_1_27' title='bbox 1934 703 2034 768; x_wconf 88' lang='lat' dir='ltr'><strong>etiam</strong></span> <span class='ocrx_word' id='word_1_28' title='bbox 2057 701 2084 767; x_wconf 89' lang='lat' dir='ltr'><strong>si</strong></span> <span class='ocrx_word' id='word_1_29' title='bbox 2106 722 2150 768; x_wconf 86' lang='lat' dir='ltr'><strong>ex</strong></span> <span class='ocrx_word' id='word_1_30' title='bbox 2173 701 2244 768; x_wconf 89' lang='lat' dir='ltr'><strong>loeo</strong></span> <span class='ocrx_word' id='word_1_31' title='bbox 2265 703 2361 772; x_wconf 85' lang='lat' dir='ltr'><strong>rieiuu</strong></span> 
     </span>
     <span class='ocr_line' id='line_1_4' title="bbox 362 786 2362 880; baseline -0.003 -18"><span class='ocrx_word' id='word_1_32' title='bbox 362 796 438 880; x_wconf 91' lang='lat' dir='ltr'><strong>plus</strong></span> <span class='ocrx_word' id='word_1_33' title='bbox 460 813 559 878; x_wconf 91' lang='lat' dir='ltr'><strong>quam</strong></span> <span class='ocrx_word' id='word_1_34' title='bbox 581 790 673 858; x_wconf 92' lang='lat' dir='ltr'><strong>surdi</strong></span> <span class='ocrx_word' id='word_1_35' title='bbox 695 796 730 854; x_wconf 86' lang='lat' dir='ltr'><strong>et</strong></span> <span class='ocrx_word' id='word_1_36' title='bbox 746 786 868 872; x_wconf 77' lang='lat' dir='ltr'><strong>stupidi</strong></span> <span class='ocrx_word' id='word_1_37' title='bbox 887 796 992 869; x_wconf 84' lang='lat' dir='ltr'><strong>erant,</strong></span> <span class='ocrx_word' id='word_1_38' title='bbox 1016 786 1182 854; x_wconf 87' lang='lat' dir='ltr'><strong>eonvertit</strong></span> <span class='ocrx_word' id='word_1_39' title='bbox 1198 808 1235 852; x_wconf 90' lang='lat' dir='ltr'><strong>se</strong></span> <span class='ocrx_word' id='word_1_40' title='bbox 1250 787 1343 854; x_wconf 91' lang='lat' dir='ltr'><strong>Deus</strong></span> <span class='ocrx_word' id='word_1_41' title='bbox 1396 807 1482 871; x_wconf 90' lang='lat' dir='ltr'><strong>aqua</strong></span> <span class='ocrx_word' id='word_1_42' title='bbox 1503 808 1571 853; x_wconf 90' lang='lat' dir='ltr'><strong>non</strong></span> <span class='ocrx_word' id='word_1_43' title='bbox 1599 787 1771 866; x_wconf 88' lang='lat' dir='ltr'><strong>seaturiat,</strong></span> <span class='ocrx_word' id='word_1_44' title='bbox 1805 795 1917 854; x_wconf 90' lang='lat' dir='ltr'><strong>tamen</strong></span> <span class='ocrx_word' id='word_1_45' title='bbox 1945 790 2030 854; x_wconf 86' lang='lat' dir='ltr'><strong>fluat</strong></span> <span class='ocrx_word' id='word_1_46' title='bbox 2059 809 2078 854; x_wconf 90' lang='lat' dir='ltr'><strong>e</strong></span> <span class='ocrx_word' id='word_1_47' title='bbox 2107 786 2299 874; x_wconf 90' lang='lat' dir='ltr'><strong>longinquo,</strong></span> <span class='ocrx_word' id='word_1_48' title='bbox 2328 799 2362 856; x_wconf 90' lang='lat' dir='ltr'><strong>nt</strong></span> 
     </span>
     <span class='ocr_line' id='line_1_5' title="bbox 363 873 2361 965; baseline -0.002 -19"><span class='ocrx_word' id='word_1_49' title='bbox 363 881 560 965; x_wconf 88' lang='lat' dir='ltr'><strong>adgentes:</strong></span> <span class='ocrx_word' id='word_1_50' title='bbox 598 875 806 960; x_wconf 74' lang='lat' dir='ltr'><strong>Interrogata,</strong></span> <span class='ocrx_word' id='word_1_51' title='bbox 834 875 957 958; x_wconf 91' lang='lat' dir='ltr'><strong>inquit,</strong></span> <span class='ocrx_word' id='word_1_52' title='bbox 991 874 1043 941; x_wconf 86' lang='lat' dir='ltr'><strong>vel</strong></span> <span class='ocrx_word' id='word_1_53' title='bbox 1066 873 1231 957; x_wconf 78' lang='lat' dir='ltr'><strong>quaerite,</strong></span> <span class='ocrx_word' id='word_1_54' title='bbox 1263 875 1344 939; x_wconf 80' lang='lat' dir='ltr'><strong>inter</strong></span> <span class='ocrx_word' id='word_1_55' title='bbox 1396 876 1537 939; x_wconf 88' lang='lat' dir='ltr'><strong>retineat</strong></span> <span class='ocrx_word' id='word_1_56' title='bbox 1559 895 1678 958; x_wconf 90' lang='lat' dir='ltr'><strong>purum</strong></span> <span class='ocrx_word' id='word_1_57' title='bbox 1701 875 1864 958; x_wconf 85' lang='lat' dir='ltr'><strong>liquorem</strong></span> <span class='ocrx_word' id='word_1_58' title='bbox 1887 887 1920 940; x_wconf 88' lang='lat' dir='ltr'><strong>et</strong></span> <span class='ocrx_word' id='word_1_59' title='bbox 1941 873 2106 959; x_wconf 77' lang='lat' dir='ltr'><strong>trigidum,</strong></span> <span class='ocrx_word' id='word_1_60' title='bbox 2129 874 2204 957; x_wconf 88' lang='lat' dir='ltr'><strong>quis</strong></span> <span class='ocrx_word' id='word_1_61' title='bbox 2220 895 2282 940; x_wconf 91' lang='lat' dir='ltr'><strong>nou</strong></span> <span class='ocrx_word' id='word_1_62' title='bbox 2295 895 2361 942; x_wconf 89' lang='lat' dir='ltr'><strong>eon·</strong></span> 
     </span>
     <span class='ocr_line' id='line_1_6' title="bbox 362 958 2362 1121; baseline -0.002 -89"><span class='ocrx_word' id='word_1_63' title='bbox 362 973 484 1121; x_wconf 53' lang='lat' dir='ltr'><strong>lamm&#39;</strong></span> <span class='ocrx_word' id='word_1_64' title='bbox 512 985 556 1031; x_wconf 84' lang='lat' dir='ltr'><strong>an</strong></span> <span class='ocrx_word' id='word_1_65' title='bbox 576 963 648 1045; x_wconf 81' lang='lat' dir='ltr'><strong>qais</strong></span> <span class='ocrx_word' id='word_1_66' title='bbox 670 961 807 1027; x_wconf 69' lang='lat' dir='ltr'><strong>audimt</strong></span> <span class='ocrx_word' id='word_1_67' title='bbox 826 960 952 1043; x_wconf 75' lang='lat' dir='ltr'><strong>aliquid</strong></span> <span class='ocrx_word' id='word_1_68' title='bbox 972 959 1060 1028; x_wconf 81' lang='lat' dir='ltr'><strong>tale?</strong></span> <span class='ocrx_word' id='word_1_69' title='bbox 1094 959 1188 1043; x_wconf 80' lang='lat' dir='ltr'><strong>quasi</strong></span> <span class='ocrx_word' id='word_1_70' title='bbox 1211 958 1342 1036; x_wconf 88' lang='lat' dir='ltr'><strong>dieeret,</strong></span> <span class='ocrx_word' id='word_1_71' title='bbox 1397 965 1509 1025; x_wconf 90' lang='lat' dir='ltr'><strong>tentus</strong></span> <span class='ocrx_word' id='word_1_72' title='bbox 1531 960 1595 1026; x_wconf 89' lang='lat' dir='ltr'><strong>erit</strong></span> <span class='ocrx_word' id='word_1_73' title='bbox 1616 960 1676 1026; x_wconf 93' lang='lat' dir='ltr'><strong>tali</strong></span> <span class='ocrx_word' id='word_1_74' title='bbox 1698 960 1807 1046; x_wconf 79' lang='lat' dir='ltr'><strong>aquai</strong></span> <span class='ocrx_word' id='word_1_75' title='bbox 1829 969 1864 1027; x_wconf 90' lang='lat' dir='ltr'><strong>et</strong></span> <span class='ocrx_word' id='word_1_76' title='bbox 1878 962 1905 1026; x_wconf 90' lang='lat' dir='ltr'><strong>si</strong></span> <span class='ocrx_word' id='word_1_77' title='bbox 1922 961 2004 1026; x_wconf 86' lang='lat' dir='ltr'><strong>velit</strong></span> <span class='ocrx_word' id='word_1_78' title='bbox 2018 961 2124 1044; x_wconf 88' lang='lat' dir='ltr'><strong>ipsum</strong></span> <span class='ocrx_word' id='word_1_79' title='bbox 2140 960 2362 1046; x_wconf 88' lang='lat' dir='ltr'><strong>seaturiginem</strong></span> 
     </span>
    </p>
   </div>
   <div class='ocr_carea' id='block_1_3' title="bbox 365 1045 2382 4146">
    <p class='ocr_par' dir='ltr' id='par_1_3' title="bbox 365 1045 2372 3006">
     <span class='ocr_line' id='line_1_7' title="bbox 398 1045 2362 1136; baseline -0.004 -18"><span class='ocrx_word' id='word_1_80' title='bbox 398 1074 442 1119; x_wconf 90' lang='lat' dir='ltr'><strong>on</strong></span> <span class='ocrx_word' id='word_1_81' title='bbox 463 1050 598 1136; x_wconf 76' lang='lat' dir='ltr'><strong>litigabo</strong></span> <span class='ocrx_word' id='word_1_82' title='bbox 621 1047 762 1130; x_wconf 89' lang='lat' dir='ltr'><strong>amplius</strong></span> <span class='ocrx_word' id='word_1_83' title='bbox 788 1067 863 1112; x_wconf 92' lang='lat' dir='ltr'><strong>eum</strong></span> <span class='ocrx_word' id='word_1_84' title='bbox 890 1047 964 1114; x_wconf 89' lang='lat' dir='ltr'><strong>istis</strong></span> <span class='ocrx_word' id='word_1_85' title='bbox 993 1045 1099 1112; x_wconf 91' lang='lat' dir='ltr'><strong>brutis</strong></span> <span class='ocrx_word' id='word_1_86' title='bbox 1129 1045 1342 1112; x_wconf 88' lang='lat' dir='ltr'><strong>animalibus:</strong></span> <span class='ocrx_word' id='word_1_87' title='bbox 1396 1055 1522 1129; x_wconf 84' lang='lat' dir='ltr'><strong>petere,</strong></span> <span class='ocrx_word' id='word_1_88' title='bbox 1566 1066 1676 1113; x_wconf 89' lang='lat' dir='ltr'><strong>nonne</strong></span> <span class='ocrx_word' id='word_1_89' title='bbox 1708 1067 1823 1114; x_wconf 91' lang='lat' dir='ltr'><strong>omnes</strong></span> <span class='ocrx_word' id='word_1_90' title='bbox 1856 1046 2010 1113; x_wconf 91' lang='lat' dir='ltr'><strong>ridebunt</strong></span> <span class='ocrx_word' id='word_1_91' title='bbox 2042 1047 2142 1113; x_wconf 86' lang='lat' dir='ltr'><strong>talem</strong></span> <span class='ocrx_word' id='word_1_92' title='bbox 2175 1047 2362 1113; x_wconf 76' lang='lat' dir='ltr'><strong>amentiam?</strong></span> 
     </span>
     <span class='ocr_line' id='line_1_8' title="bbox 365 1131 2364 1218; baseline -0.002 -14"><span class='ocrx_word' id='word_1_93' title='bbox 365 1137 459 1206; x_wconf 89' lang='lat' dir='ltr'><strong>nulla</strong></span> <span class='ocrx_word' id='word_1_94' title='bbox 485 1138 574 1202; x_wconf 94' lang='lat' dir='ltr'><strong>euim</strong></span> <span class='ocrx_word' id='word_1_95' title='bbox 603 1135 686 1200; x_wconf 84' lang='lat' dir='ltr'><strong>ratio</strong></span> <span class='ocrx_word' id='word_1_96' title='bbox 716 1132 823 1199; x_wconf 90' lang='lat' dir='ltr'><strong>loeum</strong></span> <span class='ocrx_word' id='word_1_97' title='bbox 856 1131 970 1211; x_wconf 90' lang='lat' dir='ltr'><strong>habet,</strong></span> <span class='ocrx_word' id='word_1_98' title='bbox 1004 1131 1060 1200; x_wconf 90' lang='lat' dir='ltr'><strong>sed</strong></span> <span class='ocrx_word' id='word_1_99' title='bbox 1094 1139 1227 1214; x_wconf 86' lang='lat' dir='ltr'><strong>gentes,</strong></span> <span class='ocrx_word' id='word_1_100' title='bbox 1260 1151 1343 1214; x_wconf 91' lang='lat' dir='ltr'><strong>quae</strong></span> <span class='ocrx_word' id='word_1_101' title='bbox 1398 1133 1499 1216; x_wconf 84' lang='lat' dir='ltr'><strong>Atqui</strong></span> <span class='ocrx_word' id='word_1_102' title='bbox 1523 1131 1614 1198; x_wconf 91' lang='lat' dir='ltr'><strong>Deus</strong></span> <span class='ocrx_word' id='word_1_103' title='bbox 1636 1141 1708 1199; x_wconf 88' lang='lat' dir='ltr'><strong>erat</strong></span> <span class='ocrx_word' id='word_1_104' title='bbox 1729 1134 1833 1199; x_wconf 88' lang='lat' dir='ltr'><strong>instar</strong></span> <span class='ocrx_word' id='word_1_105' title='bbox 1854 1133 1925 1199; x_wconf 81' lang='lat' dir='ltr'><strong>vivi</strong></span> <span class='ocrx_word' id='word_1_106' title='bbox 1954 1134 2067 1214; x_wconf 83' lang='lat' dir='ltr'><strong>fontis,</strong></span> <span class='ocrx_word' id='word_1_107' title='bbox 2100 1137 2135 1200; x_wconf 88' lang='lat' dir='ltr'><strong>et</strong></span> <span class='ocrx_word' id='word_1_108' title='bbox 2155 1131 2364 1218; x_wconf 81' lang='lat' dir='ltr'><strong>lerosolymae</strong></span> 
     </span>
     <span class='ocr_line' id='line_1_9' title="bbox 365 1217 2364 1306; baseline -0.003 -16"><span class='ocrx_word' id='word_1_109' title='bbox 365 1224 440 1292; x_wconf 85' lang='lat' dir='ltr'><strong>luae</strong></span> <span class='ocrx_word' id='word_1_110' title='bbox 462 1221 699 1306; x_wconf 88' lang='lat' dir='ltr'><strong>intelligentiae</strong></span> <span class='ocrx_word' id='word_1_111' title='bbox 721 1226 848 1298; x_wconf 84' lang='lat' dir='ltr'><strong>nerent,</strong></span> <span class='ocrx_word' id='word_1_112' title='bbox 879 1223 1037 1302; x_wconf 90' lang='lat' dir='ltr'><strong>poterunt</strong></span> <span class='ocrx_word' id='word_1_113' title='bbox 1059 1227 1159 1282; x_wconf 89' lang='lat' dir='ltr'><strong>testes</strong></span> <span class='ocrx_word' id='word_1_114' title='bbox 1181 1237 1252 1283; x_wconf 90' lang='lat' dir='ltr'><strong>esse</strong></span> <span class='ocrx_word' id='word_1_115' title='bbox 1274 1227 1344 1282; x_wconf 87' lang='lat' dir='ltr'><strong>tam</strong></span> <span class='ocrx_word' id='word_1_116' title='bbox 1397 1229 1470 1283; x_wconf 89' lang='lat' dir='ltr'><strong>erat</strong></span> <span class='ocrx_word' id='word_1_117' title='bbox 1492 1219 1671 1304; x_wconf 85' lang='lat' dir='ltr'><strong>suaturigo,</strong></span> <span class='ocrx_word' id='word_1_118' title='bbox 1700 1217 1788 1284; x_wconf 90' lang='lat' dir='ltr'><strong>unde</strong></span> <span class='ocrx_word' id='word_1_119' title='bbox 1810 1229 1962 1303; x_wconf 88' lang='lat' dir='ltr'><strong>poterant</strong></span> <span class='ocrx_word' id='word_1_120' title='bbox 1984 1219 2025 1286; x_wconf 93' lang='lat' dir='ltr'><strong>ad</strong></span> <span class='ocrx_word' id='word_1_121' title='bbox 2054 1221 2238 1286; x_wconf 88' lang='lat' dir='ltr'><strong>satietatem</strong></span> <span class='ocrx_word' id='word_1_122' title='bbox 2264 1218 2364 1285; x_wconf 89' lang='lat' dir='ltr'><strong>bibere</strong></span> 
     </span>
     <span class='ocr_line' id='line_1_10' title="bbox 366 1303 2364 1391; baseline -0.004 -14"><span class='ocrx_word' id='word_1_123' title='bbox 366 1330 497 1377; x_wconf 89' lang='lat' dir='ltr'><strong>erassae</strong></span> <span class='ocrx_word' id='word_1_124' title='bbox 529 1306 722 1391; x_wconf 88' lang='lat' dir='ltr'><strong>impietatis,</strong></span> <span class='ocrx_word' id='word_1_125' title='bbox 760 1303 1036 1388; x_wconf 76' lang='lat' dir='ltr'><strong>quemadmodum</strong></span> <span class='ocrx_word' id='word_1_126' title='bbox 1069 1303 1175 1387; x_wconf 86' lang='lat' dir='ltr'><strong>eapite</strong></span> <span class='ocrx_word' id='word_1_127' title='bbox 1205 1303 1344 1368; x_wconf 65' lang='lat' dir='ltr'><strong>etiami</strong></span> <span class='ocrx_word' id='word_1_128' title='bbox 1397 1303 1529 1369; x_wconf 92' lang='lat' dir='ltr'><strong>Iudaei:</strong></span> <span class='ocrx_word' id='word_1_129' title='bbox 1564 1304 1682 1370; x_wconf 89' lang='lat' dir='ltr'><strong>deiude</strong></span> <span class='ocrx_word' id='word_1_130' title='bbox 1711 1307 1812 1371; x_wconf 90' lang='lat' dir='ltr'><strong>etiam</strong></span> <span class='ocrx_word' id='word_1_131' title='bbox 1842 1305 1935 1391; x_wconf 88' lang='lat' dir='ltr'><strong>quasi</strong></span> <span class='ocrx_word' id='word_1_132' title='bbox 1956 1326 2015 1389; x_wconf 88' lang='lat' dir='ltr'><strong>per</strong></span> <span class='ocrx_word' id='word_1_133' title='bbox 2036 1305 2167 1372; x_wconf 87' lang='lat' dir='ltr'><strong>nauales</strong></span> <span class='ocrx_word' id='word_1_134' title='bbox 2189 1305 2307 1370; x_wconf 85' lang='lat' dir='ltr'><strong>fluebat</strong></span> <span class='ocrx_word' id='word_1_135' title='bbox 2327 1305 2364 1370; x_wconf 93' lang='lat' dir='ltr'><strong>ad</strong></span> 
     </span>
     <span class='ocr_line' id='line_1_11' title="bbox 365 1388 2364 1478; baseline -0.003 -17"><span class='ocrx_word' id='word_1_136' title='bbox 365 1396 460 1478; x_wconf 85' lang='lat' dir='ltr'><strong>dixit,</strong></span> <span class='ocrx_word' id='word_1_137' title='bbox 482 1395 542 1475; x_wconf 91' lang='lat' dir='ltr'><strong>Ite,</strong></span> <span class='ocrx_word' id='word_1_138' title='bbox 564 1401 736 1478; x_wconf 87' lang='lat' dir='ltr'><strong>peragrate</strong></span> <span class='ocrx_word' id='word_1_139' title='bbox 750 1390 885 1472; x_wconf 91' lang='lat' dir='ltr'><strong>insulas,</strong></span> <span class='ocrx_word' id='word_1_140' title='bbox 901 1399 935 1456; x_wconf 89' lang='lat' dir='ltr'><strong>et</strong></span> <span class='ocrx_word' id='word_1_141' title='bbox 950 1391 1089 1457; x_wconf 86' lang='lat' dir='ltr'><strong>lustrate</strong></span> <span class='ocrx_word' id='word_1_142' title='bbox 1103 1399 1206 1455; x_wconf 90' lang='lat' dir='ltr'><strong>totum</strong></span> <span class='ocrx_word' id='word_1_143' title='bbox 1222 1388 1345 1467; x_wconf 91' lang='lat' dir='ltr'><strong>orbem,</strong></span> <span class='ocrx_word' id='word_1_144' title='bbox 1398 1390 1485 1472; x_wconf 84' lang='lat' dir='ltr'><strong>ipses</strong></span> <span class='ocrx_word' id='word_1_145' title='bbox 1507 1389 1571 1456; x_wconf 94' lang='lat' dir='ltr'><strong>Dei</strong></span> <span class='ocrx_word' id='word_1_146' title='bbox 1601 1391 1831 1471; x_wconf 86' lang='lat' dir='ltr'><strong>benefioentia,</strong></span> <span class='ocrx_word' id='word_1_147' title='bbox 1864 1393 1912 1458; x_wconf 92' lang='lat' dir='ltr'><strong>ita</strong></span> <span class='ocrx_word' id='word_1_148' title='bbox 1942 1403 1980 1460; x_wconf 86' lang='lat' dir='ltr'><strong>ut</strong></span> <span class='ocrx_word' id='word_1_149' title='bbox 2011 1391 2093 1458; x_wconf 93' lang='lat' dir='ltr'><strong>nihil</strong></span> <span class='ocrx_word' id='word_1_150' title='bbox 2126 1391 2206 1475; x_wconf 85' lang='lat' dir='ltr'><strong>ipsis</strong></span> <span class='ocrx_word' id='word_1_151' title='bbox 2240 1391 2364 1457; x_wconf 89' lang='lat' dir='ltr'><strong>deesset.</strong></span> 
     </span>
     <span class='ocr_line' id='line_1_12' title="bbox 367 1474 2366 1564; baseline -0.004 -16"><span class='ocrx_word' id='word_1_152' title='bbox 367 1501 411 1548; x_wconf 86' lang='lat' dir='ltr'><strong>an</strong></span> <span class='ocrx_word' id='word_1_153' title='bbox 434 1480 502 1547; x_wconf 89' lang='lat' dir='ltr'><strong>ulla</strong></span> <span class='ocrx_word' id='word_1_154' title='bbox 523 1500 604 1564; x_wconf 89' lang='lat' dir='ltr'><strong>gens</strong></span> <span class='ocrx_word' id='word_1_155' title='bbox 627 1497 772 1562; x_wconf 89' lang='lat' dir='ltr'><strong>unquam</strong></span> <span class='ocrx_word' id='word_1_156' title='bbox 791 1476 962 1560; x_wconf 81' lang='lat' dir='ltr'><strong>reliquerit</strong></span> <span class='ocrx_word' id='word_1_157' title='bbox 976 1475 1053 1543; x_wconf 89' lang='lat' dir='ltr'><strong>deos</strong></span> <span class='ocrx_word' id='word_1_158' title='bbox 1069 1496 1161 1542; x_wconf 89' lang='lat' dir='ltr'><strong>suos:</strong></span> <span class='ocrx_word' id='word_1_159' title='bbox 1185 1485 1220 1541; x_wconf 90' lang='lat' dir='ltr'><strong>et</strong></span> <span class='ocrx_word' id='word_1_160' title='bbox 1234 1484 1345 1540; x_wconf 84' lang='lat' dir='ltr'><strong>tamen</strong></span> <span class='ocrx_word' id='word_1_161' title='bbox 1398 1474 1558 1541; x_wconf 82' lang='lat' dir='ltr'><strong>Videmus</strong></span> <span class='ocrx_word' id='word_1_162' title='bbox 1589 1497 1667 1562; x_wconf 85' lang='lat' dir='ltr'><strong>ergo</strong></span> <span class='ocrx_word' id='word_1_163' title='bbox 1697 1476 1862 1562; x_wconf 90' lang='lat' dir='ltr'><strong>duplieem</strong></span> <span class='ocrx_word' id='word_1_164' title='bbox 1892 1477 1946 1545; x_wconf 86' lang='lat' dir='ltr'><strong>hie</strong></span> <span class='ocrx_word' id='word_1_165' title='bbox 1973 1479 2150 1545; x_wconf 88' lang='lat' dir='ltr'><strong>amentiam</strong></span> <span class='ocrx_word' id='word_1_166' title='bbox 2177 1479 2307 1560; x_wconf 89' lang='lat' dir='ltr'><strong>eoargui</strong></span> <span class='ocrx_word' id='word_1_167' title='bbox 2334 1477 2366 1541; x_wconf 93' lang='lat' dir='ltr'><strong>iu</strong></span> 
     </span>
     <span class='ocr_line' id='line_1_13' title="bbox 367 1561 2366 1649; baseline -0.003 -16"><span class='ocrx_word' id='word_1_168' title='bbox 367 1588 434 1633; x_wconf 92' lang='lat' dir='ltr'><strong>non</strong></span> <span class='ocrx_word' id='word_1_169' title='bbox 456 1579 537 1633; x_wconf 92' lang='lat' dir='ltr'><strong>sunt</strong></span> <span class='ocrx_word' id='word_1_170' title='bbox 559 1565 621 1630; x_wconf 82' lang='lat' dir='ltr'><strong>dii:</strong></span> <span class='ocrx_word' id='word_1_171' title='bbox 653 1565 747 1647; x_wconf 89' lang='lat' dir='ltr'><strong>quasi</strong></span> <span class='ocrx_word' id='word_1_172' title='bbox 769 1561 907 1644; x_wconf 84' lang='lat' dir='ltr'><strong>diaeret,</strong></span> <span class='ocrx_word' id='word_1_173' title='bbox 941 1565 1084 1628; x_wconf 71' lang='lat' dir='ltr'><strong>Tantum</strong></span> <span class='ocrx_word' id='word_1_174' title='bbox 1116 1561 1204 1629; x_wconf 85' lang='lat' dir='ltr'><strong>valet</strong></span> <span class='ocrx_word' id='word_1_175' title='bbox 1230 1561 1345 1644; x_wconf 89' lang='lat' dir='ltr'><strong>religio</strong></span> <span class='ocrx_word' id='word_1_176' title='bbox 1399 1562 1533 1646; x_wconf 90' lang='lat' dir='ltr'><strong>populo,</strong></span> <span class='ocrx_word' id='word_1_177' title='bbox 1563 1563 1650 1646; x_wconf 93' lang='lat' dir='ltr'><strong>quod</strong></span> <span class='ocrx_word' id='word_1_178' title='bbox 1671 1562 1847 1649; x_wconf 76' lang='lat' dir='ltr'><strong>spernebat</strong></span> <span class='ocrx_word' id='word_1_179' title='bbox 1869 1573 2075 1646; x_wconf 79' lang='lat' dir='ltr'><strong>praesentem</strong></span> <span class='ocrx_word' id='word_1_180' title='bbox 2097 1562 2162 1629; x_wconf 91' lang='lat' dir='ltr'><strong>Dei</strong></span> <span class='ocrx_word' id='word_1_181' title='bbox 2193 1562 2366 1629; x_wconf 87' lang='lat' dir='ltr'><strong>beueiiuen·</strong></span> 
     </span>
     <span class='ocr_line' id='line_1_14' title="bbox 367 1647 2367 1739; baseline -0.003 -21"><span class='ocrx_word' id='word_1_182' title='bbox 367 1652 456 1739; x_wconf 91' lang='lat' dir='ltr'><strong>apud</strong></span> <span class='ocrx_word' id='word_1_183' title='bbox 478 1652 615 1719; x_wconf 89' lang='lat' dir='ltr'><strong>miseros</strong></span> <span class='ocrx_word' id='word_1_184' title='bbox 638 1649 834 1730; x_wconf 86' lang='lat' dir='ltr'><strong>idololatras,</strong></span> <span class='ocrx_word' id='word_1_185' title='bbox 862 1655 900 1713; x_wconf 90' lang='lat' dir='ltr'><strong>ut</strong></span> <span class='ocrx_word' id='word_1_186' title='bbox 921 1659 1076 1716; x_wconf 89' lang='lat' dir='ltr'><strong>maneant</strong></span> <span class='ocrx_word' id='word_1_187' title='bbox 1098 1647 1197 1714; x_wconf 88' lang='lat' dir='ltr'><strong>delixi</strong></span> <span class='ocrx_word' id='word_1_188' title='bbox 1219 1648 1256 1712; x_wconf 93' lang='lat' dir='ltr'><strong>in</strong></span> <span class='ocrx_word' id='word_1_189' title='bbox 1277 1647 1346 1714; x_wconf 89' lang='lat' dir='ltr'><strong>suis</strong></span> <span class='ocrx_word' id='word_1_190' title='bbox 1398 1649 1490 1728; x_wconf 85' lang='lat' dir='ltr'><strong>tiam,</strong></span> <span class='ocrx_word' id='word_1_191' title='bbox 1518 1669 1555 1714; x_wconf 90' lang='lat' dir='ltr'><strong>ae</strong></span> <span class='ocrx_word' id='word_1_192' title='bbox 1578 1651 1605 1716; x_wconf 90' lang='lat' dir='ltr'><strong>si</strong></span> <span class='ocrx_word' id='word_1_193' title='bbox 1628 1651 1702 1733; x_wconf 91' lang='lat' dir='ltr'><strong>quis</strong></span> <span class='ocrx_word' id='word_1_194' title='bbox 1723 1650 1852 1716; x_wconf 81' lang='lat' dir='ltr'><strong>vininus</strong></span> <span class='ocrx_word' id='word_1_195' title='bbox 1875 1651 1979 1716; x_wconf 89' lang='lat' dir='ltr'><strong>monti</strong></span> <span class='ocrx_word' id='word_1_196' title='bbox 2001 1649 2121 1716; x_wconf 84' lang='lat' dir='ltr'><strong>Libani</strong></span> <span class='ocrx_word' id='word_1_197' title='bbox 2143 1647 2247 1714; x_wconf 90' lang='lat' dir='ltr'><strong>nollet</strong></span> <span class='ocrx_word' id='word_1_198' title='bbox 2266 1649 2367 1715; x_wconf 88' lang='lat' dir='ltr'><strong>bibere</strong></span> 
     </span>
     <span class='ocr_line' id='line_1_15' title="bbox 367 1734 2367 1823; baseline -0.003 -17"><span class='ocrx_word' id='word_1_199' title='bbox 367 1737 674 1823; x_wconf 88' lang='lat' dir='ltr'><strong>superstitionibus:</strong></span> <span class='ocrx_word' id='word_1_200' title='bbox 706 1738 783 1820; x_wconf 91' lang='lat' dir='ltr'><strong>quia</strong></span> <span class='ocrx_word' id='word_1_201' title='bbox 805 1736 960 1802; x_wconf 89' lang='lat' dir='ltr'><strong>horribile</strong></span> <span class='ocrx_word' id='word_1_202' title='bbox 983 1743 1033 1802; x_wconf 92' lang='lat' dir='ltr'><strong>est</strong></span> <span class='ocrx_word' id='word_1_203' title='bbox 1053 1734 1130 1814; x_wconf 91' lang='lat' dir='ltr'><strong>illis,</strong></span> <span class='ocrx_word' id='word_1_204' title='bbox 1153 1734 1249 1800; x_wconf 92' lang='lat' dir='ltr'><strong>deum</strong></span> <span class='ocrx_word' id='word_1_205' title='bbox 1273 1755 1345 1799; x_wconf 89' lang='lat' dir='ltr'><strong>mu·</strong></span> <span class='ocrx_word' id='word_1_206' title='bbox 1399 1756 1499 1818; x_wconf 89' lang='lat' dir='ltr'><strong>aquas</strong></span> <span class='ocrx_word' id='word_1_207' title='bbox 1521 1735 1674 1819; x_wconf 88' lang='lat' dir='ltr'><strong>frigidas:</strong></span> <span class='ocrx_word' id='word_1_208' title='bbox 1703 1735 1754 1802; x_wconf 89' lang='lat' dir='ltr'><strong>vel</strong></span> <span class='ocrx_word' id='word_1_209' title='bbox 1776 1737 1804 1802; x_wconf 88' lang='lat' dir='ltr'><strong>si</strong></span> <span class='ocrx_word' id='word_1_210' title='bbox 1828 1737 1900 1820; x_wconf 90' lang='lat' dir='ltr'><strong>quis</strong></span> <span class='ocrx_word' id='word_1_211' title='bbox 1922 1737 2024 1802; x_wconf 90' lang='lat' dir='ltr'><strong>nollet</strong></span> <span class='ocrx_word' id='word_1_212' title='bbox 2045 1735 2178 1800; x_wconf 87' lang='lat' dir='ltr'><strong>haurire</strong></span> <span class='ocrx_word' id='word_1_213' title='bbox 2200 1756 2245 1801; x_wconf 87' lang='lat' dir='ltr'><strong>ex</strong></span> <span class='ocrx_word' id='word_1_214' title='bbox 2265 1735 2367 1818; x_wconf 79' lang='lat' dir='ltr'><strong>fluvio,</strong></span> 
     </span>
     <span class='ocr_line' id='line_1_16' title="bbox 367 1820 2367 1909; baseline -0.003 -18"><span class='ocrx_word' id='word_1_215' title='bbox 367 1833 455 1892; x_wconf 84' lang='lat' dir='ltr'><strong>tare:</strong></span> <span class='ocrx_word' id='word_1_216' title='bbox 479 1824 649 1909; x_wconf 80' lang='lat' dir='ltr'><strong>refugiunt</strong></span> <span class='ocrx_word' id='word_1_217' title='bbox 671 1824 775 1908; x_wconf 87' lang='lat' dir='ltr'><strong>igitur</strong></span> <span class='ocrx_word' id='word_1_218' title='bbox 796 1822 878 1888; x_wconf 93' lang='lat' dir='ltr'><strong>illud</strong></span> <span class='ocrx_word' id='word_1_219' title='bbox 900 1824 992 1908; x_wconf 87' lang='lat' dir='ltr'><strong>quasi</strong></span> <span class='ocrx_word' id='word_1_220' title='bbox 1015 1828 1211 1906; x_wconf 86' lang='lat' dir='ltr'><strong>portentum.</strong></span> <span class='ocrx_word' id='word_1_221' title='bbox 1255 1821 1346 1886; x_wconf 89' lang='lat' dir='ltr'><strong>Hine</strong></span> <span class='ocrx_word' id='word_1_222' title='bbox 1399 1821 1457 1887; x_wconf 90' lang='lat' dir='ltr'><strong>sed</strong></span> <span class='ocrx_word' id='word_1_223' title='bbox 1480 1820 1580 1887; x_wconf 84' lang='lat' dir='ltr'><strong>vellet</strong></span> <span class='ocrx_word' id='word_1_224' title='bbox 1602 1824 1650 1887; x_wconf 90' lang='lat' dir='ltr'><strong>ire</strong></span> <span class='ocrx_word' id='word_1_225' title='bbox 1673 1821 1714 1886; x_wconf 90' lang='lat' dir='ltr'><strong>ad</strong></span> <span class='ocrx_word' id='word_1_226' title='bbox 1736 1822 1858 1887; x_wconf 80' lang='lat' dir='ltr'><strong>fontem</strong></span> <span class='ocrx_word' id='word_1_227' title='bbox 1882 1823 2001 1906; x_wconf 91' lang='lat' dir='ltr'><strong>ipsum.</strong></span> <span class='ocrx_word' id='word_1_228' title='bbox 2047 1821 2158 1903; x_wconf 76' lang='lat' dir='ltr'><strong>Quum</strong></span> <span class='ocrx_word' id='word_1_229' title='bbox 2183 1821 2286 1905; x_wconf 88' lang='lat' dir='ltr'><strong>igitur</strong></span> <span class='ocrx_word' id='word_1_230' title='bbox 2306 1841 2367 1886; x_wconf 93' lang='lat' dir='ltr'><strong>mo·</strong></span> 
     </span>
     <span class='ocr_line' id='line_1_17' title="bbox 367 1905 2368 1994; baseline -0.003 -16"><span class='ocrx_word' id='word_1_231' title='bbox 367 1911 417 1992; x_wconf 83' lang='lat' dir='ltr'><strong>fit,</strong></span> <span class='ocrx_word' id='word_1_232' title='bbox 439 1919 477 1978; x_wconf 89' lang='lat' dir='ltr'><strong>ut</strong></span> <span class='ocrx_word' id='word_1_233' title='bbox 498 1909 622 1977; x_wconf 89' lang='lat' dir='ltr'><strong>addieti</strong></span> <span class='ocrx_word' id='word_1_234' title='bbox 643 1908 711 1976; x_wconf 89' lang='lat' dir='ltr'><strong>siut</strong></span> <span class='ocrx_word' id='word_1_235' title='bbox 732 1910 800 1975; x_wconf 87' lang='lat' dir='ltr'><strong>suis</strong></span> <span class='ocrx_word' id='word_1_236' title='bbox 818 1908 1118 1994; x_wconf 86' lang='lat' dir='ltr'><strong>superstitionibus:</strong></span> <span class='ocrx_word' id='word_1_237' title='bbox 1141 1909 1219 1991; x_wconf 95' lang='lat' dir='ltr'><strong>quia</strong></span> <span class='ocrx_word' id='word_1_238' title='bbox 1236 1905 1346 1972; x_wconf 92' lang='lat' dir='ltr'><strong>Deum</strong></span> <span class='ocrx_word' id='word_1_239' title='bbox 1399 1907 1450 1973; x_wconf 90' lang='lat' dir='ltr'><strong>die</strong></span> <span class='ocrx_word' id='word_1_240' title='bbox 1472 1907 1625 1974; x_wconf 89' lang='lat' dir='ltr'><strong>omuibus</strong></span> <span class='ocrx_word' id='word_1_241' title='bbox 1647 1907 1739 1975; x_wconf 90' lang='lat' dir='ltr'><strong>Deus</strong></span> <span class='ocrx_word' id='word_1_242' title='bbox 1761 1929 1796 1974; x_wconf 91' lang='lat' dir='ltr'><strong>se</strong></span> <span class='ocrx_word' id='word_1_243' title='bbox 1817 1908 1884 1975; x_wconf 91' lang='lat' dir='ltr'><strong>illis</strong></span> <span class='ocrx_word' id='word_1_244' title='bbox 1905 1909 2056 1986; x_wconf 88' lang='lat' dir='ltr'><strong>offerret,</strong></span> <span class='ocrx_word' id='word_1_245' title='bbox 2086 1915 2120 1972; x_wconf 88' lang='lat' dir='ltr'><strong>et</strong></span> <span class='ocrx_word' id='word_1_246' title='bbox 2140 1907 2291 1990; x_wconf 88' lang='lat' dir='ltr'><strong>exposita</strong></span> <span class='ocrx_word' id='word_1_247' title='bbox 2311 1907 2368 1972; x_wconf 90' lang='lat' dir='ltr'><strong>illis</strong></span> 
     </span>
     <span class='ocr_line' id='line_1_18' title="bbox 368 1991 2368 2081; baseline -0.003 -18"><span class='ocrx_word' id='word_1_248' title='bbox 368 2017 467 2081; x_wconf 89' lang='lat' dir='ltr'><strong>quem</strong></span> <span class='ocrx_word' id='word_1_249' title='bbox 490 1996 592 2063; x_wconf 87' lang='lat' dir='ltr'><strong>semel</strong></span> <span class='ocrx_word' id='word_1_250' title='bbox 614 1995 757 2080; x_wconf 84' lang='lat' dir='ltr'><strong>amplexi</strong></span> <span class='ocrx_word' id='word_1_251' title='bbox 778 2005 870 2074; x_wconf 87' lang='lat' dir='ltr'><strong>sunt,</strong></span> <span class='ocrx_word' id='word_1_252' title='bbox 900 1997 993 2062; x_wconf 83' lang='lat' dir='ltr'><strong>nefas</strong></span> <span class='ocrx_word' id='word_1_253' title='bbox 1014 2016 1085 2061; x_wconf 89' lang='lat' dir='ltr'><strong>esse</strong></span> <span class='ocrx_word' id='word_1_254' title='bbox 1106 2001 1226 2077; x_wconf 88' lang='lat' dir='ltr'><strong>putant</strong></span> <span class='ocrx_word' id='word_1_255' title='bbox 1247 1991 1345 2059; x_wconf 92' lang='lat' dir='ltr'><strong>relin·</strong></span> <span class='ocrx_word' id='word_1_256' title='bbox 1399 2003 1486 2059; x_wconf 89' lang='lat' dir='ltr'><strong>esset</strong></span> <span class='ocrx_word' id='word_1_257' title='bbox 1508 1995 1579 2060; x_wconf 88' lang='lat' dir='ltr'><strong>eius</strong></span> <span class='ocrx_word' id='word_1_258' title='bbox 1602 1993 1798 2074; x_wconf 88' lang='lat' dir='ltr'><strong>liberalitas,</strong></span> <span class='ocrx_word' id='word_1_259' title='bbox 1831 1994 1913 2062; x_wconf 86' lang='lat' dir='ltr'><strong>haeo</strong></span> <span class='ocrx_word' id='word_1_260' title='bbox 1943 1995 2004 2060; x_wconf 84' lang='lat' dir='ltr'><strong>fuit</strong></span> <span class='ocrx_word' id='word_1_261' title='bbox 2025 1995 2124 2059; x_wconf 90' lang='lat' dir='ltr'><strong>nimis</strong></span> <span class='ocrx_word' id='word_1_262' title='bbox 2146 1992 2244 2060; x_wconf 84' lang='lat' dir='ltr'><strong>foeda</strong></span> <span class='ocrx_word' id='word_1_263' title='bbox 2272 2001 2303 2059; x_wconf 90' lang='lat' dir='ltr'><strong>et</strong></span> <span class='ocrx_word' id='word_1_264' title='bbox 2322 1993 2368 2057; x_wconf 92' lang='lat' dir='ltr'><strong>in·</strong></span> 
     </span>
     <span class='ocr_line' id='line_1_19' title="bbox 369 2079 2369 2168; baseline -0.003 -20"><span class='ocrx_word' id='word_1_265' title='bbox 369 2105 488 2168; x_wconf 88' lang='lat' dir='ltr'><strong>quere:</strong></span> <span class='ocrx_word' id='word_1_266' title='bbox 521 2103 589 2148; x_wconf 92' lang='lat' dir='ltr'><strong>nou</strong></span> <span class='ocrx_word' id='word_1_267' title='bbox 611 2091 690 2149; x_wconf 88' lang='lat' dir='ltr'><strong>suut</strong></span> <span class='ocrx_word' id='word_1_268' title='bbox 718 2092 831 2149; x_wconf 89' lang='lat' dir='ltr'><strong>tamen</strong></span> <span class='ocrx_word' id='word_1_269' title='bbox 853 2081 913 2148; x_wconf 91' lang='lat' dir='ltr'><strong>dii:</strong></span> <span class='ocrx_word' id='word_1_270' title='bbox 947 2080 1088 2167; x_wconf 90' lang='lat' dir='ltr'><strong>populus</strong></span> <span class='ocrx_word' id='word_1_271' title='bbox 1116 2089 1225 2146; x_wconf 85' lang='lat' dir='ltr'><strong>autem</strong></span> <span class='ocrx_word' id='word_1_272' title='bbox 1254 2100 1346 2145; x_wconf 90' lang='lat' dir='ltr'><strong>meus</strong></span> <span class='ocrx_word' id='word_1_273' title='bbox 1399 2080 1595 2147; x_wconf 88' lang='lat' dir='ltr'><strong>exousabilis</strong></span> <span class='ocrx_word' id='word_1_274' title='bbox 1628 2079 1809 2164; x_wconf 88' lang='lat' dir='ltr'><strong>dementia,</strong></span> <span class='ocrx_word' id='word_1_275' title='bbox 1850 2082 1985 2148; x_wconf 85' lang='lat' dir='ltr'><strong>reiieere</strong></span> <span class='ocrx_word' id='word_1_276' title='bbox 2017 2101 2119 2165; x_wconf 88' lang='lat' dir='ltr'><strong>aquas</strong></span> <span class='ocrx_word' id='word_1_277' title='bbox 2150 2081 2309 2157; x_wconf 85' lang='lat' dir='ltr'><strong>fluentes,</strong></span> <span class='ocrx_word' id='word_1_278' title='bbox 2339 2087 2369 2144; x_wconf 89' lang='lat' dir='ltr'><strong>ot</strong></span> 
     </span>
     <span class='ocr_line' id='line_1_20' title="bbox 368 2165 2368 2254; baseline -0.004 -18"><span class='ocrx_word' id='word_1_279' title='bbox 368 2169 585 2254; x_wconf 90' lang='lat' dir='ltr'><strong>reliquitme,</strong></span> <span class='ocrx_word' id='word_1_280' title='bbox 608 2166 852 2252; x_wconf 84' lang='lat' dir='ltr'><strong>quisumlons</strong></span> <span class='ocrx_word' id='word_1_281' title='bbox 875 2167 1103 2253; x_wconf 82' lang='lat' dir='ltr'><strong>aquaevivae.</strong></span> <span class='ocrx_word' id='word_1_282' title='bbox 1141 2166 1233 2231; x_wconf 89' lang='lat' dir='ltr'><strong>Idem</strong></span> <span class='ocrx_word' id='word_1_283' title='bbox 1257 2185 1346 2231; x_wconf 91' lang='lat' dir='ltr'><strong>nune</strong></span> <span class='ocrx_word' id='word_1_284' title='bbox 1399 2166 1524 2232; x_wconf 83' lang='lat' dir='ltr'><strong>fontem</strong></span> <span class='ocrx_word' id='word_1_285' title='bbox 1546 2168 1665 2250; x_wconf 92' lang='lat' dir='ltr'><strong>ipsum.</strong></span> <span class='ocrx_word' id='word_1_286' title='bbox 1710 2167 1808 2232; x_wconf 90' lang='lat' dir='ltr'><strong>Nune</strong></span> <span class='ocrx_word' id='word_1_287' title='bbox 1830 2175 1981 2235; x_wconf 89' lang='lat' dir='ltr'><strong>tenemus</strong></span> <span class='ocrx_word' id='word_1_288' title='bbox 2003 2186 2164 2234; x_wconf 89' lang='lat' dir='ltr'><strong>summam</strong></span> <span class='ocrx_word' id='word_1_289' title='bbox 2189 2167 2286 2232; x_wconf 91' lang='lat' dir='ltr'><strong>huius</strong></span> <span class='ocrx_word' id='word_1_290' title='bbox 2302 2165 2368 2232; x_wconf 87' lang='lat' dir='ltr'><strong>loei.</strong></span> 
     </span>
     <span class='ocr_line' id='line_1_21' title="bbox 368 2252 2370 2340; baseline -0.002 -20"><span class='ocrx_word' id='word_1_291' title='bbox 368 2257 488 2340; x_wconf 89' lang='lat' dir='ltr'><strong>repetit</strong></span> <span class='ocrx_word' id='word_1_292' title='bbox 510 2255 583 2322; x_wconf 88' lang='lat' dir='ltr'><strong>aliis</strong></span> <span class='ocrx_word' id='word_1_293' title='bbox 605 2254 714 2320; x_wconf 87' lang='lat' dir='ltr'><strong>verbis</strong></span> <span class='ocrx_word' id='word_1_294' title='bbox 735 2254 911 2334; x_wconf 89' lang='lat' dir='ltr'><strong>Ieremias,</strong></span> <span class='ocrx_word' id='word_1_295' title='bbox 940 2252 1026 2337; x_wconf 91' lang='lat' dir='ltr'><strong>quod</strong></span> <span class='ocrx_word' id='word_1_296' title='bbox 1048 2253 1170 2319; x_wconf 89' lang='lat' dir='ltr'><strong>seilieet</strong></span> <span class='ocrx_word' id='word_1_297' title='bbox 1199 2272 1267 2316; x_wconf 90' lang='lat' dir='ltr'><strong>uon</strong></span> <span class='ocrx_word' id='word_1_298' title='bbox 1296 2272 1347 2316; x_wconf 89' lang='lat' dir='ltr'><strong>re-</strong></span> <span class='ocrx_word' id='word_1_299' title='bbox 1399 2253 1473 2319; x_wconf 88' lang='lat' dir='ltr'><strong>Hoe</strong></span> <span class='ocrx_word' id='word_1_300' title='bbox 1505 2264 1593 2319; x_wconf 88' lang='lat' dir='ltr'><strong>uerte</strong></span> <span class='ocrx_word' id='word_1_301' title='bbox 1623 2253 1816 2319; x_wconf 88' lang='lat' dir='ltr'><strong>naturaliter</strong></span> <span class='ocrx_word' id='word_1_302' title='bbox 1845 2253 1997 2320; x_wconf 89' lang='lat' dir='ltr'><strong>omuibus</strong></span> <span class='ocrx_word' id='word_1_303' title='bbox 2024 2263 2074 2320; x_wconf 89' lang='lat' dir='ltr'><strong>est</strong></span> <span class='ocrx_word' id='word_1_304' title='bbox 2103 2253 2304 2337; x_wconf 89' lang='lat' dir='ltr'><strong>ingenitum,</strong></span> <span class='ocrx_word' id='word_1_305' title='bbox 2335 2261 2370 2316; x_wconf 91' lang='lat' dir='ltr'><strong>nt</strong></span> 
     </span>
     <span class='ocr_line' id='line_1_22' title="bbox 367 2337 2370 2425; baseline -0.002 -19"><span class='ocrx_word' id='word_1_306' title='bbox 367 2343 515 2424; x_wconf 81' lang='lat' dir='ltr'><strong>periatur</strong></span> <span class='ocrx_word' id='word_1_307' title='bbox 536 2342 603 2406; x_wconf 88' lang='lat' dir='ltr'><strong>tale</strong></span> <span class='ocrx_word' id='word_1_308' title='bbox 625 2340 811 2424; x_wconf 87' lang='lat' dir='ltr'><strong>exemplum</strong></span> <span class='ocrx_word' id='word_1_309' title='bbox 834 2341 921 2405; x_wconf 87' lang='lat' dir='ltr'><strong>iuter</strong></span> <span class='ocrx_word' id='word_1_310' title='bbox 935 2347 1051 2425; x_wconf 88' lang='lat' dir='ltr'><strong>gentes</strong></span> <span class='ocrx_word' id='word_1_311' title='bbox 1066 2339 1228 2424; x_wconf 82' lang='lat' dir='ltr'><strong>profanas.</strong></span> <span class='ocrx_word' id='word_1_312' title='bbox 1261 2337 1347 2403; x_wconf 68' lang='lat' dir='ltr'><strong>Tan·</strong></span> <span class='ocrx_word' id='word_1_313' title='bbox 1399 2340 1542 2406; x_wconf 90' lang='lat' dir='ltr'><strong>euntenti</strong></span> <span class='ocrx_word' id='word_1_314' title='bbox 1566 2340 1634 2404; x_wconf 91' lang='lat' dir='ltr'><strong>sint</strong></span> <span class='ocrx_word' id='word_1_315' title='bbox 1652 2339 1881 2424; x_wconf 86' lang='lat' dir='ltr'><strong>praesentibus</strong></span> <span class='ocrx_word' id='word_1_316' title='bbox 1904 2340 2007 2420; x_wconf 89' lang='lat' dir='ltr'><strong>bouis,</strong></span> <span class='ocrx_word' id='word_1_317' title='bbox 2029 2339 2224 2423; x_wconf 85' lang='lat' dir='ltr'><strong>praesertim</strong></span> <span class='ocrx_word' id='word_1_318' title='bbox 2240 2337 2296 2404; x_wconf 92' lang='lat' dir='ltr'><strong>ubi</strong></span> <span class='ocrx_word' id='word_1_319' title='bbox 2310 2357 2370 2402; x_wconf 94' lang='lat' dir='ltr'><strong>nou</strong></span> 
     </span>
     <span class='ocr_line' id='line_1_23' title="bbox 368 2423 2370 2510; baseline -0.002 -18"><span class='ocrx_word' id='word_1_320' title='bbox 368 2427 443 2493; x_wconf 90' lang='lat' dir='ltr'><strong>dem</strong></span> <span class='ocrx_word' id='word_1_321' title='bbox 483 2427 630 2504; x_wconf 90' lang='lat' dir='ltr'><strong>subiieit,</strong></span> <span class='ocrx_word' id='word_1_322' title='bbox 671 2446 736 2492; x_wconf 87' lang='lat' dir='ltr'><strong>rem</strong></span> <span class='ocrx_word' id='word_1_323' title='bbox 772 2428 897 2509; x_wconf 78' lang='lat' dir='ltr'><strong>foedum</strong></span> <span class='ocrx_word' id='word_1_324' title='bbox 930 2428 1083 2508; x_wconf 74' lang='lat' dir='ltr'><strong>patravit.</strong></span> <span class='ocrx_word' id='word_1_325' title='bbox 1146 2424 1346 2507; x_wconf 76' lang='lat' dir='ltr'><strong>Quanquam</strong></span> <span class='ocrx_word' id='word_1_326' title='bbox 1399 2424 1477 2491; x_wconf 90' lang='lat' dir='ltr'><strong>alibi</strong></span> <span class='ocrx_word' id='word_1_327' title='bbox 1500 2431 1611 2508; x_wconf 88' lang='lat' dir='ltr'><strong>potest</strong></span> <span class='ocrx_word' id='word_1_328' title='bbox 1632 2425 1808 2509; x_wconf 89' lang='lat' dir='ltr'><strong>quidquam</strong></span> <span class='ocrx_word' id='word_1_329' title='bbox 1832 2427 1970 2510; x_wconf 91' lang='lat' dir='ltr'><strong>reperiri</strong></span> <span class='ocrx_word' id='word_1_330' title='bbox 1993 2427 2118 2492; x_wconf 92' lang='lat' dir='ltr'><strong>melius.</strong></span> <span class='ocrx_word' id='word_1_331' title='bbox 2165 2423 2202 2492; x_wconf 88' lang='lat' dir='ltr'><strong>Si</strong></span> <span class='ocrx_word' id='word_1_332' title='bbox 2225 2424 2298 2508; x_wconf 91' lang='lat' dir='ltr'><strong>quis</strong></span> <span class='ocrx_word' id='word_1_333' title='bbox 2318 2423 2370 2489; x_wconf 89' lang='lat' dir='ltr'><strong>ha·</strong></span> 
     </span>
     <span class='ocr_line' id='line_1_24' title="bbox 368 2510 2371 2596; baseline -0.002 -18"><span class='ocrx_word' id='word_1_334' title='bbox 368 2533 490 2578; x_wconf 90' lang='lat' dir='ltr'><strong>nomen</strong></span> <span class='ocrx_word' id='word_1_335' title='bbox 511 2523 632 2589; x_wconf 58' lang='lat' dir='ltr'><strong>nuent·</strong></span> <span class='ocrx_word' id='word_1_336' title='bbox 656 2519 792 2578; x_wconf 85' lang='lat' dir='ltr'><strong>vertunt</strong></span> <span class='ocrx_word' id='word_1_337' title='bbox 813 2512 946 2596; x_wconf 92' lang='lat' dir='ltr'><strong>quidam</strong></span> <span class='ocrx_word' id='word_1_338' title='bbox 965 2519 1166 2596; x_wconf 91' lang='lat' dir='ltr'><strong>portentum,</strong></span> <span class='ocrx_word' id='word_1_339' title='bbox 1188 2517 1222 2574; x_wconf 91' lang='lat' dir='ltr'><strong>et</strong></span> <span class='ocrx_word' id='word_1_340' title='bbox 1239 2522 1347 2594; x_wconf 87' lang='lat' dir='ltr'><strong>posset</strong></span> <span class='ocrx_word' id='word_1_341' title='bbox 1400 2510 1475 2576; x_wconf 91' lang='lat' dir='ltr'><strong>beat</strong></span> <span class='ocrx_word' id='word_1_342' title='bbox 1496 2513 1619 2576; x_wconf 81' lang='lat' dir='ltr'><strong>lentem</strong></span> <span class='ocrx_word' id='word_1_343' title='bbox 1640 2513 1674 2576; x_wconf 94' lang='lat' dir='ltr'><strong>iu</strong></span> <span class='ocrx_word' id='word_1_344' title='bbox 1698 2532 1776 2595; x_wconf 90' lang='lat' dir='ltr'><strong>agro</strong></span> <span class='ocrx_word' id='word_1_345' title='bbox 1798 2532 1876 2594; x_wconf 88' lang='lat' dir='ltr'><strong>suo,</strong></span> <span class='ocrx_word' id='word_1_346' title='bbox 1905 2532 1964 2578; x_wconf 90' lang='lat' dir='ltr'><strong>eur</strong></span> <span class='ocrx_word' id='word_1_347' title='bbox 1990 2513 2053 2577; x_wconf 91' lang='lat' dir='ltr'><strong>alio</strong></span> <span class='ocrx_word' id='word_1_348' title='bbox 2083 2511 2308 2594; x_wconf 90' lang='lat' dir='ltr'><strong>profioiseetur</strong></span> <span class='ocrx_word' id='word_1_349' title='bbox 2338 2517 2371 2574; x_wconf 89' lang='lat' dir='ltr'><strong>ut</strong></span> 
     </span>
     <span class='ocr_line' id='line_1_25' title="bbox 367 2595 2372 2684; baseline -0.002 -21"><span class='ocrx_word' id='word_1_350' title='bbox 367 2599 416 2664; x_wconf 90' lang='lat' dir='ltr'><strong>ita</strong></span> <span class='ocrx_word' id='word_1_351' title='bbox 437 2598 660 2682; x_wconf 88' lang='lat' dir='ltr'><strong>metaphorioe</strong></span> <span class='ocrx_word' id='word_1_352' title='bbox 682 2597 792 2681; x_wconf 88' lang='lat' dir='ltr'><strong>aouipi,</strong></span> <span class='ocrx_word' id='word_1_353' title='bbox 816 2598 968 2682; x_wconf 87' lang='lat' dir='ltr'><strong>quoniam</strong></span> <span class='ocrx_word' id='word_1_354' title='bbox 992 2595 1127 2663; x_wconf 84' lang='lat' dir='ltr'><strong>verbum</strong></span> <span class='ocrx_word' id='word_1_355' title='bbox 1149 2608 1223 2674; x_wconf 70' lang='lat' dir='ltr'><strong>uun</strong></span> <span class='ocrx_word' id='word_1_356' title='bbox 1245 2596 1347 2681; x_wconf 85' lang='lat' dir='ltr'><strong>signi·</strong></span> <span class='ocrx_word' id='word_1_357' title='bbox 1400 2596 1513 2663; x_wconf 82' lang='lat' dir='ltr'><strong>bibatl</strong></span> <span class='ocrx_word' id='word_1_358' title='bbox 1538 2598 1598 2662; x_wconf 91' lang='lat' dir='ltr'><strong>hoo</strong></span> <span class='ocrx_word' id='word_1_359' title='bbox 1619 2607 1671 2664; x_wconf 91' lang='lat' dir='ltr'><strong>est</strong></span> <span class='ocrx_word' id='word_1_360' title='bbox 1692 2598 1924 2684; x_wconf 86' lang='lat' dir='ltr'><strong>prodigiosum.</strong></span> <span class='ocrx_word' id='word_1_361' title='bbox 1959 2602 2098 2683; x_wconf 89' lang='lat' dir='ltr'><strong>Aqnane</strong></span> <span class='ocrx_word' id='word_1_362' title='bbox 2113 2596 2265 2681; x_wconf 82' lang='lat' dir='ltr'><strong>indiges?</strong></span> <span class='ocrx_word' id='word_1_363' title='bbox 2288 2595 2372 2679; x_wconf 89' lang='lat' dir='ltr'><strong>atqui</strong></span> 
     </span>
     <span class='ocr_line' id='line_1_26' title="bbox 367 2682 2372 2768; baseline -0.002 -19"><span class='ocrx_word' id='word_1_364' title='bbox 367 2685 444 2750; x_wconf 86' lang='lat' dir='ltr'><strong>fieat</strong></span> <span class='ocrx_word' id='word_1_365' title='bbox 473 2689 629 2768; x_wconf 87' lang='lat' dir='ltr'><strong>reputare</strong></span> <span class='ocrx_word' id='word_1_366' title='bbox 654 2692 687 2749; x_wconf 88' lang='lat' dir='ltr'><strong>et</strong></span> <span class='ocrx_word' id='word_1_367' title='bbox 716 2686 868 2768; x_wconf 82' lang='lat' dir='ltr'><strong>negitare.</strong></span> <span class='ocrx_word' id='word_1_368' title='bbox 913 2683 997 2749; x_wconf 92' lang='lat' dir='ltr'><strong>Inde</strong></span> <span class='ocrx_word' id='word_1_369' title='bbox 1024 2703 1102 2768; x_wconf 88' lang='lat' dir='ltr'><strong>ergo</strong></span> <span class='ocrx_word' id='word_1_370' title='bbox 1124 2691 1234 2767; x_wconf 87' lang='lat' dir='ltr'><strong>posset</strong></span> <span class='ocrx_word' id='word_1_371' title='bbox 1261 2682 1347 2749; x_wconf 89' lang='lat' dir='ltr'><strong>sumi</strong></span> <span class='ocrx_word' id='word_1_372' title='bbox 1399 2683 1491 2749; x_wconf 90' lang='lat' dir='ltr'><strong>Deus</strong></span> <span class='ocrx_word' id='word_1_373' title='bbox 1512 2703 1584 2748; x_wconf 89' lang='lat' dir='ltr'><strong>eam</strong></span> <span class='ocrx_word' id='word_1_374' title='bbox 1606 2684 1665 2751; x_wconf 92' lang='lat' dir='ltr'><strong>tibi</strong></span> <span class='ocrx_word' id='word_1_375' title='bbox 1694 2683 1900 2768; x_wconf 88' lang='lat' dir='ltr'><strong>suppeditat:</strong></span> <span class='ocrx_word' id='word_1_376' title='bbox 1933 2693 2063 2750; x_wconf 88' lang='lat' dir='ltr'><strong>tantum</strong></span> <span class='ocrx_word' id='word_1_377' title='bbox 2094 2703 2188 2751; x_wconf 91' lang='lat' dir='ltr'><strong>sume</strong></span> <span class='ocrx_word' id='word_1_378' title='bbox 2216 2703 2260 2748; x_wconf 88' lang='lat' dir='ltr'><strong>ex</strong></span> <span class='ocrx_word' id='word_1_379' title='bbox 2288 2682 2372 2746; x_wconf 85' lang='lat' dir='ltr'><strong>fonte</strong></span> 
     </span>
     <span class='ocr_line' id='line_1_27' title="bbox 367 2765 2372 2856; baseline -0.003 -20"><span class='ocrx_word' id='word_1_380' title='bbox 367 2769 452 2837; x_wconf 90' lang='lat' dir='ltr'><strong>haee</strong></span> <span class='ocrx_word' id='word_1_381' title='bbox 474 2771 677 2856; x_wconf 88' lang='lat' dir='ltr'><strong>signifieatio.</strong></span> <span class='ocrx_word' id='word_1_382' title='bbox 723 2769 790 2836; x_wconf 84' lang='lat' dir='ltr'><strong>Sed</strong></span> <span class='ocrx_word' id='word_1_383' title='bbox 814 2770 968 2853; x_wconf 91' lang='lat' dir='ltr'><strong>quoniam</strong></span> <span class='ocrx_word' id='word_1_384' title='bbox 990 2768 1140 2852; x_wconf 90' lang='lat' dir='ltr'><strong>pluribus</strong></span> <span class='ocrx_word' id='word_1_385' title='bbox 1162 2767 1241 2835; x_wconf 90' lang='lat' dir='ltr'><strong>loeis</strong></span> <span class='ocrx_word' id='word_1_386' title='bbox 1263 2769 1347 2834; x_wconf 88' lang='lat' dir='ltr'><strong>aeoi·</strong></span> <span class='ocrx_word' id='word_1_387' title='bbox 1399 2779 1467 2835; x_wconf 90' lang='lat' dir='ltr'><strong>tuo.</strong></span> <span class='ocrx_word' id='word_1_388' title='bbox 1511 2768 1550 2834; x_wconf 81' lang='lat' dir='ltr'><strong>Si</strong></span> <span class='ocrx_word' id='word_1_389' title='bbox 1573 2769 1716 2854; x_wconf 85' lang='lat' dir='ltr'><strong>exeipiat</strong></span> <span class='ocrx_word' id='word_1_390' title='bbox 1738 2771 1914 2854; x_wconf 90' lang='lat' dir='ltr'><strong>quispiam,</strong></span> <span class='ocrx_word' id='word_1_391' title='bbox 1943 2771 2036 2835; x_wconf 78' lang='lat' dir='ltr'><strong>Fons</strong></span> <span class='ocrx_word' id='word_1_392' title='bbox 2057 2772 2122 2837; x_wconf 85' lang='lat' dir='ltr'><strong>iste</strong></span> <span class='ocrx_word' id='word_1_393' title='bbox 2143 2769 2227 2835; x_wconf 89' lang='lat' dir='ltr'><strong>mihi</strong></span> <span class='ocrx_word' id='word_1_394' title='bbox 2251 2765 2372 2834; x_wconf 83' lang='lat' dir='ltr'><strong>fastidio</strong></span> 
     </span>
     <span class='ocr_line' id='line_1_28' title="bbox 366 2853 2372 3006; baseline -0.002 -84"><span class='ocrx_word' id='word_1_395' title='bbox 366 2856 459 3006; x_wconf 54' lang='lat' dir='ltr'><strong>Bi&#39;tur</strong></span> <span class='ocrx_word' id='word_1_396' title='bbox 481 2877 539 2940; x_wconf 94' lang='lat' dir='ltr'><strong>pro</strong></span> <span class='ocrx_word' id='word_1_397' title='bbox 560 2855 731 2933; x_wconf 85' lang='lat' dir='ltr'><strong>foeditate,</strong></span> <span class='ocrx_word' id='word_1_398' title='bbox 760 2877 826 2921; x_wconf 93' lang='lat' dir='ltr'><strong>non</strong></span> <span class='ocrx_word' id='word_1_399' title='bbox 856 2855 1020 2922; x_wconf 88' lang='lat' dir='ltr'><strong>diseedam</strong></span> <span class='ocrx_word' id='word_1_400' title='bbox 1050 2875 1069 2920; x_wconf 89' lang='lat' dir='ltr'><strong>a</strong></span> <span class='ocrx_word' id='word_1_401' title='bbox 1097 2875 1257 2922; x_wconf 87' lang='lat' dir='ltr'><strong>eonsensu</strong></span> <span class='ocrx_word' id='word_1_402' title='bbox 1278 2853 1346 2922; x_wconf 89' lang='lat' dir='ltr'><strong>illo.</strong></span> <span class='ocrx_word' id='word_1_403' title='bbox 1399 2862 1463 2921; x_wconf 90' lang='lat' dir='ltr'><strong>est:</strong></span> <span class='ocrx_word' id='word_1_404' title='bbox 1486 2855 1560 2921; x_wconf 83' lang='lat' dir='ltr'><strong>volo</strong></span> <span class='ocrx_word' id='word_1_405' title='bbox 1584 2857 1667 2921; x_wconf 91' lang='lat' dir='ltr'><strong>seire</strong></span> <span class='ocrx_word' id='word_1_406' title='bbox 1690 2871 1732 2921; x_wconf 91' lang='lat' dir='ltr'><strong>au</strong></span> <span class='ocrx_word' id='word_1_407' title='bbox 1751 2876 1854 2940; x_wconf 90' lang='lat' dir='ltr'><strong>aquae</strong></span> <span class='ocrx_word' id='word_1_408' title='bbox 1869 2857 1981 2939; x_wconf 88' lang='lat' dir='ltr'><strong>prooul</strong></span> <span class='ocrx_word' id='word_1_409' title='bbox 1997 2857 2118 2940; x_wconf 82' lang='lat' dir='ltr'><strong>petitae</strong></span> <span class='ocrx_word' id='word_1_410' title='bbox 2132 2856 2201 2922; x_wconf 89' lang='lat' dir='ltr'><strong>siut</strong></span> <span class='ocrx_word' id='word_1_411' title='bbox 2217 2853 2372 2920; x_wconf 88' lang='lat' dir='ltr'><strong>meliores.</strong></span> 
     </span>
    </p>

    <p class='ocr_par' dir='ltr' id='par_1_4' title="bbox 367 2939 2382 4146">
     <span class='ocr_line' id='line_1_29' title="bbox 404 2939 2372 3026; baseline -0.004 -18"><span class='ocrx_word' id='word_1_412' title='bbox 404 2942 461 3008; x_wconf 84' lang='lat' dir='ltr'><strong>&#39;eit</strong></span> <span class='ocrx_word' id='word_1_413' title='bbox 481 2942 587 3026; x_wconf 89' lang='lat' dir='ltr'><strong>igitur</strong></span> <span class='ocrx_word' id='word_1_414' title='bbox 608 2942 670 3009; x_wconf 89' lang='lat' dir='ltr'><strong>hoe</strong></span> <span class='ocrx_word' id='word_1_415' title='bbox 692 2963 763 3009; x_wconf 88' lang='lat' dir='ltr'><strong>esse</strong></span> <span class='ocrx_word' id='word_1_416' title='bbox 786 2943 883 3008; x_wconf 88' lang='lat' dir='ltr'><strong>nimis</strong></span> <span class='ocrx_word' id='word_1_417' title='bbox 905 2941 1044 3019; x_wconf 76' lang='lat' dir='ltr'><strong>foedum,</strong></span> <span class='ocrx_word' id='word_1_418' title='bbox 1065 2939 1150 3024; x_wconf 92' lang='lat' dir='ltr'><strong>quod</strong></span> <span class='ocrx_word' id='word_1_419' title='bbox 1174 2939 1347 3006; x_wconf 89' lang='lat' dir='ltr'><strong>dereliotus</strong></span> <span class='ocrx_word' id='word_1_420' title='bbox 1399 2940 1561 3007; x_wconf 83' lang='lat' dir='ltr'><strong>Videmus</strong></span> <span class='ocrx_word' id='word_1_421' title='bbox 1589 2941 1651 3006; x_wconf 90' lang='lat' dir='ltr'><strong>buo</strong></span> <span class='ocrx_word' id='word_1_422' title='bbox 1678 2941 1810 3026; x_wconf 90' lang='lat' dir='ltr'><strong>signnm</strong></span> <span class='ocrx_word' id='word_1_423' title='bbox 1841 2962 1911 3008; x_wconf 89' lang='lat' dir='ltr'><strong>esse</strong></span> <span class='ocrx_word' id='word_1_424' title='bbox 1943 2943 2031 3009; x_wconf 87' lang='lat' dir='ltr'><strong>bruti</strong></span> <span class='ocrx_word' id='word_1_425' title='bbox 2061 2941 2221 3026; x_wconf 84' lang='lat' dir='ltr'><strong>stuporis:</strong></span> <span class='ocrx_word' id='word_1_426' title='bbox 2257 2942 2320 3005; x_wconf 90' lang='lat' dir='ltr'><strong>iam</strong></span> <span class='ocrx_word' id='word_1_427' title='bbox 2347 2939 2372 3002; x_wconf 90' lang='lat' dir='ltr'><strong>si</strong></span> 
     </span>
     <span class='ocr_line' id='line_1_30' title="bbox 367 3025 2374 3113; baseline -0.003 -20"><span class='ocrx_word' id='word_1_428' title='bbox 367 3027 468 3093; x_wconf 82' lang='lat' dir='ltr'><strong>fuerit</strong></span> <span class='ocrx_word' id='word_1_429' title='bbox 490 3047 510 3092; x_wconf 86' lang='lat' dir='ltr'><strong>a</strong></span> <span class='ocrx_word' id='word_1_430' title='bbox 532 3028 649 3111; x_wconf 90' lang='lat' dir='ltr'><strong>populo</strong></span> <span class='ocrx_word' id='word_1_431' title='bbox 671 3047 739 3094; x_wconf 90' lang='lat' dir='ltr'><strong>suo.</strong></span> <span class='ocrx_word' id='word_1_432' title='bbox 785 3027 830 3094; x_wconf 84' lang='lat' dir='ltr'><strong>Et</strong></span> <span class='ocrx_word' id='word_1_433' title='bbox 850 3029 1002 3113; x_wconf 80' lang='lat' dir='ltr'><strong>virginem</strong></span> <span class='ocrx_word' id='word_1_434' title='bbox 1024 3025 1131 3094; x_wconf 79' lang='lat' dir='ltr'><strong>Israel</strong></span> <span class='ocrx_word' id='word_1_435' title='bbox 1152 3048 1219 3092; x_wconf 95' lang='lat' dir='ltr'><strong>non</strong></span> <span class='ocrx_word' id='word_1_436' title='bbox 1243 3026 1346 3092; x_wconf 91' lang='lat' dir='ltr'><strong>hono·</strong></span> <span class='ocrx_word' id='word_1_437' title='bbox 1399 3029 1451 3094; x_wconf 93' lang='lat' dir='ltr'><strong>eui</strong></span> <span class='ocrx_word' id='word_1_438' title='bbox 1473 3025 1643 3110; x_wconf 88' lang='lat' dir='ltr'><strong>displieeat</strong></span> <span class='ocrx_word' id='word_1_439' title='bbox 1671 3048 1770 3111; x_wconf 88' lang='lat' dir='ltr'><strong>aqua,</strong></span> <span class='ocrx_word' id='word_1_440' title='bbox 1804 3049 1887 3112; x_wconf 87' lang='lat' dir='ltr'><strong>quae</strong></span> <span class='ocrx_word' id='word_1_441' title='bbox 1916 3029 2007 3109; x_wconf 88' lang='lat' dir='ltr'><strong>fluit,</strong></span> <span class='ocrx_word' id='word_1_442' title='bbox 2039 3039 2073 3094; x_wconf 90' lang='lat' dir='ltr'><strong>et</strong></span> <span class='ocrx_word' id='word_1_443' title='bbox 2101 3025 2224 3111; x_wconf 82' lang='lat' dir='ltr'><strong>frigida</strong></span> <span class='ocrx_word' id='word_1_444' title='bbox 2252 3037 2314 3103; x_wconf 86' lang='lat' dir='ltr'><strong>est,</strong></span> <span class='ocrx_word' id='word_1_445' title='bbox 2345 3033 2374 3088; x_wconf 90' lang='lat' dir='ltr'><strong>et</strong></span> 
     </span>
     <span class='ocr_line' id='line_1_31' title="bbox 367 3111 2374 3198; baseline -0.001 -22"><span class='ocrx_word' id='word_1_446' title='bbox 367 3112 416 3177; x_wconf 85' lang='lat' dir='ltr'><strong>ris</strong></span> <span class='ocrx_word' id='word_1_447' title='bbox 438 3131 538 3178; x_wconf 88' lang='lat' dir='ltr'><strong>eausa</strong></span> <span class='ocrx_word' id='word_1_448' title='bbox 559 3113 726 3192; x_wconf 86' lang='lat' dir='ltr'><strong>nominet,</strong></span> <span class='ocrx_word' id='word_1_449' title='bbox 755 3113 812 3180; x_wconf 90' lang='lat' dir='ltr'><strong>sed</strong></span> <span class='ocrx_word' id='word_1_450' title='bbox 842 3114 947 3197; x_wconf 86' lang='lat' dir='ltr'><strong>magis</strong></span> <span class='ocrx_word' id='word_1_451' title='bbox 973 3120 1011 3178; x_wconf 89' lang='lat' dir='ltr'><strong>ut</strong></span> <span class='ocrx_word' id='word_1_452' title='bbox 1040 3122 1158 3198; x_wconf 88' lang='lat' dir='ltr'><strong>augeat</strong></span> <span class='ocrx_word' id='word_1_453' title='bbox 1180 3111 1345 3196; x_wconf 89' lang='lat' dir='ltr'><strong>probrum.</strong></span> <span class='ocrx_word' id='word_1_454' title='bbox 1398 3133 1497 3198; x_wconf 91' lang='lat' dir='ltr'><strong>pura,</strong></span> <span class='ocrx_word' id='word_1_455' title='bbox 1528 3114 1685 3197; x_wconf 90' lang='lat' dir='ltr'><strong>quoniam</strong></span> <span class='ocrx_word' id='word_1_456' title='bbox 1709 3114 1788 3180; x_wconf 90' lang='lat' dir='ltr'><strong>velit</strong></span> <span class='ocrx_word' id='word_1_457' title='bbox 1815 3117 1940 3180; x_wconf 82' lang='lat' dir='ltr'><strong>fontem</strong></span> <span class='ocrx_word' id='word_1_458' title='bbox 1969 3116 2078 3197; x_wconf 88' lang='lat' dir='ltr'><strong>ipsum</strong></span> <span class='ocrx_word' id='word_1_459' title='bbox 2104 3114 2244 3193; x_wconf 89' lang='lat' dir='ltr'><strong>habere,</strong></span> <span class='ocrx_word' id='word_1_460' title='bbox 2281 3111 2374 3176; x_wconf 88' lang='lat' dir='ltr'><strong>etiam</strong></span> 
     </span>
     <span class='ocr_line' id='line_1_32' title="bbox 367 3195 2375 3284; baseline 0.001 -24"><span class='ocrx_word' id='word_1_461' title='bbox 367 3195 462 3264; x_wconf 89' lang='lat' dir='ltr'><strong>Deus</strong></span> <span class='ocrx_word' id='word_1_462' title='bbox 485 3197 582 3277; x_wconf 90' lang='lat' dir='ltr'><strong>enim,</strong></span> <span class='ocrx_word' id='word_1_463' title='bbox 604 3205 739 3264; x_wconf 82' lang='lat' dir='ltr'><strong>utente</strong></span> <span class='ocrx_word' id='word_1_464' title='bbox 761 3197 913 3277; x_wconf 88' lang='lat' dir='ltr'><strong>vidimus,</strong></span> <span class='ocrx_word' id='word_1_465' title='bbox 935 3197 1153 3282; x_wconf 88' lang='lat' dir='ltr'><strong>desponderat</strong></span> <span class='ocrx_word' id='word_1_466' title='bbox 1168 3197 1227 3264; x_wconf 90' lang='lat' dir='ltr'><strong>sibi</strong></span> <span class='ocrx_word' id='word_1_467' title='bbox 1244 3218 1346 3282; x_wconf 93' lang='lat' dir='ltr'><strong>popu·</strong></span> <span class='ocrx_word' id='word_1_468' title='bbox 1399 3199 1518 3284; x_wconf 86' lang='lat' dir='ltr'><strong>prodet</strong></span> <span class='ocrx_word' id='word_1_469' title='bbox 1538 3199 1605 3282; x_wconf 92' lang='lat' dir='ltr'><strong>ille,</strong></span> <span class='ocrx_word' id='word_1_470' title='bbox 1627 3201 1776 3284; x_wconf 88' lang='lat' dir='ltr'><strong>quisquis</strong></span> <span class='ocrx_word' id='word_1_471' title='bbox 1798 3202 1869 3279; x_wconf 87' lang='lat' dir='ltr'><strong>erit,</strong></span> <span class='ocrx_word' id='word_1_472' title='bbox 1892 3220 1986 3266; x_wconf 92' lang='lat' dir='ltr'><strong>suam</strong></span> <span class='ocrx_word' id='word_1_473' title='bbox 2008 3200 2192 3267; x_wconf 83' lang='lat' dir='ltr'><strong>vesaniam:</strong></span> <span class='ocrx_word' id='word_1_474' title='bbox 2221 3195 2375 3282; x_wconf 87' lang='lat' dir='ltr'><strong>quemad·</strong></span> 
     </span>
     <span class='ocr_line' id='line_1_33' title="bbox 367 3280 2375 3370; baseline -0 -24"><span class='ocrx_word' id='word_1_475' title='bbox 367 3281 437 3348; x_wconf 91' lang='lat' dir='ltr'><strong>lum</strong></span> <span class='ocrx_word' id='word_1_476' title='bbox 460 3280 571 3347; x_wconf 90' lang='lat' dir='ltr'><strong>illum:</strong></span> <span class='ocrx_word' id='word_1_477' title='bbox 593 3291 627 3347; x_wconf 88' lang='lat' dir='ltr'><strong>et</strong></span> <span class='ocrx_word' id='word_1_478' title='bbox 646 3285 694 3348; x_wconf 86' lang='lat' dir='ltr'><strong>ita</strong></span> <span class='ocrx_word' id='word_1_479' title='bbox 715 3284 850 3350; x_wconf 88' lang='lat' dir='ltr'><strong>deeebat</strong></span> <span class='ocrx_word' id='word_1_480' title='bbox 872 3285 997 3349; x_wconf 86' lang='lat' dir='ltr'><strong>servari</strong></span> <span class='ocrx_word' id='word_1_481' title='bbox 1018 3282 1117 3349; x_wconf 88' lang='lat' dir='ltr'><strong>fldem</strong></span> <span class='ocrx_word' id='word_1_482' title='bbox 1132 3284 1346 3366; x_wconf 85' lang='lat' dir='ltr'><strong>eoniugalem,</strong></span> <span class='ocrx_word' id='word_1_483' title='bbox 1400 3284 1531 3350; x_wconf 87' lang='lat' dir='ltr'><strong>mudum</strong></span> <span class='ocrx_word' id='word_1_484' title='bbox 1555 3285 1651 3352; x_wconf 88' lang='lat' dir='ltr'><strong>bodie</strong></span> <span class='ocrx_word' id='word_1_485' title='bbox 1673 3287 1795 3370; x_wconf 88' lang='lat' dir='ltr'><strong>siquis</strong></span> <span class='ocrx_word' id='word_1_486' title='bbox 1821 3287 1904 3353; x_wconf 88' lang='lat' dir='ltr'><strong>nolit</strong></span> <span class='ocrx_word' id='word_1_487' title='bbox 1933 3286 2044 3353; x_wconf 87' lang='lat' dir='ltr'><strong>bibere</strong></span> <span class='ocrx_word' id='word_1_488' title='bbox 2073 3306 2191 3369; x_wconf 89' lang='lat' dir='ltr'><strong>uquam</strong></span> <span class='ocrx_word' id='word_1_489' title='bbox 2215 3282 2375 3358; x_wconf 85' lang='lat' dir='ltr'><strong>Rhodani,</strong></span> 
     </span>
     <span class='ocr_line' id='line_1_34' title="bbox 369 3363 2377 3458; baseline -0.001 -25"><span class='ocrx_word' id='word_1_490' title='bbox 369 3365 646 3451; x_wconf 88' lang='lat' dir='ltr'><strong>quemadmodum</strong></span> <span class='ocrx_word' id='word_1_491' title='bbox 667 3367 777 3452; x_wconf 89' lang='lat' dir='ltr'><strong>puella</strong></span> <span class='ocrx_word' id='word_1_492' title='bbox 798 3388 880 3451; x_wconf 88' lang='lat' dir='ltr'><strong>quae</strong></span> <span class='ocrx_word' id='word_1_493' title='bbox 901 3369 972 3435; x_wconf 80' lang='lat' dir='ltr'><strong>siro</strong></span> <span class='ocrx_word' id='word_1_494' title='bbox 994 3369 1157 3452; x_wconf 90' lang='lat' dir='ltr'><strong>desponsa</strong></span> <span class='ocrx_word' id='word_1_495' title='bbox 1184 3379 1249 3446; x_wconf 88' lang='lat' dir='ltr'><strong>est,</strong></span> <span class='ocrx_word' id='word_1_496' title='bbox 1280 3371 1346 3432; x_wconf 88' lang='lat' dir='ltr'><strong>iam</strong></span> <span class='ocrx_word' id='word_1_497' title='bbox 1399 3389 1483 3452; x_wconf 89' lang='lat' dir='ltr'><strong>quae</strong></span> <span class='ocrx_word' id='word_1_498' title='bbox 1506 3372 1560 3438; x_wconf 89' lang='lat' dir='ltr'><strong>bie</strong></span> <span class='ocrx_word' id='word_1_499' title='bbox 1581 3373 1666 3452; x_wconf 88' lang='lat' dir='ltr'><strong>fluit,</strong></span> <span class='ocrx_word' id='word_1_500' title='bbox 1688 3373 1771 3437; x_wconf 90' lang='lat' dir='ltr'><strong>nolit</strong></span> <span class='ocrx_word' id='word_1_501' title='bbox 1792 3375 1893 3440; x_wconf 91' lang='lat' dir='ltr'><strong>etiam</strong></span> <span class='ocrx_word' id='word_1_502' title='bbox 1915 3381 2051 3458; x_wconf 85' lang='lat' dir='ltr'><strong>gustare</strong></span> <span class='ocrx_word' id='word_1_503' title='bbox 2072 3393 2113 3437; x_wconf 84' lang='lat' dir='ltr'><strong>ex</strong></span> <span class='ocrx_word' id='word_1_504' title='bbox 2136 3371 2293 3450; x_wconf 80' lang='lat' dir='ltr'><strong>sontibus,</strong></span> <span class='ocrx_word' id='word_1_505' title='bbox 2323 3363 2377 3434; x_wconf 88' lang='lat' dir='ltr'><strong>sed</strong></span> 
     </span>
     <span class='ocr_line' id='line_1_35' title="bbox 368 3452 2377 3541; baseline 0.001 -23"><span class='ocrx_word' id='word_1_506' title='bbox 368 3474 436 3520; x_wconf 91' lang='lat' dir='ltr'><strong>nou</strong></span> <span class='ocrx_word' id='word_1_507' title='bbox 469 3453 567 3521; x_wconf 87' lang='lat' dir='ltr'><strong>debet</strong></span> <span class='ocrx_word' id='word_1_508' title='bbox 600 3452 666 3518; x_wconf 90' lang='lat' dir='ltr'><strong>hue</strong></span> <span class='ocrx_word' id='word_1_509' title='bbox 698 3454 751 3520; x_wconf 84' lang='lat' dir='ltr'><strong>vel</strong></span> <span class='ocrx_word' id='word_1_510' title='bbox 784 3453 862 3519; x_wconf 90' lang='lat' dir='ltr'><strong>illue</strong></span> <span class='ocrx_word' id='word_1_511' title='bbox 894 3455 1072 3536; x_wconf 88' lang='lat' dir='ltr'><strong>respieere:</strong></span> <span class='ocrx_word' id='word_1_512' title='bbox 1105 3455 1182 3537; x_wconf 92' lang='lat' dir='ltr'><strong>quia</strong></span> <span class='ocrx_word' id='word_1_513' title='bbox 1203 3454 1295 3517; x_wconf 91' lang='lat' dir='ltr'><strong>nulla</strong></span> <span class='ocrx_word' id='word_1_514' title='bbox 1316 3453 1348 3517; x_wconf 90' lang='lat' dir='ltr'><strong>ei</strong></span> <span class='ocrx_word' id='word_1_515' title='bbox 1402 3455 1478 3521; x_wconf 86' lang='lat' dir='ltr'><strong>velit</strong></span> <span class='ocrx_word' id='word_1_516' title='bbox 1500 3478 1632 3524; x_wconf 90' lang='lat' dir='ltr'><strong>eurrere</strong></span> <span class='ocrx_word' id='word_1_517' title='bbox 1654 3457 1696 3524; x_wconf 90' lang='lat' dir='ltr'><strong>ad</strong></span> <span class='ocrx_word' id='word_1_518' title='bbox 1718 3458 1843 3524; x_wconf 83' lang='lat' dir='ltr'><strong>fontem</strong></span> <span class='ocrx_word' id='word_1_519' title='bbox 1866 3459 2033 3538; x_wconf 88' lang='lat' dir='ltr'><strong>Rhodani,</strong></span> <span class='ocrx_word' id='word_1_520' title='bbox 2060 3466 2095 3524; x_wconf 91' lang='lat' dir='ltr'><strong>et</strong></span> <span class='ocrx_word' id='word_1_521' title='bbox 2116 3458 2223 3541; x_wconf 87' lang='lat' dir='ltr'><strong>ipsam</strong></span> <span class='ocrx_word' id='word_1_522' title='bbox 2245 3454 2377 3522; x_wconf 88' lang='lat' dir='ltr'><strong>seaturi·</strong></span> 
     </span>
     <span class='ocr_line' id='line_1_36' title="bbox 369 3537 2375 3695; baseline -0.001 -89"><span class='ocrx_word' id='word_1_523' title='bbox 369 3541 514 3618; x_wconf 82' lang='lat' dir='ltr'><strong>eonditio</strong></span> <span class='ocrx_word' id='word_1_524' title='bbox 536 3539 723 3624; x_wconf 85' lang='lat' dir='ltr'><strong>quaerenda</strong></span> <span class='ocrx_word' id='word_1_525' title='bbox 747 3549 812 3619; x_wconf 89' lang='lat' dir='ltr'><strong>est,</strong></span> <span class='ocrx_word' id='word_1_526' title='bbox 847 3549 1019 3622; x_wconf 91' lang='lat' dir='ltr'><strong>postquam</strong></span> <span class='ocrx_word' id='word_1_527' title='bbox 1046 3537 1146 3639; x_wconf 72' lang='lat' dir='ltr'><strong>&#39;iidem</strong></span> <span class='ocrx_word' id='word_1_528' title='bbox 1174 3558 1269 3603; x_wconf 91' lang='lat' dir='ltr'><strong>suam</strong></span> <span class='ocrx_word' id='word_1_529' title='bbox 1291 3539 1347 3606; x_wconf 91' lang='lat' dir='ltr'><strong>ob·</strong></span> <span class='ocrx_word' id='word_1_530' title='bbox 1401 3541 1522 3690; x_wconf 55' lang='lat' dir='ltr'><strong>geom,</strong></span> <span class='ocrx_word' id='word_1_531' title='bbox 1546 3564 1656 3608; x_wconf 90' lang='lat' dir='ltr'><strong>nonne</strong></span> <span class='ocrx_word' id='word_1_532' title='bbox 1679 3543 1797 3695; x_wconf 54' lang='lat' dir='ltr'><strong>dignus</strong></span> <span class='ocrx_word' id='word_1_533' title='bbox 1819 3555 1878 3624; x_wconf 89' lang='lat' dir='ltr'><strong>est,</strong></span> <span class='ocrx_word' id='word_1_534' title='bbox 1901 3546 1957 3630; x_wconf 92' lang='lat' dir='ltr'><strong>qui</strong></span> <span class='ocrx_word' id='word_1_535' title='bbox 1972 3555 2006 3612; x_wconf 88' lang='lat' dir='ltr'><strong>et</strong></span> <span class='ocrx_word' id='word_1_536' title='bbox 2020 3545 2106 3611; x_wconf 85' lang='lat' dir='ltr'><strong>lame</strong></span> <span class='ocrx_word' id='word_1_537' title='bbox 2121 3554 2155 3609; x_wconf 90' lang='lat' dir='ltr'><strong>et</strong></span> <span class='ocrx_word' id='word_1_538' title='bbox 2169 3544 2224 3610; x_wconf 88' lang='lat' dir='ltr'><strong>siti</strong></span> <span class='ocrx_word' id='word_1_539' title='bbox 2244 3537 2375 3628; x_wconf 81' lang='lat' dir='ltr'><strong>pereat?</strong></span> 
     </span>
     <span class='ocr_line' id='line_1_37' title="bbox 371 3622 2378 3715; baseline 0 -25"><span class='ocrx_word' id='word_1_540' title='bbox 371 3628 518 3693; x_wconf 89' lang='lat' dir='ltr'><strong>strinxit.</strong></span> <span class='ocrx_word' id='word_1_541' title='bbox 563 3624 1067 3709; x_wconf 86' lang='lat' dir='ltr'><strong>Populusautemlsrael,qu1</strong></span> <span class='ocrx_word' id='word_1_542' title='bbox 1097 3622 1254 3690; x_wconf 88' lang='lat' dir='ltr'><strong>debuerat</strong></span> <span class='ocrx_word' id='word_1_543' title='bbox 1276 3645 1349 3690; x_wconf 88' lang='lat' dir='ltr'><strong>esse</strong></span> <span class='ocrx_word' id='word_1_544' title='bbox 1436 3647 1494 3693; x_wconf 89' lang='lat' dir='ltr'><strong>eus</strong></span> <span class='ocrx_word' id='word_1_545' title='bbox 1516 3647 1594 3714; x_wconf 89' lang='lat' dir='ltr'><strong>ergo</strong></span> <span class='ocrx_word' id='word_1_546' title='bbox 1615 3635 1708 3696; x_wconf 86' lang='lat' dir='ltr'><strong>osten</strong></span> <span class='ocrx_word' id='word_1_547' title='bbox 1733 3633 1759 3696; x_wconf 95' lang='lat' dir='ltr'><strong>it</strong></span> <span class='ocrx_word' id='word_1_548' title='bbox 1780 3630 1921 3697; x_wconf 88' lang='lat' dir='ltr'><strong>Iudaeos</strong></span> <span class='ocrx_word' id='word_1_549' title='bbox 1943 3633 1989 3698; x_wconf 88' lang='lat' dir='ltr'><strong>ita</strong></span> <span class='ocrx_word' id='word_1_550' title='bbox 2017 3631 2163 3715; x_wconf 86' lang='lat' dir='ltr'><strong>privatos</strong></span> <span class='ocrx_word' id='word_1_551' title='bbox 2190 3649 2264 3697; x_wconf 87' lang='lat' dir='ltr'><strong>esse</strong></span> <span class='ocrx_word' id='word_1_552' title='bbox 2294 3626 2378 3693; x_wconf 92' lang='lat' dir='ltr'><strong>omui</strong></span> 
     </span>
     <span class='ocr_line' id='line_1_38' title="bbox 371 3711 2379 3797; baseline -0.001 -19"><span class='ocrx_word' id='word_1_553' title='bbox 371 3714 466 3794; x_wconf 88' lang='lat' dir='ltr'><strong>quasi</strong></span> <span class='ocrx_word' id='word_1_554' title='bbox 489 3731 608 3797; x_wconf 89' lang='lat' dir='ltr'><strong>sponsa</strong></span> <span class='ocrx_word' id='word_1_555' title='bbox 629 3711 711 3792; x_wconf 94' lang='lat' dir='ltr'><strong>Dei,</strong></span> <span class='ocrx_word' id='word_1_556' title='bbox 744 3711 847 3776; x_wconf 91' lang='lat' dir='ltr'><strong>multo</strong></span> <span class='ocrx_word' id='word_1_557' title='bbox 872 3711 997 3776; x_wconf 84' lang='lat' dir='ltr'><strong>foedius</strong></span> <span class='ocrx_word' id='word_1_558' title='bbox 1018 3711 1181 3794; x_wconf 86' lang='lat' dir='ltr'><strong>peooavit,</strong></span> <span class='ocrx_word' id='word_1_559' title='bbox 1212 3719 1246 3776; x_wconf 89' lang='lat' dir='ltr'><strong>et</strong></span> <span class='ocrx_word' id='word_1_560' title='bbox 1273 3730 1349 3776; x_wconf 91' lang='lat' dir='ltr'><strong>euru</strong></span> <span class='ocrx_word' id='word_1_561' title='bbox 1402 3733 1502 3778; x_wconf 90' lang='lat' dir='ltr'><strong>sensu</strong></span> <span class='ocrx_word' id='word_1_562' title='bbox 1522 3723 1555 3779; x_wconf 91' lang='lat' dir='ltr'><strong>et</strong></span> <span class='ocrx_word' id='word_1_563' title='bbox 1578 3715 1720 3794; x_wconf 83' lang='lat' dir='ltr'><strong>ratione,</strong></span> <span class='ocrx_word' id='word_1_564' title='bbox 1751 3724 1789 3782; x_wconf 88' lang='lat' dir='ltr'><strong>ut</strong></span> <span class='ocrx_word' id='word_1_565' title='bbox 1810 3717 1952 3784; x_wconf 87' lang='lat' dir='ltr'><strong>debeant</strong></span> <span class='ocrx_word' id='word_1_566' title='bbox 1973 3717 2125 3783; x_wconf 88' lang='lat' dir='ltr'><strong>omnibus</strong></span> <span class='ocrx_word' id='word_1_567' title='bbox 2146 3737 2219 3783; x_wconf 88' lang='lat' dir='ltr'><strong>esse</strong></span> <span class='ocrx_word' id='word_1_568' title='bbox 2243 3716 2379 3781; x_wconf 89' lang='lat' dir='ltr'><strong>detesta-</strong></span> 
     </span>
     <span class='ocr_line' id='line_1_39' title="bbox 370 3796 2381 3888; baseline 0 -27"><span class='ocrx_word' id='word_1_569' title='bbox 370 3799 487 3863; x_wconf 88' lang='lat' dir='ltr'><strong>maiori</strong></span> <span class='ocrx_word' id='word_1_570' title='bbox 510 3796 675 3878; x_wconf 90' lang='lat' dir='ltr'><strong>dedeeore,</strong></span> <span class='ocrx_word' id='word_1_571' title='bbox 705 3801 740 3863; x_wconf 84' lang='lat' dir='ltr'><strong>et</strong></span> <span class='ocrx_word' id='word_1_572' title='bbox 761 3796 904 3875; x_wconf 85' lang='lat' dir='ltr'><strong>infamia,</strong></span> <span class='ocrx_word' id='word_1_573' title='bbox 933 3817 1034 3880; x_wconf 92' lang='lat' dir='ltr'><strong>quum</strong></span> <span class='ocrx_word' id='word_1_574' title='bbox 1056 3797 1104 3863; x_wconf 93' lang='lat' dir='ltr'><strong>ita</strong></span> <span class='ocrx_word' id='word_1_575' title='bbox 1125 3817 1160 3862; x_wconf 91' lang='lat' dir='ltr'><strong>se</strong></span> <span class='ocrx_word' id='word_1_576' title='bbox 1182 3797 1350 3880; x_wconf 88' lang='lat' dir='ltr'><strong>prostituit</strong></span> <span class='ocrx_word' id='word_1_577' title='bbox 1403 3797 1499 3864; x_wconf 90' lang='lat' dir='ltr'><strong>biles:</strong></span> <span class='ocrx_word' id='word_1_578' title='bbox 1523 3807 1556 3865; x_wconf 88' lang='lat' dir='ltr'><strong>et</strong></span> <span class='ocrx_word' id='word_1_579' title='bbox 1576 3800 1652 3866; x_wconf 93' lang='lat' dir='ltr'><strong>ideo</strong></span> <span class='ocrx_word' id='word_1_580' title='bbox 1673 3802 1707 3866; x_wconf 93' lang='lat' dir='ltr'><strong>in</strong></span> <span class='ocrx_word' id='word_1_581' title='bbox 1731 3803 1949 3886; x_wconf 88' lang='lat' dir='ltr'><strong>applieationo</strong></span> <span class='ocrx_word' id='word_1_582' title='bbox 1972 3803 2076 3888; x_wconf 89' lang='lat' dir='ltr'><strong>repeti</strong></span> <span class='ocrx_word' id='word_1_583' title='bbox 2092 3803 2189 3869; x_wconf 87' lang='lat' dir='ltr'><strong>debet</strong></span> <span class='ocrx_word' id='word_1_584' title='bbox 2203 3810 2381 3882; x_wconf 90' lang='lat' dir='ltr'><strong>utrumque</strong></span> 
     </span>
     <span class='ocr_line' id='line_1_40' title="bbox 370 3883 2380 3972; baseline 0 -24"><span class='ocrx_word' id='word_1_585' title='bbox 370 3892 439 3948; x_wconf 87' lang='lat' dir='ltr'><strong>tam</strong></span> <span class='ocrx_word' id='word_1_586' title='bbox 483 3903 521 3948; x_wconf 91' lang='lat' dir='ltr'><strong>su</strong></span> <span class='ocrx_word' id='word_1_587' title='bbox 545 3883 788 3961; x_wconf 89' lang='lat' dir='ltr'><strong>erstitiouibus,</strong></span> <span class='ocrx_word' id='word_1_588' title='bbox 841 3901 937 3965; x_wconf 89' lang='lat' dir='ltr'><strong>quam</strong></span> <span class='ocrx_word' id='word_1_589' title='bbox 986 3885 1151 3964; x_wconf 82' lang='lat' dir='ltr'><strong>perversis</strong></span> <span class='ocrx_word' id='word_1_590' title='bbox 1195 3883 1349 3949; x_wconf 88' lang='lat' dir='ltr'><strong>eonsiliis.</strong></span> <span class='ocrx_word' id='word_1_591' title='bbox 1404 3887 1597 3964; x_wconf 91' lang='lat' dir='ltr'><strong>membrum,</strong></span> <span class='ocrx_word' id='word_1_592' title='bbox 1620 3907 1721 3970; x_wconf 88' lang='lat' dir='ltr'><strong>quum</strong></span> <span class='ocrx_word' id='word_1_593' title='bbox 1738 3889 1826 3965; x_wconf 74' lang='lat' dir='ltr'><strong>didit,</strong></span> <span class='ocrx_word' id='word_1_594' title='bbox 1851 3889 1995 3972; x_wconf 78' lang='lat' dir='ltr'><strong>Populus</strong></span> <span class='ocrx_word' id='word_1_595' title='bbox 2009 3909 2098 3956; x_wconf 74' lang='lat' dir='ltr'><strong>mua</strong></span> <span class='ocrx_word' id='word_1_596' title='bbox 2112 3889 2228 3955; x_wconf 72' lang='lat' dir='ltr'><strong>oblitrta</strong></span> <span class='ocrx_word' id='word_1_597' title='bbox 2251 3892 2299 3953; x_wconf 82' lang='lat' dir='ltr'><strong>eat</strong></span> <span class='ocrx_word' id='word_1_598' title='bbox 2314 3883 2380 3950; x_wconf 83' lang='lat' dir='ltr'><strong>mei.</strong></span> 
     </span>
     <span class='ocr_line' id='line_1_41' title="bbox 370 3903 2382 4068; baseline 0 -33"><span class='ocrx_word' id='word_1_599' title='bbox 370 3967 472 4068; x_wconf 81' lang='lat' dir='ltr'><strong>Nune</strong></span> <span class='ocrx_word' id='word_1_600' title='bbox 492 3903 641 4053; x_wconf 78' lang='lat' dir='ltr'><strong>atlluugit</strong></span> <span class='ocrx_word' id='word_1_601' title='bbox 667 3967 917 4048; x_wconf 90' lang='lat' dir='ltr'><strong>similitudines,</strong></span> <span class='ocrx_word' id='word_1_602' title='bbox 945 3969 1062 4050; x_wconf 90' lang='lat' dir='ltr'><strong>quibus</strong></span> <span class='ocrx_word' id='word_1_603' title='bbox 1091 3969 1216 4034; x_wconf 88' lang='lat' dir='ltr'><strong>erimen</strong></span> <span class='ocrx_word' id='word_1_604' title='bbox 1245 3970 1350 4054; x_wconf 86' lang='lat' dir='ltr'><strong>magis</strong></span> <span class='ocrx_word' id='word_1_605' title='bbox 1403 3970 1477 4036; x_wconf 89' lang='lat' dir='ltr'><strong>Hoe</strong></span> <span class='ocrx_word' id='word_1_606' title='bbox 1499 3971 1630 4054; x_wconf 91' lang='lat' dir='ltr'><strong>quidem</strong></span> <span class='ocrx_word' id='word_1_607' title='bbox 1653 3995 1712 4058; x_wconf 90' lang='lat' dir='ltr'><strong>per</strong></span> <span class='ocrx_word' id='word_1_608' title='bbox 1734 3995 1768 4040; x_wconf 92' lang='lat' dir='ltr'><strong>se</strong></span> <span class='ocrx_word' id='word_1_609' title='bbox 1791 3975 1965 4042; x_wconf 90' lang='lat' dir='ltr'><strong>obsournm</strong></span> <span class='ocrx_word' id='word_1_610' title='bbox 1987 3983 2089 4054; x_wconf 89' lang='lat' dir='ltr'><strong>esset,</strong></span> <span class='ocrx_word' id='word_1_611' title='bbox 2122 3973 2174 4040; x_wconf 91' lang='lat' dir='ltr'><strong>vel</strong></span> <span class='ocrx_word' id='word_1_612' title='bbox 2204 3995 2275 4040; x_wconf 90' lang='lat' dir='ltr'><strong>non</strong></span> <span class='ocrx_word' id='word_1_613' title='bbox 2306 3971 2382 4038; x_wconf 88' lang='lat' dir='ltr'><strong>satis</strong></span> 
     </span>
     <span class='ocr_line' id='line_1_42' title="bbox 372 4053 2382 4146; baseline -0 -26"><span class='ocrx_word' id='word_1_614' title='bbox 372 4053 561 4138; x_wconf 82' lang='lat' dir='ltr'><strong>amplrfioet.</strong></span> <span class='ocrx_word' id='word_1_615' title='bbox 909 4097 912 4102; x_wconf 76' lang='lat'><strong>,</strong></span> <span class='ocrx_word' id='word_1_616' title='bbox 1403 4057 1613 4140; x_wconf 87' lang='lat' dir='ltr'><strong>explioitum:</strong></span> <span class='ocrx_word' id='word_1_617' title='bbox 1646 4059 1704 4126; x_wconf 92' lang='lat' dir='ltr'><strong>sed</strong></span> <span class='ocrx_word' id='word_1_618' title='bbox 1733 4062 1824 4127; x_wconf 88' lang='lat' dir='ltr'><strong>Deus</strong></span> <span class='ocrx_word' id='word_1_619' title='bbox 1854 4060 1908 4129; x_wconf 90' lang='lat' dir='ltr'><strong>hio</strong></span> <span class='ocrx_word' id='word_1_620' title='bbox 1935 4083 1977 4127; x_wconf 89' lang='lat' dir='ltr'><strong>ex</strong></span> <span class='ocrx_word' id='word_1_621' title='bbox 2013 4061 2183 4146; x_wconf 88' lang='lat' dir='ltr'><strong>superiore</strong></span> <span class='ocrx_word' id='word_1_622' title='bbox 2219 4057 2382 4128; x_wconf 89' lang='lat' dir='ltr'><strong>sententia</strong></span> 
     </span>
    </p>
   </div>
   <div class='ocr_carea' id='block_1_4' title="bbox 460 4143 2383 4317">
    <p class='ocr_par' dir='ltr' id='par_1_5' title="bbox 460 4143 2383 4317">
     <span class='ocr_line' id='line_1_43' title="bbox 526 4143 2383 4232; baseline 0.004 -31"><span class='ocrx_word' id='word_1_623' title='bbox 526 4177 531 4188; x_wconf 90' lang='lat'><em>·</em></span> <span class='ocrx_word' id='word_1_624' title='bbox 1403 4143 1533 4224; x_wconf 88' lang='lat' dir='ltr'><strong>repetit,</strong></span> <span class='ocrx_word' id='word_1_625' title='bbox 1556 4165 1591 4208; x_wconf 93' lang='lat' dir='ltr'><strong>se</strong></span> <span class='ocrx_word' id='word_1_626' title='bbox 1614 4165 1685 4210; x_wconf 88' lang='lat' dir='ltr'><strong>esse</strong></span> <span class='ocrx_word' id='word_1_627' title='bbox 1707 4147 1830 4213; x_wconf 84' lang='lat' dir='ltr'><strong>fontem</strong></span> <span class='ocrx_word' id='word_1_628' title='bbox 1853 4149 2085 4231; x_wconf 86' lang='lat' dir='ltr'><strong>aquaevivae,</strong></span> <span class='ocrx_word' id='word_1_629' title='bbox 2108 4148 2165 4232; x_wconf 91' lang='lat' dir='ltr'><strong>qui</strong></span> <span class='ocrx_word' id='word_1_630' title='bbox 2187 4147 2234 4213; x_wconf 84' lang='lat' dir='ltr'><strong>sit</strong></span> <span class='ocrx_word' id='word_1_631' title='bbox 2253 4143 2383 4213; x_wconf 88' lang='lat' dir='ltr'><strong>Iudaeis</strong></span> 
     </span>
     <span class='ocr_line' id='line_1_44' title="bbox 460 4223 2382 4317; baseline 0.003 -29"><span class='ocrx_word' id='word_1_632' title='bbox 460 4225 508 4290; x_wconf 87' lang='lat'><strong>14.</strong></span> <span class='ocrx_word' id='word_1_633' title='bbox 532 4225 587 4290; x_wconf 86' lang='lat' dir='ltr'><strong>An</strong></span> <span class='ocrx_word' id='word_1_634' title='bbox 608 4223 765 4306; x_wconf 75' lang='lat' dir='ltr'><strong>relinquet</strong></span> <span class='ocrx_word' id='word_1_635' title='bbox 786 4245 802 4289; x_wconf 88' lang='grc' dir='ltr'><strong>ο</strong></span> <span class='ocrx_word' id='word_1_636' title='bbox 823 4243 901 4306; x_wconf 81' lang='lat' dir='ltr'><strong>rupe</strong></span> <span class='ocrx_word' id='word_1_637' title='bbox 923 4223 995 4307; x_wconf 78' lang='lat' dir='ltr'><strong>agri</strong></span> <span class='ocrx_word' id='word_1_638' title='bbox 1016 4223 1119 4288; x_wconf 77' lang='lat' dir='ltr'><strong>uiues</strong></span> <span class='ocrx_word' id='word_1_639' title='bbox 1141 4225 1284 4290; x_wconf 65' lang='lat' dir='ltr'><strong>labeni?</strong></span> <span class='ocrx_word' id='word_1_640' title='bbox 1308 4246 1351 4291; x_wconf 85' lang='lat' dir='ltr'><strong>un</strong></span> <span class='ocrx_word' id='word_1_641' title='bbox 1403 4229 1587 4307; x_wconf 86' lang='lat' dir='ltr'><strong>expositus:</strong></span> <span class='ocrx_word' id='word_1_642' title='bbox 1620 4230 1735 4296; x_wconf 88' lang='lat' dir='ltr'><strong>deinde</strong></span> <span class='ocrx_word' id='word_1_643' title='bbox 1765 4253 1857 4299; x_wconf 85' lang='lat' dir='ltr'><strong>suam</strong></span> <span class='ocrx_word' id='word_1_644' title='bbox 1888 4234 2154 4313; x_wconf 86' lang='lat' dir='ltr'><strong>benefiaentiam,</strong></span> <span class='ocrx_word' id='word_1_645' title='bbox 2188 4243 2224 4299; x_wconf 86' lang='lat' dir='ltr'><strong>et</strong></span> <span class='ocrx_word' id='word_1_646' title='bbox 2253 4230 2382 4317; x_wconf 92' lang='lat' dir='ltr'><strong>quidem</strong></span> 
     </span>
    </p>
   </div>
   <div class='ocr_carea' id='block_1_5' title="bbox 371 4308 2384 4490">
    <p class='ocr_par' dir='ltr' id='par_1_6' title="bbox 371 4308 2384 4490">
     <span class='ocr_line' id='line_1_45' title="bbox 371 4308 2383 4402; baseline 0.002 -26"><span class='ocrx_word' id='word_1_647' title='bbox 371 4311 586 4393; x_wconf 80' lang='lat' dir='ltr'><strong>relinquentur</strong></span> <span class='ocrx_word' id='word_1_648' title='bbox 606 4329 707 4392; x_wconf 80' lang='lat' dir='ltr'><strong>oquae</strong></span> <span class='ocrx_word' id='word_1_649' title='bbox 729 4310 860 4388; x_wconf 79' lang='lat' dir='ltr'><strong>elisaee,</strong></span> <span class='ocrx_word' id='word_1_650' title='bbox 882 4314 909 4375; x_wconf 82' lang='lat' dir='ltr'><strong>et</strong></span> <span class='ocrx_word' id='word_1_651' title='bbox 929 4308 1070 4392; x_wconf 76' lang='lat' dir='ltr'><strong>frigidae</strong></span> <span class='ocrx_word' id='word_1_652' title='bbox 1087 4309 1243 4388; x_wconf 65' lang='lat' dir='ltr'><strong>limos?</strong></span> <span class='ocrx_word' id='word_1_653' title='bbox 1405 4309 1618 4394; x_wconf 78' lang='lat' dir='ltr'><strong>multiplicem</strong></span> <span class='ocrx_word' id='word_1_654' title='bbox 1643 4316 1746 4382; x_wconf 88' lang='lat' dir='ltr'><strong>fluere</strong></span> <span class='ocrx_word' id='word_1_655' title='bbox 1775 4339 1834 4400; x_wconf 89' lang='lat' dir='ltr'><strong>per</strong></span> <span class='ocrx_word' id='word_1_656' title='bbox 1860 4320 1990 4386; x_wconf 87' lang='lat' dir='ltr'><strong>uenales</strong></span> <span class='ocrx_word' id='word_1_657' title='bbox 2021 4322 2125 4386; x_wconf 86' lang='lat' dir='ltr'><strong>instar</strong></span> <span class='ocrx_word' id='word_1_658' title='bbox 2153 4341 2259 4402; x_wconf 92' lang='lat' dir='ltr'><strong>aquae</strong></span> <span class='ocrx_word' id='word_1_659' title='bbox 2290 4318 2383 4385; x_wconf 81' lang='lat' dir='ltr'><strong>rivae</strong></span> 
     </span>
     <span class='ocr_line' id='line_1_46' title="bbox 461 4393 2384 4490; baseline 0.003 -30"><span class='ocrx_word' id='word_1_660' title='bbox 461 4397 512 4462; x_wconf 80' lang='lat'><strong>15.</strong></span> <span class='ocrx_word' id='word_1_661' title='bbox 551 4395 635 4476; x_wconf 79' lang='lat' dir='ltr'><strong>Quia</strong></span> <span class='ocrx_word' id='word_1_662' title='bbox 657 4394 771 4460; x_wconf 80' lang='lat' dir='ltr'><strong>oblitas</strong></span> <span class='ocrx_word' id='word_1_663' title='bbox 793 4399 837 4459; x_wconf 82' lang='lat' dir='ltr'><strong>eet</strong></span> <span class='ocrx_word' id='word_1_664' title='bbox 858 4396 919 4459; x_wconf 82' lang='lat' dir='ltr'><strong>mei</strong></span> <span class='ocrx_word' id='word_1_665' title='bbox 935 4393 1076 4475; x_wconf 80' lang='lat' dir='ltr'><strong>populus</strong></span> <span class='ocrx_word' id='word_1_666' title='bbox 1097 4413 1200 4477; x_wconf 76' lang='lat' dir='ltr'><strong>mersa,</strong></span> <span class='ocrx_word' id='word_1_667' title='bbox 1226 4395 1352 4476; x_wconf 78' lang='lat' dir='ltr'><strong>frustra</strong></span> <span class='ocrx_word' id='word_1_668' title='bbox 1404 4402 1437 4459; x_wconf 89' lang='lat' dir='ltr'><strong>et</strong></span> <span class='ocrx_word' id='word_1_669' title='bbox 1458 4395 1604 4480; x_wconf 85' lang='lat' dir='ltr'><strong>frigidae.</strong></span> <span class='ocrx_word' id='word_1_670' title='bbox 1639 4400 1803 4482; x_wconf 78' lang='lat' dir='ltr'><strong>Quoniam</strong></span> <span class='ocrx_word' id='word_1_671' title='bbox 1826 4425 1903 4489; x_wconf 90' lang='lat' dir='ltr'><strong>ergo</strong></span> <span class='ocrx_word' id='word_1_672' title='bbox 1925 4406 2064 4490; x_wconf 90' lang='lat' dir='ltr'><strong>populus</strong></span> <span class='ocrx_word' id='word_1_673' title='bbox 2080 4406 2145 4471; x_wconf 90' lang='lat' dir='ltr'><strong>Dei</strong></span> <span class='ocrx_word' id='word_1_674' title='bbox 2167 4405 2384 4480; x_wconf 83' lang='lat' dir='ltr'><strong>oblivisoitnr,</strong></span> 
     </span>
    </p>
   </div>
   <div class='ocr_carea' id='block_1_6' title="bbox 371 4478 2384 4662">
    <p class='ocr_par' dir='ltr' id='par_1_7' title="bbox 371 4478 2384 4662">
     <span class='ocr_line' id='line_1_47' title="bbox 371 4478 2384 4580; baseline 0.001 -31"><span class='ocrx_word' id='word_1_675' title='bbox 371 4481 517 4566; x_wconf 65' lang='lat' dir='ltr'><strong>suffitum</strong></span> <span class='ocrx_word' id='word_1_676' title='bbox 536 4482 662 4564; x_wconf 78' lang='lat' dir='ltr'><strong>suriunt</strong></span> <span class='ocrx_word' id='word_1_677' title='bbox 682 4479 749 4566; x_wconf 85' lang='lat' dir='ltr'><strong>(vel</strong></span> <span class='ocrx_word' id='word_1_678' title='bbox 765 4479 921 4580; x_wconf 82' lang='lat' dir='ltr'><strong>adolent),</strong></span> <span class='ocrx_word' id='word_1_679' title='bbox 942 4481 1018 4545; x_wconf 80' lang='lat' dir='ltr'><strong>dum</strong></span> <span class='ocrx_word' id='word_1_680' title='bbox 1033 4498 1184 4578; x_wconf 33' lang='lat' dir='ltr'><strong>‘terruere</strong></span> <span class='ocrx_word' id='word_1_681' title='bbox 1204 4497 1256 4544; x_wconf 85' lang='lat' dir='ltr'><strong>eoa</strong></span> <span class='ocrx_word' id='word_1_682' title='bbox 1275 4480 1352 4560; x_wconf 80' lang='lat' dir='ltr'><strong>feee-</strong></span> <span class='ocrx_word' id='word_1_683' title='bbox 1405 4478 1453 4545; x_wconf 89' lang='lat' dir='ltr'><strong>bis</strong></span> <span class='ocrx_word' id='word_1_684' title='bbox 1469 4481 1618 4566; x_wconf 89' lang='lat' dir='ltr'><strong>ingratus</strong></span> <span class='ocrx_word' id='word_1_685' title='bbox 1633 4495 1692 4566; x_wconf 89' lang='lat' dir='ltr'><strong>est,</strong></span> <span class='ocrx_word' id='word_1_686' title='bbox 1715 4510 1833 4572; x_wconf 90' lang='lat' dir='ltr'><strong>nempe</strong></span> <span class='ocrx_word' id='word_1_687' title='bbox 1849 4493 2001 4574; x_wconf 89' lang='lat' dir='ltr'><strong>quoniam</strong></span> <span class='ocrx_word' id='word_1_688' title='bbox 2018 4512 2085 4557; x_wconf 92' lang='lat' dir='ltr'><strong>uon</strong></span> <span class='ocrx_word' id='word_1_689' title='bbox 2101 4489 2259 4576; x_wconf 81' lang='lat' dir='ltr'><strong>dignetur</strong></span> <span class='ocrx_word' id='word_1_690' title='bbox 2275 4489 2384 4556; x_wconf 91' lang='lat' dir='ltr'><strong>bibere</strong></span> 
     </span>
     <span class='ocr_line' id='line_1_48' title="bbox 371 4562 2384 4662; baseline 0.002 -28"><span class='ocrx_word' id='word_1_691' title='bbox 371 4573 446 4634; x_wconf 83' lang='lat' dir='ltr'><strong>runt</strong></span> <span class='ocrx_word' id='word_1_692' title='bbox 474 4565 604 4654; x_wconf 88' lang='lat' dir='ltr'><strong>(eopula</strong></span> <span class='ocrx_word' id='word_1_693' title='bbox 633 4568 719 4631; x_wconf 90' lang='lat' dir='ltr'><strong>enim</strong></span> <span class='ocrx_word' id='word_1_694' title='bbox 750 4564 947 4649; x_wconf 80' lang='lat' dir='ltr'><strong>expireunve</strong></span> <span class='ocrx_word' id='word_1_695' title='bbox 975 4573 1134 4647; x_wconf 82' lang='lat' dir='ltr'><strong>aeorprtur</strong></span> <span class='ocrx_word' id='word_1_696' title='bbox 1159 4562 1212 4631; x_wconf 87' lang='lat' dir='ltr'><strong>vel</strong></span> <span class='ocrx_word' id='word_1_697' title='bbox 1241 4583 1352 4629; x_wconf 88' lang='lat' dir='ltr'><strong>eausa·</strong></span> <span class='ocrx_word' id='word_1_698' title='bbox 1405 4585 1445 4630; x_wconf 85' lang='lat' dir='ltr'><strong>ex</strong></span> <span class='ocrx_word' id='word_1_699' title='bbox 1468 4566 1557 4633; x_wconf 80' lang='lat' dir='ltr'><strong>fonte</strong></span> <span class='ocrx_word' id='word_1_700' title='bbox 1579 4571 1657 4652; x_wconf 88' lang='lat' dir='ltr'><strong>ipso,</strong></span> <span class='ocrx_word' id='word_1_701' title='bbox 1680 4586 1713 4638; x_wconf 89' lang='lat' dir='ltr'><strong>et</strong></span> <span class='ocrx_word' id='word_1_702' title='bbox 1735 4575 1880 4641; x_wconf 83' lang='lat' dir='ltr'><strong>fastidiat</strong></span> <span class='ocrx_word' id='word_1_703' title='bbox 1902 4596 2003 4660; x_wconf 87' lang='lat' dir='ltr'><strong>aquas</strong></span> <span class='ocrx_word' id='word_1_704' title='bbox 2025 4577 2161 4662; x_wconf 79' lang='lat' dir='ltr'><strong>frigidas</strong></span> <span class='ocrx_word' id='word_1_705' title='bbox 2183 4583 2218 4641; x_wconf 89' lang='lat' dir='ltr'><strong>et</strong></span> <span class='ocrx_word' id='word_1_706' title='bbox 2232 4579 2384 4651; x_wconf 87' lang='lat' dir='ltr'><strong>fluentes,</strong></span> 
     </span>
    </p>
   </div>
   <div class='ocr_carea' id='block_1_7' title="bbox 343 4647 2386 5004">
    <p class='ocr_par' dir='ltr' id='par_1_8' title="bbox 343 4647 2386 5004">
     <span class='ocr_line' id='line_1_49' title="bbox 343 4647 2384 4749; baseline -0.005 -16"><span class='ocrx_word' id='word_1_707' title='bbox 343 4654 462 4742; x_wconf 77' lang='lat' dir='ltr'><strong>‚literl</strong></span> <span class='ocrx_word' id='word_1_708' title='bbox 484 4655 520 4720; x_wconf 75' lang='lat' dir='ltr'><strong>ia</strong></span> <span class='ocrx_word' id='word_1_709' title='bbox 541 4653 604 4718; x_wconf 74' lang='lat' dir='ltr'><strong>vtis</strong></span> <span class='ocrx_word' id='word_1_710' title='bbox 625 4652 694 4717; x_wconf 74' lang='lat' dir='ltr'><strong>sets</strong></span> <span class='ocrx_word' id='word_1_711' title='bbox 716 4651 782 4738; x_wconf 79' lang='lat' dir='ltr'><strong>(vet</strong></span> <span class='ocrx_word' id='word_1_712' title='bbox 805 4650 981 4749; x_wconf 68' lang='lat' dir='ltr'><strong>ipsorum),</strong></span> <span class='ocrx_word' id='word_1_713' title='bbox 1015 4651 1135 4716; x_wconf 70' lang='lat' dir='ltr'><strong>senuas</strong></span> <span class='ocrx_word' id='word_1_714' title='bbox 1155 4647 1289 4732; x_wconf 67' lang='lat' dir='ltr'><strong>suedi,</strong></span> <span class='ocrx_word' id='word_1_715' title='bbox 1318 4655 1352 4716; x_wconf 85' lang='lat' dir='ltr'><strong>ut</strong></span> <span class='ocrx_word' id='word_1_716' title='bbox 1404 4649 1466 4717; x_wconf 82' lang='lat' dir='ltr'><strong>hoo</strong></span> <span class='ocrx_word' id='word_1_717' title='bbox 1492 4663 1557 4732; x_wconf 80' lang='lat' dir='ltr'><strong>est,</strong></span> <span class='ocrx_word' id='word_1_718' title='bbox 1591 4677 1657 4723; x_wconf 84' lang='lat' dir='ltr'><strong>non</strong></span> <span class='ocrx_word' id='word_1_719' title='bbox 1686 4660 1874 4740; x_wconf 74' lang='lat' dir='ltr'><strong>eatetenus,</strong></span> <span class='ocrx_word' id='word_1_720' title='bbox 1909 4662 1995 4729; x_wconf 80' lang='lat' dir='ltr'><strong>unde</strong></span> <span class='ocrx_word' id='word_1_721' title='bbox 2023 4663 2233 4730; x_wconf 63' lang='lat' dir='ltr'><strong>metebitur</strong></span> <span class='ocrx_word' id='word_1_722' title='bbox 2262 4663 2384 4728; x_wconf 73' lang='lat' dir='ltr'><strong>fesor:</strong></span> 
     </span>
     <span class='ocr_line' id='line_1_50' title="bbox 371 4732 2385 4831; baseline 0 -21"><span class='ocrx_word' id='word_1_723' title='bbox 371 4741 570 4808; x_wconf 70' lang='lat' dir='ltr'><strong>ambularem</strong></span> <span class='ocrx_word' id='word_1_724' title='bbox 592 4759 654 4820; x_wconf 76' lang='lat' dir='ltr'><strong>per</strong></span> <span class='ocrx_word' id='word_1_725' title='bbox 679 4738 822 4815; x_wconf 69' lang='lat' dir='ltr'><strong>sentitus,</strong></span> <span class='ocrx_word' id='word_1_726' title='bbox 854 4755 941 4802; x_wconf 77' lang='lat' dir='ltr'><strong>atam</strong></span> <span class='ocrx_word' id='word_1_727' title='bbox 968 4755 1029 4800; x_wconf 82' lang='lat' dir='ltr'><strong>non</strong></span> <span class='ocrx_word' id='word_1_728' title='bbox 1056 4736 1207 4802; x_wconf 68' lang='lat' dir='ltr'><strong>numam</strong></span> <span class='ocrx_word' id='word_1_729' title='bbox 1237 4732 1351 4819; x_wconf 75' lang='lat' dir='ltr'><strong>(quem</strong></span> <span class='ocrx_word' id='word_1_730' title='bbox 1404 4735 1522 4805; x_wconf 87' lang='lat' dir='ltr'><strong>deiude</strong></span> <span class='ocrx_word' id='word_1_731' title='bbox 1548 4761 1647 4822; x_wconf 87' lang='lat' dir='ltr'><strong>puras</strong></span> <span class='ocrx_word' id='word_1_732' title='bbox 1669 4755 1702 4808; x_wconf 90' lang='lat' dir='ltr'><strong>et</strong></span> <span class='ocrx_word' id='word_1_733' title='bbox 1735 4746 1886 4828; x_wconf 90' lang='lat' dir='ltr'><strong>liquidas,</strong></span> <span class='ocrx_word' id='word_1_734' title='bbox 1920 4768 2004 4831; x_wconf 90' lang='lat' dir='ltr'><strong>quae</strong></span> <span class='ocrx_word' id='word_1_735' title='bbox 2036 4749 2120 4814; x_wconf 91' lang='lat' dir='ltr'><strong>nihil</strong></span> <span class='ocrx_word' id='word_1_736' title='bbox 2154 4748 2282 4814; x_wconf 84' lang='lat' dir='ltr'><strong>habeut</strong></span> <span class='ocrx_word' id='word_1_737' title='bbox 2315 4746 2385 4812; x_wconf 92' lang='lat' dir='ltr'><strong>luti.</strong></span> 
     </span>
     <span class='ocr_line' id='line_1_51' title="bbox 373 4807 2385 4919; baseline 0.001 -27"><span class='ocrx_word' id='word_1_738' title='bbox 373 4848 473 4910; x_wconf 88' lang='lat' dir='ltr'><strong>quam</strong></span> <span class='ocrx_word' id='word_1_739' title='bbox 496 4827 633 4892; x_wconf 86' lang='lat' dir='ltr'><strong>verbum</strong></span> <span class='ocrx_word' id='word_1_740' title='bbox 655 4807 724 4890; x_wconf 63' lang='lat' dir='ltr'><strong>blla</strong></span> <span class='ocrx_word' id='word_1_741' title='bbox 752 4821 918 4906; x_wconf 89' lang='lat' dir='ltr'><strong>signifieat</strong></span> <span class='ocrx_word' id='word_1_742' title='bbox 946 4821 1046 4885; x_wconf 87' lang='lat' dir='ltr'><strong>etiam</strong></span> <span class='ocrx_word' id='word_1_743' title='bbox 1072 4821 1270 4903; x_wconf 79' lang='lat' dir='ltr'><strong>impingere,</strong></span> <span class='ocrx_word' id='word_1_744' title='bbox 1299 4820 1351 4885; x_wconf 86' lang='lat' dir='ltr'><strong>vel</strong></span> <span class='ocrx_word' id='word_1_745' title='bbox 1403 4821 1529 4888; x_wconf 85' lang='lat' dir='ltr'><strong>Iterum</strong></span> <span class='ocrx_word' id='word_1_746' title='bbox 1553 4837 1647 4893; x_wconf 81' lang='lat' dir='ltr'><strong>vorat</strong></span> <span class='ocrx_word' id='word_1_747' title='bbox 1664 4831 1818 4913; x_wconf 66' lang='lat' dir='ltr'><strong>pensitam</strong></span> <span class='ocrx_word' id='word_1_748' title='bbox 1838 4853 1940 4910; x_wconf 81' lang='lat' dir='ltr'><strong>saum,</strong></span> <span class='ocrx_word' id='word_1_749' title='bbox 1963 4835 2020 4900; x_wconf 93' lang='lat' dir='ltr'><strong>sed</strong></span> <span class='ocrx_word' id='word_1_750' title='bbox 2038 4834 2150 4919; x_wconf 85' lang='lat' dir='ltr'><strong>probri</strong></span> <span class='ocrx_word' id='word_1_751' title='bbox 2166 4853 2285 4901; x_wconf 65' lang='lat' dir='ltr'><strong>naun:</strong></span> <span class='ocrx_word' id='word_1_752' title='bbox 2310 4851 2385 4898; x_wconf 84' lang='lat' dir='ltr'><strong>num</strong></span> 
     </span>
     <span class='ocr_line' id='line_1_52' title="bbox 372 4905 2386 5004; baseline 0.002 -26"><span class='ocrx_word' id='word_1_753' title='bbox 372 4913 546 4992; x_wconf 86' lang='lat' dir='ltr'><strong>offendere,</strong></span> <span class='ocrx_word' id='word_1_754' title='bbox 575 4909 651 4975; x_wconf 91' lang='lat' dir='ltr'><strong>ideo</strong></span> <span class='ocrx_word' id='word_1_755' title='bbox 672 4907 756 4974; x_wconf 83' lang='lat' dir='ltr'><strong>verti</strong></span> <span class='ocrx_word' id='word_1_756' title='bbox 778 4919 896 4992; x_wconf 86' lang='lat' dir='ltr'><strong>posset,</strong></span> <span class='ocrx_word' id='word_1_757' title='bbox 926 4914 960 4971; x_wconf 90' lang='lat' dir='ltr'><strong>et</strong></span> <span class='ocrx_word' id='word_1_758' title='bbox 980 4925 1036 4971; x_wconf 90' lang='lat' dir='ltr'><strong>eos</strong></span> <span class='ocrx_word' id='word_1_759' title='bbox 1064 4906 1246 4988; x_wconf 85' lang='lat' dir='ltr'><strong>impingere</strong></span> <span class='ocrx_word' id='word_1_760' title='bbox 1269 4905 1350 4970; x_wconf 84' lang='lat' dir='ltr'><strong>leoe-</strong></span> <span class='ocrx_word' id='word_1_761' title='bbox 1404 4909 1514 4974; x_wconf 91' lang='lat' dir='ltr'><strong>minus</strong></span> <span class='ocrx_word' id='word_1_762' title='bbox 1536 4914 1730 4980; x_wconf 76' lang='lat' dir='ltr'><strong>excusabilis</strong></span> <span class='ocrx_word' id='word_1_763' title='bbox 1753 4917 1815 4980; x_wconf 88' lang='lat' dir='ltr'><strong>fuit</strong></span> <span class='ocrx_word' id='word_1_764' title='bbox 1838 4918 1918 4984; x_wconf 87' lang='lat' dir='ltr'><strong>haee</strong></span> <span class='ocrx_word' id='word_1_765' title='bbox 1933 4922 2140 5001; x_wconf 85' lang='lat' dir='ltr'><strong>perversitas,</strong></span> <span class='ocrx_word' id='word_1_766' title='bbox 2163 4941 2279 5004; x_wconf 89' lang='lat' dir='ltr'><strong>qumm</strong></span> <span class='ocrx_word' id='word_1_767' title='bbox 2299 4919 2386 4985; x_wconf 91' lang='lat' dir='ltr'><strong>Deus</strong></span> 
     </span>
    </p>
   </div>
   <div class='ocr_carea' id='block_1_8' title="bbox 374 4995 2387 5091">
    <p class='ocr_par' dir='ltr' id='par_1_9' title="bbox 374 4995 2387 5091">
     <span class='ocr_line' id='line_1_53' title="bbox 374 4995 2387 5091; baseline 0.002 -29"><span class='ocrx_word' id='word_1_768' title='bbox 374 5004 454 5064; x_wconf 89' lang='lat' dir='ltr'><strong>runt</strong></span> <span class='ocrx_word' id='word_1_769' title='bbox 475 5000 509 5063; x_wconf 93' lang='lat' dir='ltr'><strong>in</strong></span> <span class='ocrx_word' id='word_1_770' title='bbox 533 4998 597 5063; x_wconf 81' lang='lat' dir='ltr'><strong>viis</strong></span> <span class='ocrx_word' id='word_1_771' title='bbox 617 4995 695 5061; x_wconf 89' lang='lat' dir='ltr'><strong>suis.</strong></span> <span class='ocrx_word' id='word_1_772' title='bbox 1405 4995 1614 5073; x_wconf 75' lang='lat' dir='ltr'><strong>peculiariter</strong></span> <span class='ocrx_word' id='word_1_773' title='bbox 1629 4999 1759 5066; x_wconf 89' lang='lat' dir='ltr'><strong>ludaeis</strong></span> <span class='ocrx_word' id='word_1_774' title='bbox 1774 5023 1808 5066; x_wconf 89' lang='lat' dir='ltr'><strong>se</strong></span> <span class='ocrx_word' id='word_1_775' title='bbox 1824 5003 1965 5086; x_wconf 86' lang='lat' dir='ltr'><strong>offerret,</strong></span> <span class='ocrx_word' id='word_1_776' title='bbox 1987 5005 2037 5070; x_wconf 94' lang='lat' dir='ltr'><strong>illi</strong></span> <span class='ocrx_word' id='word_1_777' title='bbox 2061 5017 2172 5072; x_wconf 90' lang='lat' dir='ltr'><strong>autem</strong></span> <span class='ocrx_word' id='word_1_778' title='bbox 2188 5015 2387 5091; x_wconf 88' lang='lat' dir='ltr'><strong>respuerent</strong></span> 
     </span>
    </p>
   </div>
   <div class='ocr_carea' id='block_1_9' title="bbox 460 5077 2388 5253">
    <p class='ocr_par' dir='ltr' id='par_1_10' title="bbox 460 5077 2388 5253">
     <span class='ocr_line' id='line_1_54' title="bbox 1405 5077 2388 5160; baseline 0.013 -20"><span class='ocrx_word' id='word_1_779' title='bbox 1405 5077 1547 5144; x_wconf 87' lang='lat' dir='ltr'><strong>oblatam</strong></span> <span class='ocrx_word' id='word_1_780' title='bbox 1577 5084 1646 5150; x_wconf 89' lang='lat' dir='ltr'><strong>eius</strong></span> <span class='ocrx_word' id='word_1_781' title='bbox 1673 5085 1911 5154; x_wconf 88' lang='lat' dir='ltr'><strong>liberalitatem.</strong></span> <span class='ocrx_word' id='word_1_782' title='bbox 1958 5089 1995 5157; x_wconf 85' lang='lat' dir='ltr'><strong>Si</strong></span> <span class='ocrx_word' id='word_1_783' title='bbox 2026 5093 2088 5159; x_wconf 93' lang='lat' dir='ltr'><strong>hoe</strong></span> <span class='ocrx_word' id='word_1_784' title='bbox 2117 5093 2239 5160; x_wconf 84' lang='lat' dir='ltr'><strong>laetum</strong></span> <span class='ocrx_word' id='word_1_785' title='bbox 2273 5093 2388 5158; x_wconf 82' lang='lat' dir='ltr'><strong>luisset</strong></span> 
     </span>
     <span class='ocr_line' id='line_1_55' title="bbox 460 5158 2387 5253; baseline 0.004 -20"><span class='ocrx_word' id='word_1_786' title='bbox 460 5169 526 5233; x_wconf 91' lang='lat' dir='ltr'><strong>Hie</strong></span> <span class='ocrx_word' id='word_1_787' title='bbox 546 5165 820 5253; x_wconf 88' lang='lat' dir='ltr'><strong>quemadmodum</strong></span> <span class='ocrx_word' id='word_1_788' title='bbox 844 5183 949 5248; x_wconf 92' lang='lat' dir='ltr'><strong>nuper</strong></span> <span class='ocrx_word' id='word_1_789' title='bbox 971 5161 1075 5244; x_wconf 88' lang='lat' dir='ltr'><strong>attigi,</strong></span> <span class='ocrx_word' id='word_1_790' title='bbox 1098 5161 1220 5225; x_wconf 89' lang='lat' dir='ltr'><strong>orimeu</strong></span> <span class='ocrx_word' id='word_1_791' title='bbox 1242 5158 1353 5242; x_wconf 91' lang='lat' dir='ltr'><strong>populi</strong></span> <span class='ocrx_word' id='word_1_792' title='bbox 1405 5166 1582 5245; x_wconf 84' lang='lat' dir='ltr'><strong>aprolauis</strong></span> <span class='ocrx_word' id='word_1_793' title='bbox 1597 5170 1758 5252; x_wconf 88' lang='lat' dir='ltr'><strong>gentibus,</strong></span> <span class='ocrx_word' id='word_1_794' title='bbox 1781 5184 1852 5238; x_wconf 89' lang='lat' dir='ltr'><strong>erat</strong></span> <span class='ocrx_word' id='word_1_795' title='bbox 1866 5175 1973 5243; x_wconf 85' lang='lat' dir='ltr'><strong>levius</strong></span> <span class='ocrx_word' id='word_1_796' title='bbox 1988 5176 2161 5244; x_wconf 87' lang='lat' dir='ltr'><strong>delietum:</strong></span> <span class='ocrx_word' id='word_1_797' title='bbox 2183 5179 2280 5245; x_wconf 90' lang='lat' dir='ltr'><strong>Deus</strong></span> <span class='ocrx_word' id='word_1_798' title='bbox 2300 5179 2387 5244; x_wconf 91' lang='lat' dir='ltr'><strong>euim</strong></span> 
     </span>
    </p>
   </div>
   <div class='ocr_carea' id='block_1_10' title="bbox 374 5245 2388 5428">
    <p class='ocr_par' dir='ltr' id='par_1_11' title="bbox 374 5245 2388 5428">
     <span class='ocr_line' id='line_1_56' title="bbox 374 5245 2388 5350; baseline 0.003 -30"><span class='ocrx_word' id='word_1_799' title='bbox 374 5263 556 5340; x_wconf 86' lang='lat' dir='ltr'><strong>exaggerat</strong></span> <span class='ocrx_word' id='word_1_800' title='bbox 577 5254 671 5320; x_wconf 89' lang='lat' dir='ltr'><strong>Deua</strong></span> <span class='ocrx_word' id='word_1_801' title='bbox 694 5251 817 5338; x_wconf 88' lang='lat' dir='ltr'><strong>duplioi</strong></span> <span class='ocrx_word' id='word_1_802' title='bbox 839 5248 1063 5318; x_wconf 89' lang='lat' dir='ltr'><strong>similitudine.</strong></span> <span class='ocrx_word' id='word_1_803' title='bbox 1107 5245 1193 5345; x_wconf 76' lang='lat' dir='ltr'><strong>liam</strong></span> <span class='ocrx_word' id='word_1_804' title='bbox 1223 5245 1352 5344; x_wconf 78' lang='lat' dir='ltr'><strong>siquis</strong></span> <span class='ocrx_word' id='word_1_805' title='bbox 1405 5266 1471 5311; x_wconf 91' lang='lat' dir='ltr'><strong>nou</strong></span> <span class='ocrx_word' id='word_1_806' title='bbox 1494 5248 1648 5334; x_wconf 86' lang='lat' dir='ltr'><strong>dignatus</strong></span> <span class='ocrx_word' id='word_1_807' title='bbox 1670 5255 1778 5322; x_wconf 84' lang='lat' dir='ltr'><strong>fuerat</strong></span> <span class='ocrx_word' id='word_1_808' title='bbox 1799 5259 1872 5326; x_wconf 91' lang='lat' dir='ltr'><strong>illas</strong></span> <span class='ocrx_word' id='word_1_809' title='bbox 1895 5269 1963 5327; x_wconf 90' lang='lat' dir='ltr'><strong>tam</strong></span> <span class='ocrx_word' id='word_1_810' title='bbox 1986 5263 2109 5348; x_wconf 92' lang='lat' dir='ltr'><strong>insigni</strong></span> <span class='ocrx_word' id='word_1_811' title='bbox 2139 5267 2388 5350; x_wconf 87' lang='lat' dir='ltr'><strong>praerogativa:</strong></span> 
     </span>
     <span class='ocr_line' id='line_1_57' title="bbox 374 5331 2388 5428; baseline 0.003 -21"><span class='ocrx_word' id='word_1_812' title='bbox 374 5359 496 5423; x_wconf 90' lang='lat' dir='ltr'><strong>aquam</strong></span> <span class='ocrx_word' id='word_1_813' title='bbox 518 5341 652 5407; x_wconf 85' lang='lat' dir='ltr'><strong>haurire</strong></span> <span class='ocrx_word' id='word_1_814' title='bbox 674 5340 778 5425; x_wconf 89' lang='lat' dir='ltr'><strong>possit</strong></span> <span class='ocrx_word' id='word_1_815' title='bbox 799 5339 834 5405; x_wconf 96' lang='lat' dir='ltr'><strong>in</strong></span> <span class='ocrx_word' id='word_1_816' title='bbox 856 5355 936 5421; x_wconf 82' lang='lat' dir='ltr'><strong>agro</strong></span> <span class='ocrx_word' id='word_1_817' title='bbox 958 5353 1035 5416; x_wconf 88' lang='lat' dir='ltr'><strong>suo,</strong></span> <span class='ocrx_word' id='word_1_818' title='bbox 1068 5339 1101 5398; x_wconf 88' lang='lat' dir='ltr'><strong>et</strong></span> <span class='ocrx_word' id='word_1_819' title='bbox 1120 5331 1188 5397; x_wconf 86' lang='lat' dir='ltr'><strong>rllro</strong></span> <span class='ocrx_word' id='word_1_820' title='bbox 1209 5334 1353 5412; x_wconf 78' lang='lat' dir='ltr'><strong>reperiat</strong></span> <span class='ocrx_word' id='word_1_821' title='bbox 1405 5331 1461 5396; x_wconf 91' lang='lat' dir='ltr'><strong>sed</strong></span> <span class='ocrx_word' id='word_1_822' title='bbox 1485 5354 1584 5416; x_wconf 92' lang='lat' dir='ltr'><strong>quum</strong></span> <span class='ocrx_word' id='word_1_823' title='bbox 1614 5337 1709 5404; x_wconf 91' lang='lat' dir='ltr'><strong>eleoti</strong></span> <span class='ocrx_word' id='word_1_824' title='bbox 1732 5354 1841 5408; x_wconf 88' lang='lat' dir='ltr'><strong>essent</strong></span> <span class='ocrx_word' id='word_1_825' title='bbox 1869 5367 1947 5427; x_wconf 89' lang='lat' dir='ltr'><strong>prae</strong></span> <span class='ocrx_word' id='word_1_826' title='bbox 1976 5349 2051 5414; x_wconf 88' lang='lat' dir='ltr'><strong>aliis</strong></span> <span class='ocrx_word' id='word_1_827' title='bbox 2080 5350 2231 5417; x_wconf 91' lang='lat' dir='ltr'><strong>omnibus</strong></span> <span class='ocrx_word' id='word_1_828' title='bbox 2259 5351 2388 5428; x_wconf 91' lang='lat' dir='ltr'><strong>Iudaei,</strong></span> 
     </span>
    </p>
   </div>
   <div class='ocr_carea' id='block_1_11' title="bbox 0 0 2588 6116">
    <p class='ocr_par' dir='ltr' id='par_1_12' title="bbox 0 0 2588 6116">
     <span class='ocr_line' id='line_1_58' title="bbox 0 0 2588 6116; baseline 0 0"><span class='ocrx_word' id='word_1_829' title='bbox 0 0 2588 6116; x_wconf 95' lang='lat' dir='ltr'><strong> </strong></span> 
     </span>
    </p>
   </div>
  </div>
 </body>
</html>
