5158 6124
385 401 449 466 379
1097 457 1102 468 ,
1191 394 1579 464 PRAELEO'IIONES
2321 401 2379 467 380

386 591 522 658 dubium
544 597 594 654 est
615 587 694 671 quin
718 586 818 652 rerba
840 585 920 652 haee
948 585 1138 652 contineant
1168 584 1249 649 duas
1277 584 1361 648 anti·
1412 584 1545 648 Interea
1574 584 1669 668 dioit,
1697 585 1939 668 Dereliqueruat
1957 587 2070 668 foedus
2093 586 2224 654 lebam
2242 589 2302 658 Dei
2320 597 2375 676 aui,

386 679 506 743 theses.
539 674 624 741 Nam
646 680 814 755 temperat
835 671 990 736 mortales
1014 671 1162 736 homines
1184 691 1258 736 oum
1278 669 1361 746 Deo,
1414 677 1451 734 ut
1472 670 1566 735 tollat
1587 679 1794 753 praetextum
1815 673 2030 754 ignorantiae.
2068 672 2183 755 Neque
2205 677 2290 741 enim
2312 688 2378 744 tan·

387 763 504 829 deinde
526 767 642 843 gentes
663 757 786 824 multas
803 779 877 824 eum
901 757 970 841 ipso
986 777 1061 821 uno.
1095 755 1169 822 Non
1186 762 1363 839 potuerant
1413 764 1483 820 tum
1506 756 1695 838 eripuerant
1714 757 1785 822 Deo
1803 769 1937 823 aeterno
1956 758 2008 824 ins
2027 779 2133 837 suum,
2157 764 2190 824 et
2205 761 2377 844 imperium,

387 848 500 915 Iudaei
523 846 607 911 ferre
622 843 732 909 Deum
754 843 901 920 inditam,
926 852 959 908 et
981 841 1088 909 adhue
1103 841 1361 926 refragabantur,
1414 841 1471 905 sed
1501 842 1632 907 fuerant
1658 843 1756 907 etiam
1780 842 1829 908 bis
1851 844 2008 922 seelerati,
2039 847 2193 926 quoniam
2223 846 2312 913 Deus
2338 850 2378 913 la·

388 948 420 1000 et
451 931 607 998 volebant
639 949 699 995 sua
737 929 917 1012 pertinatia
957 928 1097 994 vinoere.
1154 929 1245 994 Dieit
1283 947 1362 1009 ergo
1414 925 1587 992 miliariter
1615 927 1681 994 illis
1710 929 1910 994 innotuerat
1956 928 2068 1009 Quum
2098 951 2176 1014 ergo
2204 931 2269 997 illis
2296 946 2380 1016 pato·

387 1018 557 1104 propheta,
586 1015 674 1096 Quia
694 1034 761 1079 non
784 1014 949 1080 sustinent
971 1013 1108 1080 iudicari
1130 1034 1149 1078 a
1171 1015 1253 1096 Deo,
1283 1033 1362 1078 ren·
1414 1011 1500 1078 laeta
1520 1023 1607 1078 esset
1630 1034 1709 1079 vera
1735 1015 1851 1099 religio
1879 1035 1938 1096 per
1967 1015 2089 1098 legem,
2119 1015 2196 1082 hino
2226 1016 2379 1104 oolligitur

387 1116 478 1171 turos
501 1123 572 1168 esse
593 1101 725 1180 indioes,
756 1101 811 1183 qui
834 1099 970 1164 liberam
994 1098 1033 1163 de
1056 1099 1135 1182 ipsis
1165 1097 1362 1166 sententiam
1414 1117 1528 1162 eorum
1551 1099 1711 1181 pravitas,
1741 1110 1775 1165 et
1803 1099 1962 1166 soelerata
1985 1121 2022 1165 ao
2045 1103 2149 1184 turpis
2177 1103 2377 1185 ingratitudo,

387 1189 610 1274 pronuntient.
655 1186 801 1266 Quinam
824 1184 945 1250 erunt?
975 1184 1111 1251 Prolani
1143 1185 1292 1250 homines
1314 1185 1361 1246 io·
1414 1182 1501 1265 quod
1525 1182 1632 1248 Deum
1655 1185 1701 1250 ita
1724 1186 1890 1270 eognitum
1919 1186 2105 1266 reieoerint,
2134 1184 2179 1252 Et
2199 1208 2233 1253 sa
2260 1189 2381 1256 iudina-

389 1278 469 1360 quit.
514 1273 643 1338 Deinde
665 1271 829 1355 quianon
852 1275 1004 1353 poterant
1027 1271 1085 1335 uni
1107 1271 1178 1336 Deo
1201 1291 1237 1336 se
1262 1267 1361 1335 subii·
1413 1269 1512 1334 veriat
1537 1289 1644 1335 eoram
1674 1271 1740 1337 diis
1768 1271 1899 1347 dionis,
1937 1272 2077 1354 stipans
2107 1272 2264 1338 miserint.
2314 1277 2378 1360 Ego

341 1371 343 1376 ’
388 1383 462 1430 aere
484 1359 608 1437 Iudaei,
630 1356 789 1441 propheta
811 1357 947 1440 opponit
968 1357 1026 1422 uni
1049 1357 1120 1421 Deo
1143 1365 1257 1441 gentes
1277 1352 1362 1419 mul·
1413 1353 1519 1419 levius
1542 1354 1621 1421 haeo
1643 1356 1780 1440 attingo,
1802 1356 1956 1439 quoniam
1976 1357 2053 1422 alibi
2076 1357 2209 1424 fueruat
2231 1362 2378 1442 exposita.

389 1447 457 1514 tas?
495 1444 654 1510 Videmus
676 1463 754 1527 ergo
776 1441 871 1525 quale
894 1443 937 1507 sit
958 1441 1085 1523 pondus
1106 1442 1140 1507 in
1163 1442 1215 1507 his
1239 1440 1362 1509 verbis:
1416 1438 1585 1524 Sequitur,

391 1531 599 1612 Promittant,
633 1529 758 1612 iuquit,
785 1533 889 1612 pestes
916 1528 1031 1594 multoe
1052 1548 1115 1610 per
1141 1527 1221 1593 torto
1246 1526 1363 1607 tabern,

388 1619 452 1684 hoo
474 1628 534 1696 est,
556 1616 715 1681 haetenus
737 1613 829 1678 Deus
852 1613 938 1678 hano
960 1612 1073 1679 urbem
1097 1613 1263 1680 deeoravit
1293 1611 1362 1676 suia
1501 1663 1551 1729 10.
1577 1662 1627 1728 Ne
1644 1663 1748 1744 neatis
1769 1663 1846 1750 (vel,
1870 1684 1910 1730 ne
1932 1663 2085 1750 lugeatis)
2108 1685 2202 1748 sup„
2224 1672 2381 1744 mortuum,

388 1703 565 1779 benefieiis,
589 1708 627 1765 nt
648 1707 735 1766 esset
756 1701 862 1765 instar
876 1698 1023 1766 miraouli
1040 1701 1206 1765 extraneis
1220 1696 1361 1762 homini·
1682 1750 1687 1763 ,
1749 1751 1755 1764 ,
2245 1753 2251 1765 ,
2303 1753 2309 1766 ,

388 1791 459 1864 bus.
492 1788 578 1854 Nam
595 1787 770 1868 oonspiona
790 1786 853 1849 luit
876 1794 968 1850 tanta
990 1783 1134 1868 dignitas
1154 1785 1244 1850 illius
1261 1781 1362 1859 urbis,
1414 1753 1442 1812 ⁶²
1463 1749 1704 1848 mmmm
1726 1770 1770 1814 ⁰²³
1788 1750 1969 1830 ‘mmm
1984 1770 2079 1834 ⁸“P0r
2095 1771 2173 1829 eum·
2195 1772 2251 1833 ΠΜ
2266 1759 2380 1836 mVIV·

389 1884 427 1940 nt
448 1879 653 1942 eonverteret
675 1871 711 1936 in
733 1891 768 1937 se
791 1870 937 1935 omnium
967 1871 1092 1950 oeulos,
1123 1881 1156 1934 et
1184 1869 1362 1935 eelebrare-
1414 1853 1469 1916 Ψ
1490 1855 1552 1900 '¹⁰⁷²
1579 1839 1746 1900 mmm
1774 1836 1930 1919 VmPller
1958 1841 1987 1901 ‘l
2015 1836 2127 1902 ''ldebll
2156 1837 2231 1922 (Ι100
2262 1847 2323 1916 ⁰⁸⁸2
2352 1851 2384 1902 ¹¹⁸

388 1969 443 2026 tur
472 1961 542 2025 eius
571 1958 659 2022 fama
690 1957 787 2041 longe
820 1965 853 2020 et
885 1956 960 2019 late.
1006 1955 1103 2022 Nune
1137 1956 1216 2022 dioit
1248 1955 1363 2020 urbem
1416 1918 1539 2006 Videat)
1562 1924 1678 1986 ‘emm
1698 1921 1876 1988 VVIIVV‘VIS
1897 1941 1983 1988 tuoe.

389 2045 512 2113 nudam
541 2045 610 2108 fore
637 2042 788 2108 omnibns
816 2041 1034 2118 ornamentis,
1069 2046 1244 2125 postquam
1272 2038 1364 2104 illino

389 2133 482 2198 Deus
503 2129 703 2212 migraverit.
751 2125 947 2194 Praesident
966 2147 1045 2211 ergo
1066 2127 1183 2210 iuquit,
1203 2146 1264 2210 per
1285 2124 1365 2190 douo
1503 2125 1647 2190 Versum
1667 2125 1756 2192 buno
1778 2136 1948 2209 exponunt
1977 2125 2017 2192 de
2047 2147 2124 2211 rege
2146 2128 2276 2195 Ioalrim
2298 2139 2330 2194 et
2350 2130 2385 2194 de

389 2217 496 2284 urbem
525 2219 628 2298 postea
660 2214 793 2279 multoe:
826 2218 854 2278 et
886 2217 960 2279 tuno
990 2214 1151 2296 inquirent
1182 2213 1312 2294 quiaque
1344 2230 1366 2275 a
1417 2211 1571 2277 Iekania:
1594 2209 1651 2276 sed
1674 2212 1783 2294 potins
1801 2212 1942 2277 arbitror
1961 2213 2147 2296 generalem
2167 2234 2240 2280 esee
2263 2223 2385 2282 senten·

389 2303 471 2370 sotio
492 2321 558 2384 sao,
591 2299 655 2366 Gur
682 2301 727 2366 sio
752 2299 826 2381 fecit
846 2297 984 2365 Iadovolr
1011 2299 1083 2364 baio
1111 2298 1183 2364 urbi
1208 2295 1364 2381 moysae?
1418 2299 1506 2363 tiam.
1553 2296 1635 2362 Vult
1658 2298 1752 2362 enim
1781 2297 1926 2364 breviter
1956 2297 2071 2364 dooere
2101 2298 2265 2382 propheta
2292 2321 2383 2383 quam

390 2388 465 2453 Non
489 2385 625 2452 dubium
652 2395 703 2450 est
729 2386 806 2467 quin
835 2384 964 2467 oblique
986 2385 1188 2469 perstringat
1209 2383 1367 2449 Ieremias
1418 2383 1613 2449 miserabilis
1653 2382 1763 2447 futura
1803 2383 1847 2448 sit
1887 2383 2000 2467 populi
2040 2383 2201 2465 eonditio,
2243 2387 2389 2469 quoniam

390 2495 456 2539 non
480 2472 576 2536 modo
600 2471 790 2555 segnitiem,
821 2469 878 2536 sed
900 2470 1098 2548 socordiam,
1131 2489 1215 2552 quae
1243 2469 1290 2534 sie
1311 2468 1366 2532 de·
1419 2469 1537 2534 melius
1566 2476 1601 2548 et
1627 2468 1802 2551 optabilius
1832 2469 1876 2534 sit
1905 2470 2006 2534 semel
2035 2469 2135 2548 mori,
2163 2490 2265 2552 qnam
2296 2473 2388 2536 vitam

393 2565 601 2624 mentaverat
626 2555 764 2623 Iudaeos
791 2567 828 2621 ut
856 2575 1024 2638 nunquam
1053 2554 1119 2620 illis
1154 2555 1190 2620 in
1220 2562 1366 2619 mentem
1419 2553 1610 2637 protrahere
1632 2554 1668 2617 in
1686 2555 1841 2619 eontinno
1864 2552 2039 2639 languore:
2063 2552 2104 2619 de
2127 2557 2262 2639 regibus
2286 2567 2389 2641 postea

393 2645 525 2711 reniret
546 2642 611 2708 Dei
632 2641 805 2718 indioium,
835 2661 940 2724 neque
964 2660 1107 2722 unquam
1138 2649 1185 2706 tot
1211 2638 1366 2704 maledie·
1418 2640 1579 2722 loquetur.
1624 2637 1691 2705 Sed
1714 2638 1795 2705 haee
1818 2639 1916 2706 rerba
1938 2641 2026 2724 oogit
2048 2641 2131 2706 ratio
2153 2641 2333 2708 extendere
2353 2641 2390 2708 ad

392 2731 498 2796 tiones
530 2727 612 2813 legis
644 2727 719 2793 illos
758 2733 941 2811 tangerent.
997 2723 1150 2790 Ostendit
1181 2745 1259 2809 ergo
1292 2723 1365 2806 plus
1419 2734 1524 2791 totum
1547 2724 1712 2808 populum.
1758 2723 1794 2790 Si
1817 2723 1890 2807 quis
1911 2726 2052 2808 populns
2081 2726 2229 2811 aufugiat
2254 2728 2309 2794 ubi
2330 2749 2390 2792 non

391 2816 462 2880 sore
495 2813 597 2879 animi
629 2821 662 2878 et
694 2812 890 2894 prudentiae
922 2814 958 2877 in
992 2812 1160 2895 gentibus:
1200 2810 1276 2893 quia
1309 2808 1366 2874 ubi
1419 2818 1525 2894 potest
1547 2809 1634 2875 hosti
1663 2812 1831 2888 resistere,
1861 2811 1896 2875 in
1925 2821 2093 2893 posterum
2122 2821 2235 2894 sperat
2265 2813 2391 2880 restitu-

390 2899 536 2967 riderint
557 2898 793 2982 lerosolymam
812 2897 965 2975 dirutam,
988 2905 1022 2962 et
1043 2895 1191 2962 funditus
1208 2915 1367 2976 eversam,
1419 2898 1551 2962 tionem.
1588 2896 1678 2979 Ergo
1701 2906 1838 2960 mortem
1862 2896 1969 2979 magis
1990 2896 2169 2963 exhorrent
2191 2898 2261 2964 lere
2284 2919 2389 2964 omnes

391 2990 539 3053 statuent
559 2985 621 3050 hoo
644 3005 710 3050 aon
733 2983 867 3048 fortuito
894 2983 1084 3066 contigisse,
1113 2983 1170 3048 sed
1198 2981 1261 3047 sibi
1291 3001 1366 3063 pro·
1420 3002 1519 3066 quam
1542 2980 1696 3047 exsilium
1719 2988 1752 3046 et
1773 2981 1854 3046 alias
1876 2981 2079 3048 oalamitates
2102 3003 2184 3066 quae
2213 2985 2390 3050 tolerantur

392 3071 472 3154 poni
493 3069 642 3136 eoelestis
658 3068 821 3134 vindictae
843 3069 1020 3152 exemplar.
1054 3067 1152 3134 Nune
1175 3089 1252 3151 ergo
1275 3065 1366 3132 vide·
1396 3067 1456 3133 'in
1478 3068 1540 3133 hae
1563 3067 1643 3132 vita:
1667 3068 1822 3149 namqui
1845 3067 1952 3134 adhue
1974 3075 2053 3134 sunt
2082 3069 2293 3151 superstites,
2322 3091 2391 3153 pos·

394 3177 466 3220 mus
489 3164 526 3220 ut
540 3153 673 3219 Iudaeis
695 3153 874 3235 exprobret
891 3173 988 3218 suum
1004 3162 1182 3235 stuporem,
1205 3153 1366 3235 quianon
1420 3161 1498 3219 snnt
1519 3162 1685 3235 uteunque
1706 3173 1875 3236 emergere
1897 3173 1940 3218 ex
1963 3152 2057 3219 malis
2075 3154 2142 3220 suis
2165 3162 2198 3220 et
2220 3154 2391 3232 aerumnis,

393 3239 591 3323 reputabant
612 3237 700 3321 apud
722 3259 757 3303 se
779 3237 845 3302 Dei
866 3237 1032 3317 iudioium,
1056 3238 1114 3304 ubi
1135 3238 1287 3322 gentibus
1310 3239 1367 3302 tri·
1421 3239 1473 3304 vel
1501 3237 1617 3302 saltem
1648 3247 1741 3321 parte
1770 3237 1881 3319 aliqua
1908 3239 2022 3305 levari.
2067 3239 2159 3306 Mors
2185 3250 2298 3308 autem
2325 3261 2392 3322 spes

393 3326 463 3392 buit
485 3324 603 3390 saltem
624 3322 832 3406 prudentiam
855 3331 889 3387 et
910 3322 1056 3387 studium
1075 3322 1280 3406 inquirendi:
1305 3321 1369 3388 Gar
1420 3345 1533 3390 omnes
1563 3323 1733 3390 abseindit.
1785 3321 1852 3389 Sed
1883 3324 2040 3406 propheta
2069 3325 2123 3392 hio
2147 3325 2227 3392 dieit
2259 3335 2391 3392 mortem

394 3432 472 3496 ergo
493 3411 540 3476 sio
559 3410 634 3491 serit
652 3408 787 3474 lebet
807 3407 880 3475 baie
900 3407 974 3472 ttrbt
995 3408 1153 3490 mopere?
1176 3407 1369 3491 Intelligent
1421 3409 1491 3474 fore
1514 3408 1692 3489 meliorem,
1714 3429 1812 3492 quam
1835 3409 1999 3478 exsilium.
2034 3409 2168 3491 Quare?
2193 3412 2283 3478 Nam
2305 3432 2393 3496 prae·

393 3506 517 3582 gentes,
540 3495 657 3577 inquit,
680 3493 765 3577 quod
781 3514 846 3558 non
864 3493 990 3576 eapitis,
1002 3513 1131 3577 nempe,
1150 3493 1236 3559 hane
1255 3495 1368 3558 urbem
1420 3495 1535 3571 stabit,
1568 3495 1691 3576 inquit,
1725 3495 1826 3560 semel
1859 3493 1993 3579 defungi
2028 3516 2094 3561 uno
2126 3494 2269 3564 interitu
2302 3517 2392 3580 quam

394 3604 466 3650 esse
488 3579 710 3664 speetaoulum
732 3578 900 3645 horribilis
922 3577 1099 3657 vindietae,
1127 3589 1162 3644 et
1182 3580 1229 3644 ita
1251 3579 1306 3644 elii
1329 3579 1369 3644 ab
1421 3581 1539 3645 misere
1562 3581 1665 3645 vitam
1689 3581 1820 3646 trahere
1841 3600 1900 3662 per
1930 3581 2050 3647 multas
2078 3583 2312 3660 oontumelias,
2341 3601 2395 3665 per

391 3667 466 3733 aliis
489 3667 672 3750 inquirent:
707 3665 797 3747 atqui
827 3663 906 3728 dum
935 3686 1021 3731 nuno
1043 3662 1136 3730 Deus
1165 3665 1254 3729 ultro
1276 3664 1369 3731 vobis
1421 3665 1526 3731 multa
1554 3666 1679 3742 taedia,
1713 3665 1853 3748 denique
1882 3687 1941 3748 per
1970 3667 2090 3733 multas
2119 3668 2240 3734 elades.
2286 3668 2393 3749 Quum

390 3752 559 3835 praediuit,
583 3772 643 3818 vos
665 3770 762 3816 aures
787 3747 957 3815 oleuditis:
987 3756 1076 3817 oerte
1104 3750 1203 3834 longa
1231 3750 1368 3832 inquisi-
1421 3773 1499 3835 ergo
1522 3749 1608 3829 dioit,
1633 3749 1683 3816 Ne
1703 3751 1835 3835 lupentio
1862 3771 1958 3834 super
1978 3757 2152 3836 metuam,
2181 3758 2209 3819 et
2230 3775 2272 3820 rra
2293 3753 2395 3821 erat

393 3840 482 3902 tione
505 3857 585 3918 opus
609 3857 673 3902 non
697 3835 781 3901 loret
802 3835 838 3899 in
860 3843 952 3900 tanta
972 3833 1064 3902 lnoe:
1093 3836 1170 3918 qnia
1195 3835 1260 3900 nisi
1282 3855 1368 3902 esse·
1420 3837 1510 3902 leolis
1540 3835 1584 3914 ai,
1614 3838 1808 3902 tantundem
1839 3837 1901 3902 boo
1929 3838 2033 3918 valet,
2061 3859 2099 3904 ao
2128 3841 2156 3904 si
2186 3839 2342 3918 dixisset,
2370 3837 2396 3901 si

394 3925 437 3989 tis
460 3922 552 3987 sordi
574 3927 609 3986 et
628 3922 730 4000 oaeei,
758 3920 825 3986 imo
848 3919 1017 3998 obstinati,
1046 3921 1137 3986 Deus
1167 3931 1283 4004 sponte
1311 3941 1369 3986 vos
1423 3920 1566 4007 lugenda
1589 3933 1639 3988 est
1661 3923 1752 3988 urbis
1775 3922 1874 3987 huius
1896 3923 2014 4001 elades,
2038 3925 2145 4006 potius
2167 3923 2307 4009 lugendi
2325 3931 2397 3991 sunt

393 4009 573 4093 praevenit.
625 4004 714 4086 Quid
746 4027 824 4089 ergo
852 4004 914 4072 hoo
946 4005 1008 4070 sibi
1038 4005 1127 4089 vult,
1164 4004 1248 4088 quod
1277 4006 1369 4072 Deus
1421 4010 1476 4090 qui
1507 4008 1687 4075 manebunt
1723 4008 1934 4092 superstites,
1974 4029 2074 4091 quam
2107 4010 2163 4091 qui
2204 4012 2397 4076 morientur.

393 4095 486 4160 robis
508 4089 678 4175 praedioit,
700 4112 760 4157 vos
783 4097 893 4156 autem
908 4091 1048 4155 renuitis
1063 4091 1186 4167 audire,
1210 4093 1272 4158 nisi
1294 4094 1370 4175 quia
1422 4094 1513 4159 Mors
1534 4096 1621 4159 enim
1638 4095 1701 4159 erit
1716 4095 1810 4177 quasi
1828 4094 1964 4175 requies,
1988 4096 2051 4158 erit
2066 4105 2180 4177 portus
2196 4095 2237 4160 ad
2255 4094 2399 4162 finienda

395 4179 542 4244 diabolus
558 4185 718 4242 tenetvos
734 4174 928 4242 laseinatos?
946 4176 1200 4242 Etdioiturbem
1212 4198 1370 4260 mapsam,
1423 4179 1534 4243 omnia
1561 4179 1663 4243 mala:
1702 4180 1770 4244 vita
1800 4190 1909 4244 autem
1937 4179 2066 4263 longior
2097 4180 2182 4246 nihil
2215 4180 2310 4246 aliud
2340 4181 2399 4244 erit

396 4266 472 4348 quia
494 4262 602 4329 olades
631 4263 692 4327 fuit
718 4261 892 4327 notabilior
921 4271 1055 4344 propter
1085 4260 1176 4326 urbis
1204 4263 1370 4346 magnitu-
1423 4283 1520 4347 quam
1543 4266 1697 4329 continua
1719 4265 1925 4330 miseriarum
1948 4268 2057 4332 series.
2094 4265 2185 4332 Hine
2203 4266 2397 4352 oolligimus,

396 4350 516 4415 dinem.
568 4347 606 4415 Si
635 4357 749 4430 pereat
778 4345 909 4430 aliquod
938 4345 1095 4430 oppidum
1124 4346 1281 4430 ignobile,
1312 4367 1371 4430 pro
1423 4369 1489 4412 non
1513 4346 1629 4415 debere
1652 4349 1713 4415 hoo
1724 4351 1878 4434 restringi
1902 4349 1942 4415 ad
1959 4350 2041 4417 duos
2057 4372 2160 4433 reges,
2183 4353 2241 4418 aed
2265 4373 2399 4436 genera·

397 4433 500 4500 nihilo
532 4433 600 4498 fere
634 4431 778 4499 duoitur:
816 4431 873 4496 sed
914 4433 991 4497 urbs
1024 4451 1107 4514 qnae
1148 4433 1269 4514 passim
1302 4441 1372 4496 erat
1424 4433 1499 4498 liter
1528 4435 1733 4515 pronuntiari
1764 4435 1804 4500 de
1834 4437 1998 4501 eommuni
2029 4437 2129 4502 totius
2160 4439 2276 4520 populi
2303 4445 2399 4503 statu.

398 4519 534 4588 eelebris
557 4531 623 4585 tam
653 4531 785 4601 propter
814 4517 1081 4599 amplitudinem,
1112 4537 1209 4600 quam
1239 4525 1371 4599 propter
1424 4517 1590 4600 Sequitur,
1628 4519 1712 4600 Quia
1744 4541 1807 4586 eoa
1838 4527 2007 4587 revertetur
2037 4523 2196 4604 amplias,
2230 4528 2268 4588 ut
2301 4522 2401 4588 videat

398 4606 537 4672 eximias
559 4602 623 4668 Dei
646 4601 898 4677 benedietiones,
921 4603 1038 4684 quibus
1059 4601 1212 4686 pollebat,
1234 4622 1371 4667 eonver-
1423 4609 1539 4669 ιενναιιι
1571 4606 1747 4672 nativitatis
1785 4626 1870 4672 suot.
1938 4604 2093 4672 Ostendit
2132 4607 2292 4674 exsilium
2334 4608 2400 4670 lore

399 4693 441 4757 tit
462 4692 498 4756 in
519 4711 553 4754 se
575 4689 723 4754 omnium
746 4687 1005 4770 admirationem,
1029 4689 1184 4769 qnoniam
1207 4687 1372 4752 exoiderat
1395 4677 1400 4744 l
1424 4692 1516 4772 qnasi
1539 4689 1664 4768 tabem,
1691 4713 1773 4774 quae
1795 4691 1954 4773 paulatim
1983 4703 2155 4760 consumat
2184 4695 2325 4760 miseros
2346 4692 2401 4757 Iu-

399 4778 491 4860 quasi
521 4797 563 4840 ex
593 4773 744 4841 nubibus.
794 4771 915 4837 Postea
944 4773 1108 4856 adiungit,
1142 4771 1215 4837 Non
1244 4781 1372 4837 tantum
1424 4775 1530 4840 daeos.
1574 4775 1627 4840 Ita
1648 4797 1737 4842 mors
1764 4778 1880 4843 fuisset
1906 4777 1971 4842 illis
2001 4777 2126 4844 duloior
2157 4778 2274 4863 longe,
2305 4797 2402 4860 qnam

399 4863 469 4928 fore
491 4858 681 4943 inquirendi
704 4857 848 4924 studium
871 4859 905 4922 in
928 4858 1090 4939 gentibus,
1114 4857 1171 4922 sed
1194 4859 1282 4923 ultro
1303 4858 1372 4925 lore
1425 4860 1472 4924 sio
1494 4859 1549 4926 diu
1571 4861 1719 4940 oruoieri,
1741 4869 1774 4926 et
1797 4861 1879 4927 nibil
1902 4861 2023 4929 habere
2046 4862 2268 4930 relaxationis.
2304 4862 2402 4929 uouit

399 4966 667 5030 unumquemque
686 4941 824 5008 iudioem
844 4943 946 5007 totius
968 4943 1090 5023 populi.
1124 4940 1238 5008 Dt'oertt
1260 4943 1271 5006 i
1297 4943 1372 5026 'tnr,
1424 4943 1525 5028 igitur
1547 4966 1638 5028 spem
1662 4947 1796 5025 reditus,
1819 4957 1857 5012 ut
1878 4948 2030 5012 ostendat
2047 4948 2199 5014 exsilium
2218 4951 2293 5014 lore
2312 4947 2402 5032 quasi

404 5033 559 5114 Οιιοιιιιιιιι
579 5031 807 5111 dereliquerant
822 5025 1078 5110 foedoalehovoe
1088 5026 1152 5093 Det
1165 5030 1225 5093 sei.
1260 4964 1372 5108 &aas
1425 5031 1626 5095 mortiferum
1650 5031 1858 5114 languorem,
1882 5033 1939 5114 qui
1961 5032 2110 5098 oorrodet
2132 5055 2187 5100 eos
2209 5035 2307 5117 quasi
2331 5054 2401 5102 ver·

401 5126 510 5184 autem
534 5119 723 5200 pronuntiat
739 5114 895 5179 Ieremias
918 5112 1064 5195 singulos
1087 5133 1105 5176 e
1127 5113 1271 5196 profanis
1293 5133 1372 5196 gen·
1425 5114 1496 5193 mis,
1519 5117 1564 5178 ita
1587 5124 1624 5179 ut
1645 5119 1767 5183 oenties
1789 5129 1928 5182 mortem
1951 5129 2064 5201 optent
2085 5121 2211 5202 potius,
2241 5141 2345 5202 quam
2368 5125 2402 5182 at

330 5211 333 5222 '
401 5204 490 5268 tibus
512 5202 717 5268 loreiudioes
731 5199 852 5284 populi,
877 5219 942 5263 non
958 5197 1093 5263 dubium
1115 5208 1173 5274 est,
1197 5198 1276 5281 quin
1296 5197 1374 5264 velit
1424 5209 1581 5265 maneant
1607 5201 1642 5264 in
1673 5200 1754 5268 dura
1779 5202 1836 5268 illa
1869 5210 1903 5268 et
1931 5204 2053 5270 misera
2087 5205 2253 5272 servitute.
2307 5204 2402 5270 Nuuo

402 5287 552 5354 refellere
585 5288 719 5353 stultam
754 5282 1002 5362 oonlidentiam,
1037 5302 1101 5365 qua
1133 5282 1373 5366 superbiebant.
1425 5285 1581 5368 sequitur,
