5158 6124
337 449 400 514 471
1147 438 1533 506 Panuuuoatotttss
2276 436 2341 500 tta

424 639 454 703 4.
490 637 534 704 Et
555 637 643 702 rabit
665 632 802 700 Iebouoh
829 633 873 698 od
893 651 950 696 aas
978 649 1081 696 maes
1108 648 1213 696 aarum
1240 647 1315 694 suos
1368 627 1671 711 promptitudinem.
1705 628 1795 711 Ergo
1816 627 1915 692 simul
1937 648 1975 692 an
1998 627 2149 708 loquutus
2171 637 2221 690 est
2239 623 2340 703 Deus,

333 723 523 809 propbetas,
544 742 637 788 marte
658 739 790 803 masas
810 723 839 782 et
857 718 998 782 mitens:
1023 721 1050 780 et
1078 735 1141 782 aea
1170 714 1316 793 audistis,
1367 714 1521 779 eonvenit
1559 732 1618 778 nos
1652 733 1723 779 esse
1760 721 1919 788 attentos,
1960 721 1998 776 nt
2038 733 2116 776 mox
2156 731 2340 794 sequamur.

339 816 368 877 et
389 830 451 876 aon
472 807 649 874 inclinastis
672 825 782 871 narem
802 809 939 868 umbem
961 803 1004 866 od
1025 801 1226 868 audiendam.
1368 797 1466 880 Quod
1495 800 1522 864 si
1548 799 1637 863 Dens
1663 806 1733 863 toto
1760 819 1847 863 anno
1877 820 1942 862 non
1972 797 2099 862 desinat
2128 816 2259 863 monere
2281 816 2341 861 nos

426 894 456 960 5.
478 893 630 973 Discede,
660 890 867 956 Revertimiai
896 888 1028 972 opedam
1057 888 1187 970 quisque
1214 907 1234 950 a
1263 886 1316 950 oia
1367 897 1399 949 et
1422 883 1559 964 hortari,
1589 883 1643 950 nbi
1674 893 1753 950 tune
1782 903 1908 966 quoqne
1931 885 2152 948 oontemnitnr
2173 883 2245 948 eins
2267 882 2341 947 doo-

339 1001 401 1048 sao
422 980 517 1062 aaa,
539 983 567 1044 et
589 977 757 1044 amolitio
779 995 904 1057 epemm
926 978 1114 1038 verberea:
1135 971 1317 1036 athabitate
1368 971 1472 1053 trina,
1505 970 1566 1036 hon
1600 978 1650 1035 ast
1681 970 1804 1035 odmen
1835 966 2047 1034 intolerabile.
2092 969 2342 1034 Meminerimus

340 1086 435 1149 sarpa
454 1071 583 1146 torreta
616 1084 712 1147 quam
739 1061 823 1127 dedit
845 1057 985 1124 Iahouob
1010 1058 1096 1124 vobis
1125 1056 1317 1139 dpatrt'has
1368 1076 1445 1139 ergo
1467 1055 1521 1120 hio
1541 1057 1709 1120 numerari
1732 1055 1802 1120 dies
1824 1055 2067 1138 propemodum,
2090 1055 2147 1119 nbi
2168 1072 2343 1118 numeran-

339 1153 466 1234 oestris,
498 1150 664 1218 oramate
685 1153 712 1214 d
733 1166 832 1228 usqae
854 1146 890 1210 ia
911 1144 1071 1211 soeeulam
1092 1143 1140 1228 (et
1162 1163 1244 1228 quae
1266 1163 1316 1208 se·
1367 1153 1423 1206 tur
1452 1142 1546 1223 anni,
1580 1146 1619 1205 ut
1651 1161 1761 1206 seeum
1791 1147 1946 1222 reputent
1976 1149 2055 1223 quot
2086 1141 2152 1204 sint
2182 1139 2251 1204 dies
2278 1139 2341 1204 snb

341 1235 514 1322 quantur).
1367 1227 1507 1310 singulis
1529 1226 1635 1292 annis.
1679 1225 1828 1293 Seiamns
1858 1246 1935 1310 ergo
1958 1224 2019 1292 han
2049 1225 2090 1290 de
2118 1243 2216 1292 eausa
2236 1243 2341 1289 annos

1367 1313 1538 1395 supputari
1559 1333 1579 1378 a
1601 1311 1760 1395 Ieremia,
1791 1321 1828 1376 ut
1849 1310 1963 1376 Iudaei
1986 1311 2092 1378 soiant
2114 1332 2149 1376 se
2171 1312 2261 1377 omni
2283 1331 2341 1374 ex·

427 1409 525 1474 Nnno
553 1403 740 1490 expostulat
766 1403 923 1468 Ieremias
952 1421 1026 1467 oum
1055 1399 1200 1480 Iudaeis,
1229 1398 1314 1482 qnod
1367 1399 1535 1464 questione
1568 1400 1702 1481 privari,
1735 1396 1822 1481 quod
1845 1409 1911 1462 tam
1945 1398 2043 1481 longo
2076 1407 2221 1480 tempore
2248 1395 2342 1463 Deus

342 1517 409 1560 non
437 1504 565 1559 tantum
597 1490 720 1575 perfide
749 1509 768 1553 a
796 1509 874 1553 vero
896 1487 960 1552 Dei
989 1487 1079 1553 uultu
1109 1485 1315 1562 desciverint,
1367 1505 1432 1550 non
1456 1484 1616 1549 destiterit
1638 1484 1784 1567 ipsorum
1813 1484 1951 1549 salutem
1973 1501 2105 1550 aurare:
2134 1485 2259 1548 interea
2282 1503 2342 1549 au·

342 1590 376 1648 ot
402 1579 656 1662 contempserint
682 1583 781 1641 totum
811 1572 893 1658 legis
923 1573 1119 1655 doetrinam,
1148 1569 1204 1638 sed
1230 1569 1314 1653 quod
1367 1580 1433 1636 tem
1456 1568 1659 1654 perstiterint
1678 1571 1712 1634 in
1737 1591 1796 1635 sua
1818 1567 1994 1652 impietate,
2023 1578 2056 1634 et
2078 1568 2199 1634 luemut
2220 1567 2260 1633 ad
2283 1591 2341 1633 ex·

342 1666 545 1732 exousserint
566 1664 692 1748 iugum,
715 1668 750 1725 et
771 1659 848 1725 data
869 1680 978 1743 opera,
1005 1658 1072 1724 imo
1094 1657 1195 1740 impia
1216 1655 1316 1720 obsti·
1368 1667 1510 1721 tremum
1532 1676 1635 1738 usque
1657 1655 1821 1721 obstinati.
1866 1655 1959 1720 Haeo
1982 1655 2063 1720 ratio
2087 1666 2153 1732 est,
2183 1675 2241 1720 our
2270 1675 2343 1736 pro-

342 1752 484 1828 batione,
506 1749 686 1834 repulerint
710 1766 821 1811 omnes
844 1743 1089 1822 admonitiones,
1113 1762 1174 1808 neo
1195 1743 1315 1806 fuerint
1368 1742 1466 1826 pheta
1488 1744 1605 1806 iterum
1628 1749 1859 1806 oommomoret
1880 1740 2009 1823 qnando
2039 1740 2180 1825 eoeperit
2208 1739 2342 1822 exsequi

342 1838 475 1904 landem
504 1835 653 1902 eommoti
684 1831 965 1916 obiurgationibus
993 1831 1043 1895 vel
1074 1829 1180 1894 minis.
1225 1828 1316 1911 Ergo
1368 1848 1490 1892 munus
1512 1828 1756 1910 prophetioum,
1787 1847 1904 1910 nempe
1934 1825 1973 1892 ab
2001 1847 2084 1894 nano
2113 1826 2227 1892 Muto
2252 1826 2342 1891 tertio

342 1944 407 1989 non
430 1921 624 2004 simplieiter
652 1919 855 2001 impietatem
884 1916 919 1981 in
950 1915 1016 1982 illis
1044 1925 1174 1980 aonusat
1203 1927 1236 1978 et
1265 1915 1315 1976 in·
1369 1911 1486 1980 Iasiae.
1531 1914 1651 1978 Postea
1673 1914 1764 1978 addit
1786 1933 1845 1994 per
1866 1934 1902 1978 se
1925 1934 1991 1976 non
2015 1915 2144 1978 stetisse
2166 1914 2342 1995 quominus

343 2007 593 2094 gratitudinem,
622 2005 679 2071 sed
707 2001 796 2068 addit
826 2003 949 2068 orimen
972 2001 1203 2076 oontumaeiae‚
1230 1999 1315 2082 quod
1368 1999 1584 2081 resipuerint:
1614 1998 1779 2081 Loqaatus
1800 2003 1861 2078 est,
1889 1999 2011 2080 inquit,
2040 1999 2199 2065 Danaus
2220 1997 2262 2063 od
2282 2017 2342 2080 ma,

342 2094 467 2161 seilicet
505 2092 630 2158 fuerint
668 2101 823 2172 tanquam
864 2088 1041 2154 indomitae
1080 2085 1217 2163 besuae,
1257 2106 1317 2149 neo
1368 2104 1424 2168 epe
1456 2091 1560 2150 antem
1588 2085 1631 2150 nd
1655 2105 1726 2165 vos,
1753 2084 1874 2166 inquit.
1918 2083 2029 2166 Quum
2052 2083 2132 2149 dioit
2157 2105 2342 2148 sermonem

343 2179 510 2263 potuerint
542 2177 618 2243 ullis
658 2175 763 2240 modis
796 2174 927 2258 eorrigi.
985 2173 1072 2237 Dieit
1105 2172 1224 2256 igitur,
1266 2169 1317 2234 At
1369 2169 1432 2234 Dei
1454 2170 1555 2235 fuisse
1576 2171 1662 2252 apud
1678 2193 1713 2235 se
1729 2169 1922 2253 depositum,
1946 2168 2033 2235 haud
2049 2169 2145 2235 dubie
2161 2170 2234 2235 vult
2247 2189 2342 2233 suam

342 2286 426 2333 anae
455 2265 571 2330 decimo
603 2263 692 2328 tertio
722 2261 829 2326 Iasiae
860 2261 944 2343 repis
972 2257 1115 2324 Iehadob
1144 2275 1242 2338 aeque
1274 2256 1318 2322 od
1369 2256 1577 2321 autoritatem
1610 2275 1756 2321 asserere
1786 2255 1944 2322 adversos
1973 2254 2172 2336 ineredulos‚
2201 2256 2256 2338 qni
2284 2255 2343 2320 ob-

342 2351 424 2417 baae
452 2370 571 2416 onnam
598 2347 654 2430 qai
685 2352 730 2412 est
757 2346 920 2411 munimus
949 2345 1076 2426 tertias,
1111 2364 1175 2408 non
1207 2342 1316 2408 destiti
1368 2342 1572 2426 strepebant,
1606 2343 1714 2424 ipsum
1747 2350 1870 2406 temere
1899 2351 2092 2424 praetexere
2120 2339 2184 2406 Dei
2212 2361 2343 2417 nomen,

342 2437 475 2519 exsequi
493 2432 858 2501 fidelitermunusmihi
877 2432 1077 2496 ininnotum:
1101 2427 1184 2492 nihil
1206 2439 1316 2493 autem
1369 2447 1472 2510 quum
1505 2449 1570 2492 non
1604 2438 1689 2492 esset
1721 2427 1762 2492 ab
1795 2425 1852 2492 illo
1884 2427 2016 2494 missus.
2068 2425 2221 2494 Vidimus
2254 2427 2343 2492 enim

341 2523 479 2605 profani:
503 2521 580 2586 hino
603 2531 738 2603 apparet
753 2537 849 2599 quam
866 2515 1040 2600 desperata
1061 2514 1105 2579 sit
1121 2523 1232 2578 vestra
1254 2514 1315 2577 im·
1370 2511 1455 2588 alibi,
1479 2517 1560 2578 tuno
1582 2513 1749 2579 ecelesiam
1774 2512 1874 2578 tuisse
1896 2512 2014 2578 misere
2036 2513 2221 2592 laoeratam‚
2244 2513 2346 2577 luisse

227 2603 232 2627 ⁸
342 2608 496 2691 probitas.
539 2604 693 2670 Vidimus
714 2602 807 2667 initio
831 2601 905 2666 libri
927 2599 1117 2683 prophetam
1139 2599 1238 2664 fuisso
1260 2619 1318 2664 vo·
1367 2598 1525 2664 intestina
1547 2598 1694 2675 dissidia,
1724 2599 1846 2663 multos
1868 2599 2006 2664 iaetusse
2028 2618 2147 2664 nomen
2177 2597 2344 2682 propheti·

342 2701 451 2758 natum
474 2713 494 2758 a
515 2692 588 2758 Deo
611 2710 698 2755 anno
727 2686 784 2753 illo
813 2687 938 2752 deoimo
966 2686 1062 2751 tertio
1090 2685 1177 2768 regis
1199 2684 1314 2750 Iasiae.
1368 2705 1460 2751 oum:
1483 2693 1517 2750 et
1537 2684 1656 2749 iterum
1679 2685 1827 2768 pluribus
1850 2684 1928 2750 loeis
1949 2684 2036 2748 idem
2062 2683 2251 2748 videbimus.
2286 2682 2345 2749 Sin

342 2778 539 2844 Perrexerat
562 2773 728 2842 antemio
751 2793 847 2838 eursu
871 2771 1051 2838 vonationis
1073 2790 1152 2835 suae
1175 2771 1317 2853 iamper
1369 2790 1446 2854 ergo
1468 2789 1532 2834 non
1557 2783 1628 2834 orat
1649 2769 1806 2834 Ieremias
1828 2778 1980 2853 aooeptns
2002 2770 2060 2834 toti
2085 2768 2212 2854 populo,
2235 2789 2345 2852 unque

262 2919 270 2927 ,
342 2885 446 2931 annos
480 2862 602 2948 viginti
635 2870 719 2936 tres,
761 2857 1034 2942 quemadmodum
1068 2863 1314 2922 commemorat:
1369 2867 1464 2921 extra
1485 2855 1740 2920 oontroversiam
1769 2863 1841 2920 erat
1869 2855 1938 2920 eius
1963 2855 2131 2921 autoritas.
2176 2854 2343 2937 Quoniam

341 2949 465 3016 luserat
487 2967 628 3032 operam,
651 2947 723 3012 sine
746 2944 892 3026 proiectu
913 2949 1159 3026 oonsnmpserat
1176 2942 1316 3006 multum
1368 2961 1445 3025 ergo
1468 2940 1664 3025 litigandum
1692 2948 1764 3006 erat
1785 2959 1858 3004 oum
1881 2941 1994 3006 multis
2025 2941 2152 3024 impiis,
2182 2940 2255 3005 ideo
2288 2939 2344 3007 hio

342 3035 471 3100 laboris.
516 3033 590 3098 Non
620 3033 739 3097 mirum
768 3031 869 3116 igitur
898 3038 965 3110 est,
995 3029 1024 3095 si
1053 3048 1142 3093 nuno
1170 3028 1316 3112 ipsorum
1368 3037 1508 3093 testatur
1529 3047 1565 3092 se
1587 3048 1654 3092 nou
1670 3027 1798 3092 venisse
1819 3047 1881 3092 sua
1898 3037 2023 3109 sponte,
2047 3026 2102 3092 sed
2125 3047 2226 3110 quum
2249 3046 2343 3091 man·

343 3121 582 3186 eontnmaoiam
616 3128 759 3194 aoousot,
789 3116 889 3199 idque
919 3115 983 3182 Dei
1012 3115 1152 3179 uomina.
1201 3112 1317 3197 Neque
1368 3113 1481 3178 datum
1515 3113 1577 3197 ipsi
1607 3111 1724 3178 luisset
1755 3113 1934 3196 prophetae
1964 3133 2094 3178 munus.
2148 3112 2220 3177 Iam
2251 3119 2344 3195 post-

343 3207 429 3270 enim
449 3205 519 3288 agit
535 3203 701 3287 propriam
717 3223 859 3280 oausam,
878 3199 935 3266 sed
953 3200 1096 3265 ostendit
1110 3199 1188 3282 quid
1207 3200 1317 3265 meriti
1368 3219 1466 3282 quam
1489 3198 1671 3264 venationis
1694 3217 1771 3263 suae
1793 3196 1892 3263 fidem
1913 3198 2005 3278 feeit,
2034 3196 2186 3282 adiungit
2208 3219 2244 3263 se
2266 3197 2344 3263 tide·

343 3291 411 3356 sint
440 3289 570 3368 Iudaei,
600 3309 699 3370 quum
734 3296 903 3370 tantopere
933 3283 1025 3350 Deus
1056 3284 1254 3350 laboraverit
1280 3285 1315 3349 in
1368 3286 1445 3350 liter
1478 3285 1630 3350 serviisse
1662 3283 1761 3350 saluti
1790 3283 1911 3367 populi.
1957 3283 2042 3348 Nam
2072 3283 2168 3350 fldem
2196 3303 2235 3349 ao
2267 3282 2342 3348 dili·

342 3375 422 3461 ipsis
454 3372 628 3452 sanandis,
668 3387 700 3436 et
733 3383 842 3437 tamen
878 3370 1066 3455 respuerint
1101 3390 1213 3435 omnes
1247 3371 1317 3436 eius
1368 3371 1513 3455 gentiam
1535 3390 1628 3435 snam
1651 3368 1857 3436 sommendat
1878 3390 1980 3452 quum
2003 3369 2098 3448 dioit,
2128 3389 2161 3435 se
2181 3368 2345 3451 Quotam

342 3461 547 3538 monitiones,
578 3478 639 3525 neo
660 3459 767 3523 loonm
791 3458 939 3522 dederint
961 3455 1121 3522 remediis.
1167 3455 1256 3540 Ergo
1278 3456 1317 3522 ab
1368 3475 1447 3536 esse,
1475 3460 1613 3522 amane
1634 3457 1819 3521 mouisse.
1864 3455 1949 3520 Nam
1978 3476 2075 3522 mans
2103 3475 2238 3540 surgere
2268 3465 2341 3519 tnn-

343 3568 426 3614 oaao
453 3547 569 3612 ἅοοὲοοο
601 3546 689 3610 tertio
719 3544 841 3628 Iasiae,
874 3542 999 3625 inquit,
1031 3561 1128 3622 usqae
1161 3540 1203 3606 ad
1234 3540 1317 3607 diem
1369 3542 1504 3606 tundam
1526 3541 1616 3608 valet
1637 3561 1674 3608 ao
1703 3541 1816 3607 sedulo
1845 3541 2032 3607 innumbere
2060 3541 2094 3606 in
2125 3561 2214 3624 opus.
2259 3540 2343 3606 Pro·

343 3633 439 3699 baue:
460 3644 572 3716 postea
594 3649 654 3714 per
675 3629 883 3712 parenthesin
901 3629 979 3694 dieit
993 3631 1058 3692 iam
1077 3647 1112 3692 se
1128 3627 1316 3692 delunotum
1368 3628 1468 3711 pheta
1499 3626 1603 3710 igitur
1635 3625 1779 3692 ostendit
1811 3647 1846 3691 se
1879 3648 1944 3691 non
1978 3625 2080 3692 luisse
2111 3625 2253 3706 tardum,
2288 3627 2343 3692 vel

342 3720 442 3784 fuisse
465 3737 601 3782 munere
623 3716 813 3800 prophetico
835 3736 893 3798 per
917 3735 1020 3780 annos
1043 3723 1110 3778 tres
1133 3723 1167 3778 et
1188 3713 1315 3798 viginti.
1367 3715 1544 3798 ignavum,
1573 3732 1680 3795 neque
1702 3713 1800 3777 etiam
1824 3712 2028 3778 defunetorie
2049 3713 2205 3778 notuisse
2226 3713 2345 3795 loquu-

344 3803 539 3889 Oolligimus
561 3801 792 3886 septemdeoim
814 3802 908 3866 annis
930 3811 1006 3865 ante
1027 3799 1118 3866 urbis
1148 3808 1181 3872 et
1203 3797 1316 3882 templi
1368 3809 1455 3875 tum,
1494 3797 1765 3880 quemadmodum
1800 3798 1897 3864 multi
1936 3799 1971 3862 in
2012 3799 2152 3881 speeiem
2189 3797 2345 3865 videntur

344 3889 508 3956 exoidinm
538 3888 728 3972 prophetam
761 3886 806 3950 ita
835 3887 1005 3970 loquutnm
1036 3906 1115 3951 esse.
1159 3884 1317 3968 Implevit
1368 3895 1535 3969 praestare
1563 3885 1648 3966 quod
1676 3884 1768 3949 Deus
1790 3884 1972 3966 praeoepit:
2001 3883 2058 3950 sed
2089 3884 2201 3949 nullus
2227 3895 2278 3950 est
2305 3885 2343 3948 in

343 3977 430 4040 euim
465 3975 517 4040 40.
547 3993 652 4039 annos
686 3979 862 4056 antequam
893 3972 1035 4056 populus*
1064 3971 1249 4036 traheretur
1281 3970 1316 4034 in
1368 3971 1448 4054 ipsis
1477 3970 1585 4036 femor
1614 3968 1689 4050 aeli,
1718 3968 1810 4034 nulla
1836 3970 1935 4034 etiam
1963 3968 2127 4036 sedulitas.
2177 3968 2346 4052 Propheta

344 4061 515 4139 exsilium,
544 4065 577 4124 et
605 4060 723 4125 misere
753 4059 899 4140 perirent
929 4057 984 4140 qui
1008 4056 1167 4139 putabant
1188 4076 1223 4122 ss
1246 4077 1317 4122 essa
1370 4077 1447 4142 ergo
1469 4065 1643 4139 postquam
1672 4055 1824 4137 exposuit
1854 4076 1889 4120 se
1920 4054 2078 4122 divinitus
2100 4055 2238 4120 missum
2260 4075 2343 4134 esse,

345 4147 481 4230 elapsos.
526 4144 685 4211 Pervenit
714 4145 801 4210 enim
832 4162 935 4225 usque
963 4141 1004 4208 ad
1031 4151 1169 4207 mortem
1192 4141 1317 4208 Iosiae:
1370 4142 1520 4226 adiungit
1541 4161 1577 4207 se
1599 4140 1786 4207 adhibuisse
1808 4139 1906 4205 tidem
1930 4149 1962 4206 et
1981 4141 2196 4226 diligentiam,
2219 4148 2258 4206 nt
2272 4141 2346 4205 Deo

346 4233 461 4298 deinde
501 4239 708 4298 assesserunt
747 4230 824 4295 anni
863 4229 914 4294 22.
956 4234 1012 4292 aut
1055 4229 1199 4310 oirniter,
1241 4229 1319 4311 quia
1370 4233 1404 4294 et
1425 4228 1528 4310 ipsius
1550 4226 1704 4292 eoelesiae
1735 4235 1869 4292 strenus
1896 4227 2054 4292 serviret:
2082 4225 2247 4309 Loqtsatrar
2273 4245 2347 4290 οοοι

345 4319 498 4401 regnavit
529 4315 658 4382 Ioakim
694 4316 732 4379 11
767 4317 879 4381 annis:
920 4333 986 4379 non
1020 4333 1156 4378 numero
1189 4325 1318 4395 tempus
1370 4313 1413 4378 ad
1433 4333 1496 4393 vos,
1517 4314 1632 4394 inquit,
1654 4313 1748 4378 awti
1764 4313 1807 4378 ad
1825 4331 1873 4378 me
1889 4312 2156 4395 loquataesaerot
2172 4311 2348 4378 Dominus:

345 4402 474 4469 Ioslrim
497 4401 583 4485 quod
606 4401 765 4485 perbreve
787 4401 863 4466 luit:
893 4399 1067 4466 Mathania
1089 4420 1179 4476 vero,
1208 4401 1319 4482 quiet
1370 4396 1555 4482 quomodo?
1576 4417 1669 4463 mane
1690 4417 1838 4481 sarpere.-
1866 4409 1997 4483 postea:
2030 4399 2194 4480 Loqaatas
2214 4417 2295 4480 susat,
2317 4403 2347 4462 et

345 4487 533 4567 Zedeohias,
555 4488 757 4554 atiamanno
775 4486 1180 4561 11trnntnstuitnteum
1199 4505 1319 4568 magno
1369 4503 1432 4550 aen
1464 4484 1609 4549 audistis.
1664 4483 1730 4550 Hie
1762 4485 1990 4567 oonqueritur‚
2032 4484 2115 4567 quod
2153 4504 2253 4567 opera
2285 4505 2347 4549 sna

346 4576 504 4643 dedeoore
527 4580 561 4640 et
581 4574 699 4657 probro
720 4574 854 4639 oooisus.
901 4571 1058 4654 sicergo
1083 4573 1221 4646 oonstat,
1245 4591 1318 4652 pro·
1370 4568 1472 4634 fuerit
1497 4569 1637 4646 inutilis,
1667 4578 1700 4633 et
1728 4569 1823 4634 simul
1853 4569 2055 4636 demonstrat
2082 4579 2183 4636 totam
2214 4569 2346 4652 eulpam

346 4661 479 4747 phetam
513 4659 612 4726 luisse
644 4659 679 4722 in
713 4661 865 4726 eontinuo
897 4657 1008 4723 labore
1041 4675 1099 4740 per
1132 4674 1236 4719 annos
1265 4656 1317 4722 40.
1370 4655 1513 4722 residere
1535 4655 1569 4719 in
1592 4654 1724 4738 populo.
1769 4653 1953 4721 Confirmat
1976 4655 2113 4721 eandem
2136 4656 2345 4735 sententiam,

345 4748 443 4816 Unde
465 4747 563 4813 otiam
586 4743 782 4828 oolligimus,
814 4764 912 4828 quam
935 4741 1115 4808 diaholions
1135 4741 1234 4806 fuerit
1262 4762 1317 4825 po·
1369 4740 1428 4809 sed
1449 4739 1523 4807 aliis
1544 4738 1669 4807 verbis:
1699 4738 1794 4806 Misit
1815 4739 1951 4808 [etevat
1977 4743 2020 4808 ad
2041 4760 2095 4808 uos
2115 4760 2221 4808 amaea
2241 4760 2347 4808 moos

347 4836 415 4919 puli
437 4833 527 4900 illius
548 4831 647 4910 furor,
671 4829 756 4912 quod
772 4851 839 4895 non
848 4828 990 4912 resipuit
1013 4828 1108 4893 toties
1123 4826 1318 4893 admonitus.
1370 4847 1445 4894 sans
1465 4826 1651 4909 prophetas,
1681 4846 1773 4891 mane
1802 4847 1943 4911 surpasse.
1988 4827 2177 4911 anplifieat
2207 4828 2344 4906 crimen,

347 4921 421 4986 Etsi
451 4916 682 5002 ooniungimus
709 4916 790 4981 illud
820 4916 973 4994 alterum,
1004 4913 1088 4997 quod
1117 4913 1212 4996 paulo
1243 4923 1319 4978 ante
1370 4912 1457 4996 quod
1486 4934 1553 4978 non
1575 4922 1705 4977 tantum
1734 4913 1981 4997 repudiaverint
2009 4934 2111 4978 unum
2142 4914 2344 4996 prophetam,

348 5007 452 5091 attigi,
476 5025 593 5088 nempe
615 4999 728 5067 multis
750 5001 909 5084 exemplis
930 5000 1030 5064 fuisse
1053 4999 1151 5064 simul
1174 4998 1319 5064 ednotus:
1371 4999 1428 5065 sed
1441 4997 1568 5064 multos.
1600 4996 1790 5063 Deusenim
1803 5019 1869 5064 non
1881 5008 2008 5065 tantum
2021 4999 2091 5064 solo
2102 4998 2245 5065 Ieremia
2268 5018 2345 5064 usus

347 5091 427 5159 hino
449 5091 567 5156 elarius
589 5088 697 5154 adhue
712 5099 848 5171 apparet
863 5084 1013 5151 morbum
1028 5085 1204 5167 impietatis
1222 5085 1321 5151 fuisse
1370 5092 1422 5152 est
1443 5083 1484 5150 ad
1506 5085 1594 5168 ipsos
1616 5083 1785 5163 donandos,
1808 5083 1865 5150 sed
1883 5085 1964 5152 alios
1986 5084 2165 5163 eoniunxit,
2189 5105 2254 5168 quq
2278 5105 2345 5149 ma·

347 5197 483 5263 prorsus
504 5174 718 5241 insanabilem
741 5174 774 5238 in
797 5171 918 5256 populo
946 5169 1012 5236 illo.
1056 5169 1123 5236 Sed
1153 5169 1207 5238 hio
1230 5169 1320 5237 lenus
1372 5172 1423 5256 gis
1455 5178 1564 5237 essent
1596 5168 1845 5236 inexousabiles.
1900 5170 2061 5236 Videmus
2099 5191 2177 5255 ergo
2213 5170 2250 5236 in
2285 5171 2346 5236 hoo

348 5264 521 5331 observatu
544 5261 663 5345 dignus
686 5270 753 5342 est,
780 5270 818 5324 nt
846 5257 1008 5322 diseamus
1041 5256 1151 5322 statim
1176 5256 1246 5321 Deo
1268 5277 1319 5322 oo·
1371 5274 1471 5323 versu
1493 5257 1685 5341 exaggerari
1706 5256 1844 5336 odmen,
1874 5257 2040 5339 quianon
2064 5265 2192 5322 tantum
2214 5258 2249 5321 in
2274 5277 2346 5339 per·

348 5369 491 5426 nurrere,
521 5345 576 5412 ubi
600 5365 659 5412 nos
682 5347 812 5411 invitat.
857 5342 958 5409 Fides
987 5341 1075 5406 enim
1106 5341 1205 5408 hahet
1227 5362 1319 5408 snam
1372 5361 1453 5408 sona
1486 5341 1582 5408 unius
1615 5341 1759 5408 hominis
1795 5342 2049 5426 oontempserint
2081 5341 2196 5409 ludaei
2236 5344 2346 5426 ipsum
