5134 6124
206 441 269 508 209
924 441 973 506 IN
1000 431 1260 506 IERIIIIIAM.
1295 439 1394 506 OAP.
1417 440 1494 506 XV.
2143 447 2208 514 210

206 651 281 696 suas
316 629 522 695 munitiones.
575 628 640 696 Ubi
672 637 781 696 autem
816 637 911 712 urget
942 629 1029 710 ipsos
1062 647 1180 693 manus
1205 631 1210 673 l
1233 629 1390 711 propheta
1430 629 1483 695 hio
1517 629 1557 695 de
1591 637 1729 713 quatuor
1763 631 1893 698 familiis
1926 632 2089 718 loquatur.
2147 636 2207 703 Se-

205 715 278 796 Dei‚
301 725 480 782 tunosunt
503 715 695 798 plusquam
726 713 856 796 Iapundi
886 715 919 778 in
950 715 1179 796 querimoniis:
1232 715 1354 796 quitur,
1953 727 1956 731 ·

205 801 275 866 Hel
309 821 465 885 quorsum
493 800 623 866 taudem
653 809 768 885 perget
789 798 904 865 Deus?
939 821 981 864 an
1012 818 1178 881 uunquam

206 887 268 951 erit
289 886 390 951 finis?
423 885 557 970 etquid
581 887 724 952 hoosibi
752 883 844 950 vult?
878 894 911 950 et
938 905 996 951 our
1025 904 1084 951 nos
1113 894 1179 949 tam
1317 883 1347 948 4.
1372 883 1416 949 Et
1432 905 1550 966 ponam
1573 905 1625 950 eos
1646 889 1680 952 ia
1701 889 1926 955 oommotiouem
1944 890 2207 976 omuibtaerepuia

208 973 332 1037 duriter
353 971 473 1037 vexat?
505 981 538 1036 et
559 993 620 1038 eur
642 991 707 1038 non
730 971 846 1036 saltem
869 969 1021 1036 sublevat
1042 989 1101 1035 nos
1123 969 1180 1034 ali·
1231 975 1332 1036 terroe
1347 975 1476 1052 propter
1491 970 1645 1037 Mauorte
1657 973 1760 1053 pilium
1776 973 1931 1041 Ezechiae
1943 995 2046 1060 repam
2062 976 2207 1044 Iehudub
2319 1031 2322 1038 .

207 1078 270 1140 qua
291 1058 498 1124 miserIarum
522 1057 636 1141 parte?
675 1056 838 1137 Quoniam
862 1076 940 1141 ergo
964 1064 1029 1120 tam
1052 1055 1180 1138 queruli
1230 1054 1306 1140 (vel,
1328 1057 1414 1140 regis
1430 1055 1589 1136 Iehudab‚
1612 1077 1727 1139 parum
1746 1059 1904 1146 interest),
1922 1066 2054 1142 proper
2071 1083 2109 1129 ru
2127 1084 2207 1145 quae

207 1151 283 1209 suut
317 1144 508 1227 hypocritae
542 1145 575 1207 in
609 1143 677 1208 suis
710 1142 868 1222 miseriis,
907 1142 978 1206 ideo
1011 1141 1181 1223 praevenit
1230 1142 1303 1224 feeit
1323 1141 1357 1206 ia
1381 1141 1564 1208 Ierusalem.

208 1230 297 1294 Deus
321 1249 434 1294 omnes
456 1228 529 1294 illas
548 1228 832 1310 expostulationes,
857 1226 895 1292 Si
912 1227 969 1292 titt·
985 1227 1098 1304 dhoet
1120 1246 1181 1307 qao

206 1315 414 1398 effugiemus?
448 1315 499 1380 vel
523 1314 563 1378 ad
587 1315 713 1392 lumem,
740 1313 791 1378 vel
816 1313 856 1378 ad
880 1311 1034 1397 gladium,
1066 1312 1116 1375 vel
1139 1309 1180 1375 ad
1317 1312 1368 1376 De
1390 1310 1505 1377 exsilio
1528 1333 1616 1378 nuno
1639 1314 1850 1381 eonoionatur
1872 1316 2037 1384 Ieremias.
2083 1319 2205 1385 Haote-

207 1399 366 1479 exsilium,
392 1401 461 1465 Deo
485 1399 619 1484 perinde
641 1408 706 1465 est:
740 1418 777 1464 ao
800 1399 882 1463 nihil
904 1399 1014 1478 refert,
1040 1396 1100 1462 hoo
1120 1405 1178 1473 est,
1232 1419 1294 1464 nus
1318 1398 1357 1464 da
1379 1397 1487 1482 gladio
1509 1398 1663 1481 loquutus
1691 1409 1755 1479 est,
1789 1409 1823 1466 et
1851 1399 1891 1465 de
1921 1402 2021 1482 fame,
2056 1403 2207 1470 adiunxit

206 1486 298 1549 nulla
320 1485 459 1568 amplius
482 1486 573 1551 vobis
603 1484 789 1568 quaerenda
819 1494 867 1550 est
896 1504 971 1568 spes
999 1483 1179 1549 miseridor-
1231 1487 1328 1549 etiam
1352 1484 1432 1549 alias
1464 1505 1600 1568 poenas:
1634 1505 1749 1568 nempe
1781 1486 1865 1570 quod
1901 1487 2061 1554 trahenda
2094 1500 2206 1556 esseut

206 1571 294 1637 diae:
318 1572 471 1654 quoniam
490 1573 581 1636 Deus
599 1591 653 1636 vos
672 1569 796 1637 abiooit.
829 1571 919 1654 Ergo
937 1571 1052 1636 soitote
1071 1577 1178 1634 aetum
1229 1569 1389 1636 oadavera
1412 1591 1431 1635 a
1453 1571 1597 1650 nauibus,
1622 1570 1738 1636 deiude
1758 1570 1913 1638 laulanda
1935 1573 1976 1637 ab
1998 1575 2072 1641 aliis
2096 1585 2205 1642 truou·

206 1677 276 1722 esse
299 1656 339 1723 tle
357 1657 458 1739 vobis,
483 1659 636 1740 qnonIam
659 1657 747 1722 salua
766 1662 875 1722 vestra
892 1655 985 1721 nulla
1003 1664 1053 1720 est
1071 1673 1178 1720 eoram
1230 1656 1328 1722 lentis
1349 1654 1477 1731 bestiis,
1511 1665 1544 1720 et
1566 1657 1683 1722 avibus
1712 1657 1801 1722 ooeli.
1846 1656 1913 1724 Sed
1943 1679 2032 1724 nuno
2060 1661 2204 1746 speeiem

207 1743 288 1808 Deo.
333 1741 535 1827 Quocunque
565 1763 643 1826 ergo
675 1743 789 1807 mortis
821 1761 940 1825 genere
973 1739 1178 1824 pereundum
1231 1761 1330 1807 unum
1352 1741 1489 1823 retinet,
1519 1763 1637 1825 nempe
1659 1741 1746 1827 quod
1770 1742 1862 1809 Deus
1886 1743 2071 1828 profligabit
2093 1767 2149 1813 eos
2170 1747 2206 1812 iu

207 1829 262 1906 eit,
292 1829 386 1894 vobis
409 1835 519 1894 umen
542 1829 833 1916 pereundumst:
867 1848 932 1892 nou
954 1834 1066 1910 puroet
1088 1825 1179 1893 vobis
1231 1828 1393 1893 exsilium.
1438 1825 1580 1893 Videtur
1601 1839 1708 1893 autem
1731 1829 1910 1912 sumpsisse
1937 1829 2018 1896 haee
2040 1831 2141 1898 verba
2163 1853 2207 1897 ex

207 1913 312 1979 Deus:
346 1913 415 1980 sive
437 1924 586 1980 oeourrat
607 1913 748 1996 gladius,
770 1914 839 1977 siva
860 1913 973 1992 famas,
1000 1911 1070 1977 sive
1091 1909 1180 1977 aliud
1232 1913 1332 1980 Mose.
1384 1911 1469 1977 Nam
1503 1912 1550 1977 ita
1582 1914 1728 1998 loquitur
1760 1915 1811 1980 28.
1842 1933 1912 1998 oap.
1947 1914 2205 1996 Deuteronomii,

207 2019 311 2083 genua
332 2000 456 2079 mortis,
478 2000 629 2066 omnibns
653 1999 757 2064 modis
779 1999 871 2064 eritis
894 1998 1067 2082 desperati.
1231 1999 1293 2064 nisi
1316 1997 1402 2080 quod
1423 1999 1458 2062 in
1485 1999 1616 2064 nomine
1646 2001 1859 2084 praeponitur
1889 2015 1909 2077 u
1936 2001 2048 2067 literae
2075 2017 2094 2069 t.
2139 2001 2206 2068 Sed

1230 2083 1400 2150 eonversio
1429 2082 1486 2149 illu
1515 2084 1596 2149 satis
1625 2086 1703 2149 trita
1733 2095 1790 2150 est.
1839 2085 1881 2150 In
1909 2087 2043 2170 reliquis
2073 2107 2207 2171 prorsus

290 2169 320 2234 3.
348 2168 392 2234 Et
409 2169 593 2252 praeficiam
615 2189 710 2252 super
730 2189 781 2234 eos
802 2174 935 2250 quotuor
955 2167 1109 2250 familiae,
1132 2167 1180 2232 ote·-
1231 2169 1385 2235 oonvenit
1406 2188 1480 2234 oum
1504 2170 1611 2236 Mose:
1643 2170 1745 2250 Dabo,
1769 2172 1886 2254 iuquit,
1908 2191 1958 2238 eoa
1980 2174 2016 2237 Iu
2036 2175 2207 2240 mmmotio·

205 2256 246 2320 eil
267 2253 412 2335 Ittooot,
432 2255 574 2339 plodium
596 2256 638 2321 ad
661 2255 869 2330 occidendam,
890 2259 918 2320 et
939 2274 1030 2320 oouee
1051 2253 1093 2318 ad
1115 2257 1180 2317 tra·
1230 2275 1299 2320 aem
1320 2253 1462 2320 omuibus
1482 2257 1588 2338 reguis
1609 2262 1718 2336 tetrae,
1749 2256 1810 2322 hoo
1832 2265 1890 2339 est,
1922 2258 2039 2323 faniam
2070 2271 2107 2323 nt
2129 2260 2206 2342 vagi

205 2339 355 2423 heodem,
396 2344 424 2404 et
455 2359 543 2405 ouen
575 2341 743 2420 ooelomm,
784 2345 811 2404 et
842 2339 972 2406 latiam
1003 2345 1105 2404 terrae
1138 2337 1180 2403 ud
1231 2350 1264 2405 et
1297 2339 1415 2422 trepidi
1449 2350 1569 2405 errent.
1623 2341 1814 2424 Amplifioat
1846 2343 2040 2426 gravitatem
2079 2344 2204 2411 exsilii:

204 2425 417 2492 eorumdum
439 2425 686 2507 etperdeudum.
1230 2424 1316 2507 quod
1336 2425 1459 2490 soilioet
1481 2445 1641 2509 nusquam
1664 2426 1815 2491 illiserit
1837 2435 1907 2492 tnta
1934 2430 2034 2512 quies.
2079 2427 2206 2495 Saltem

1231 2514 1287 2594 qui
1310 2511 1416 2576 solum
1437 2518 1573 2575 uertunt
1595 2511 1702 2575 exsilii
1725 2530 1831 2590 eausa,
1857 2514 2024 2597 reperiunt
2046 2513 2207 2596 angulum

291 2595 508 2678 Prosequitur
530 2594 666 2660 eandem
683 2593 880 2660 sententiam
896 2593 1062 2660 Ieremias.
1095 2591 1179 2657 Heri
1231 2596 1372 2679 aliquem
1397 2594 1452 2659 ubi
1470 2595 1647 2679 respirent:
1671 2595 1729 2660 sed
1746 2595 1840 2661 Deus
1858 2599 2048 2680 pronuntiat
2066 2598 2206 2665 Iudaeos

206 2680 332 2748 dieebat
353 2681 510 2764 populum
532 2681 626 2747 illum
651 2699 714 2745 non
737 2679 876 2762 amplius
892 2699 989 2746 outae
1004 2699 1074 2744 esse
1091 2677 1178 2743 Deo:
1231 2681 1354 2763 ubique
1375 2680 1444 2746 iore
1467 2701 1567 2763 vagos
1590 2688 1623 2744 et
1644 2680 1822 2759 instabiles,
1845 2691 1883 2747 ut
1900 2681 2009 2748 nullus
2026 2681 2115 2750 loeus
2134 2685 2206 2751 illos

206 2769 314 2850 itaque
336 2766 418 2830 nihil
441 2773 574 2849 restare,
598 2766 662 2832 nisi
684 2776 721 2831 ut
742 2785 854 2831 omnes
871 2766 1019 2850 perirent
1034 2763 1090 2829 alii
1105 2762 1179 2827 aliis
1232 2767 1376 2849 reeipiat.
1420 2765 1509 2831 Hiuo
1538 2774 1650 2832 autem
1682 2767 1799 2832 molius
1831 2788 1868 2833 eo
1893 2769 1980 2834 uoaoi
2013 2771 2120 2851 potuit
2142 2769 2207 2835 Dei

205 2851 325 2917 modis:
348 2850 513 2917 levissima
535 2861 645 2917 auam
667 2871 773 2935 poena
787 2861 874 2917 esset
888 2851 1050 2916 exsilium.
1083 2848 1179 2914 Nono
1231 2851 1394 2928 vindiota,
1423 2848 1509 2933 quod
1532 2870 1693 2934 nusquam
1717 2853 1855 2936 eontigit
1870 2789 2057 2936 Irospitium
2080 2855 2205 2920 miseris

206 2955 284 3003 vero
317 2939 490 3003 oonlirmat
518 2936 655 3003 eandem
689 2937 899 3002 sententiam:
937 2935 1024 3020 quod
1058 2934 1181 3002 soilioet
1232 2936 1307 3014 illis,
1330 2955 1431 3018 quum
1454 2934 1592 3020 dispersi
1614 2947 1722 3002 essent
1748 2959 1806 3020 per
1836 2939 1944 3003 varias
1973 2946 2087 3003 terras.
2133 2939 2206 3004 Etsi

205 3021 298 3087 Deus
320 3021 459 3087 armabit
481 3021 637 3088 adversus
660 3042 714 3088 eos
736 3031 804 3087 tam
827 3043 904 3088 aves
931 3042 1027 3105 quam
1051 3020 1179 3097 bestias,
1232 3023 1319 3088 enim
1343 3020 1532 3086 habitarunt
1555 3023 1588 3086 iu
1612 3023 1710 3088 oertis
1739 3022 1944 3107 regionibus,
1977 3043 2056 3107 quas
2085 3023 2206 3107 plaouit

206 3106 351 3191 gladium
374 3117 407 3172 et
429 3128 542 3174 tanes:
566 3109 659 3191 quasi
675 3108 797 3173 diceret
810 3109 920 3173 omnin
938 3105 1094 3172 anImulia
1111 3105 1180 3170 fore
1231 3107 1302 3192 regi
1325 3106 1508 3192 Babylonio
1530 3105 1595 3172 illis
1617 3109 1812 3191 attribuere,
1843 3109 1974 3173 fuerunt
2003 3115 2112 3174 tamen
2138 3110 2207 3174 ubi-

206 3191 272 3257 illis
291 3193 440 3270 inimioa,
476 3195 627 3276 quoniam
656 3201 877 3276 exsequentur
905 3199 1017 3258 eontra
1038 3210 1094 3256 eos
1116 3189 1181 3254 Dei
1232 3213 1296 3276 qne
1329 3192 1477 3276 inquieti.
1534 3191 1624 3276 Ergo
1657 3213 1721 3258 uon
1750 3193 1875 3276 ¹frustra
1912 3194 2022 3260 Moses
2061 3194 2207 3261 minatus
2260 3213 2264 3220 ·

206 3276 395 3344 vindiotam.
430 3277 496 3343 Alii
520 3278 654 3344 verbum
677 3289 741 3369 'ipa
759 3297 940 3361 perperam,
962 3275 1180 3351 meoiudicio,
1231 3277 1339 3344 fuerat
1361 3277 1427 3344 illis
1450 3276 1547 3342 talem
1571 3298 1725 3361 poenam:
1759 3297 1865 3360 nequa
1885 3278 1984 3344 etiam
2013 3279 2135 3346 frustra
2156 3301 2205 3346 ra·

206 3363 259 3427 hio
282 3363 448 3446 aooipiunt
470 3383 527 3446 pro
550 3364 705 3430 visitare:
727 3363 845 3429 saltem
862 3372 993 3429 vertere
1008 3360 1179 3438 debebant,
1233 3365 1350 3447 petivit
1371 3361 1528 3430 Ieremias
1551 3362 1634 3445 quod
1658 3362 1780 3429 dietum
1803 3364 1911 3428 fuerat
1933 3364 2072 3431 aMose.
2104 3363 2207 3431 Addit

205 3448 354 3514 Visitabo
376 3460 515 3532 quatuor
538 3449 677 3514 familias
700 3469 799 3532 super
821 3450 925 3532 ipsoe:
959 3445 1016 3514 ssd
1045 3445 1180 3514 visitare
1232 3467 1374 3527 oausam,
1393 3469 1510 3532 nempe
1522 3454 1654 3532 promer
1672 3446 1840 3515 Mauaaae:
1862 3450 1951 3533 atqui
1970 3451 2035 3514 Iam
2053 3450 2206 3515 Manasse

205 3542 343 3616 quatuor
365 3553 486 3620 genera
509 3554 689 3616 poenarum
707 3534 846 3600 absurde
863 3533 992 3614 dieitur,
1015 3554 1074 3600 neo
1093 3532 1180 3597 ullus
1232 3543 1303 3601 erat
1324 3545 1483 3600 mortuus.
1527 3534 1596 3601 Our
1618 3535 1720 3617 igitur
1741 3535 1909 3600 transtulit
1931 3534 2023 3600 Deus
2045 3536 2078 3599 iu
2102 3542 2207 3618 poste·

206 3624 295 3684 oerte
328 3639 444 3686 seusus
478 3627 585 3703 potest
617 3619 784 3685 oommode
816 3618 898 3685 elisi.
944 3620 1045 3702 Atqui
1077 3637 1179 3701 quum
1232 3640 1287 3685 ros
1309 3619 1499 3698 aindiotam,
1522 3639 1619 3701 quam
1642 3621 1711 3702 ipse
1730 3621 1925 3702 promeritus
1943 3618 2072 3686 luerat?
2105 3620 2206 3684 Vide·

205 3704 267 3772 hoo
283 3706 422 3772 verbum
440 3714 662 3788 sumaturpro
678 3706 871 3788 Praebuere,
892 3705 1015 3789 optime
1030 3703 1180 3789 oougruit
1233 3716 1289 3770 tur
1311 3707 1398 3770 onim
1428 3705 1490 3770 hou
1519 3725 1665 3788 pugnare
1697 3724 1771 3770 oum
1804 3705 1906 3771 altero
1938 3705 2026 3788 loeo,
2058 3705 2115 3770 ubi
2149 3724 2208 3788 per

205 3792 368 3873 praesenti
387 3791 471 3856 loeo:
496 3789 580 3874 quod
599 3792 691 3856 Deus
709 3790 875 3873 praefiniet
893 3799 1031 3873 quatuor
1048 3808 1181 3874 genera,
1233 3789 1439 3857 Ilueohielem
1462 3789 1549 3864 dioit,
1577 3790 1701 3854 Anima
1722 3810 1805 3874 qnae
1827 3791 2018 3874 peoeaverit,
2049 3790 2120 3872 ipsa
2142 3811 2207 3855 mo-

207 3895 290 3958 quae
313 3883 405 3942 voeat
425 3886 563 3958 quatuor
584 3875 734 3941 familias.
779 3876 823 3940 Et
850 3877 962 3942 subest
990 3874 1179 3941 antithesis:
1232 3878 1336 3940 rietur
1358 3873 1489 3960 (Eaeob.
1510 3874 1561 3954 18,
1578 3873 1622 3960 4).
1659 3873 1724 3941 Sed
1747 3875 1882 3940 minime
1902 3874 2037 3939 dubium
2056 3885 2106 3940 est
2127 3876 2206 3958 quin

207 3963 281 4043 quia
313 3961 431 4026 durum
461 3961 527 4028 illis
556 3963 663 4027 fuerat
692 3981 807 4044 parere
831 3962 917 4040 Deo,
952 3980 1081 4025 neeesse
1114 3961 1180 4024 iam
1234 3962 1325 4027 Dans
1347 3961 1433 4026 iusto
1463 3959 1551 4025 ultus
1584 3961 1682 4025 luerit
1712 3958 1835 4025 seelera
1862 3958 1976 4044 populi
2006 3959 2106 4025 etiam
2133 3969 2208 4043 post

207 4055 337 4113 esseut
360 4045 752 4124 habeantoauesduoes,
780 4055 814 4112 et
844 4065 958 4112 saeuas
985 4045 1117 4122 bestias,
1148 4053 1181 4108 et
1233 4054 1370 4111 mortem
1402 4044 1491 4111 illius
1523 4045 1615 4128 impii
1650 4047 1754 4128 regis:
1795 4044 1871 4126 quia
1905 4065 1970 4110 oon
2011 4045 2207 4111 destiterant

208 4153 286 4198 aves
318 4129 498 4209 ooelorum,
532 4141 565 4197 et
598 4132 744 4215 gladium
778 4132 896 4214 ipsum.
951 4129 1088 4197 Summa
1121 4138 1180 4209 est,
1233 4130 1320 4196 mala
1342 4131 1438 4196 malis
1460 4131 1636 4196 onmulare.
1670 4130 1833 4212 Quoniam
1856 4139 1966 4196 tamen
1984 4130 2040 4195 illo
2060 4139 2207 4215 tempore

208 4217 335 4282 nullum
358 4217 427 4281 fore
450 4216 612 4282 vindIotae
635 4218 697 4283 Dei
720 4229 753 4283 et
775 4216 914 4284 diuersis
937 4217 1049 4299 poenIs
1072 4217 1180 4295 finem,
1232 4217 1376 4282 maxime
1398 4225 1549 4298 eruperat
1571 4217 1736 4300 impietas,
1771 4216 1842 4281 ideo
1871 4215 2043 4300 praeeipue
2070 4218 2207 4300 notavit,

208 4303 309 4369 douae
339 4303 470 4385 penitus
499 4301 638 4367 Iudaeos
667 4303 914 4386 oonsumpserit.
957 4299 1025 4368 Sed
1055 4302 1181 4368 interea
1233 4313 1271 4368 ut
1293 4300 1482 4386 iutelligant
1502 4302 1616 4368 Iudaei
1638 4322 1673 4366 se
1693 4301 1820 4384 pridem
1850 4300 1966 4386 dignos
1994 4303 2092 4367 fuisse
2121 4304 2206 4369 inte·

209 4389 373 4473 signifieat
404 4387 467 4453 sibi
496 4394 625 4470 praesto
653 4388 723 4455 fore
753 4388 872 4454 multos
905 4389 975 4452 irae
1008 4407 1087 4454 suae
1119 4388 1180 4450 mi·
1232 4389 1307 4466 ritu,
1331 4407 1390 4452 neo
1412 4387 1512 4453 fuisse
1538 4407 1675 4470 poenam
1704 4385 1856 4464 dilatam,
1885 4387 1948 4451 uisi
1976 4386 2208 4454 inaestimabili

208 4475 336 4551 nistros,
354 4474 506 4557 quoniam
523 4474 557 4536 iu
575 4482 726 4556 promptu
740 4474 858 4539 habeat
874 4493 987 4539 omnes
1004 4479 1180 4539 nreaturas.
1234 4473 1298 4539 Dei
1331 4472 1565 4553 mirerioordia,
1603 4473 1658 4557 qui
1691 4493 1756 4538 nou
1791 4473 1900 4538 statim
1933 4471 2036 4539 voluit
2067 4481 2208 4542 traotare

210 4559 370 4640 Quoniam
394 4561 496 4642 igitur
518 4567 646 4641 potarat
668 4560 717 4624 uti
739 4567 772 4624 et
793 4580 911 4626 eanum
942 4561 977 4624 et
1003 4559 1181 4635 voluerum,
1233 4559 1316 4638 illos,
1340 4563 1378 4623 ut
1400 4560 1508 4624 meriti
1530 4560 1671 4624 fuerant.
1712 4557 1930 4624 Commendat
1952 4559 2054 4642 igitur
2076 4559 2208 4644 longam

210 4655 243 4709 et
265 4644 453 4710 animalium
473 4654 504 4709 ot
526 4644 695 4708 hominum
719 4644 817 4711 etiam
840 4645 1008 4728 obsequio:
1032 4643 1110 4708 hino
1128 4641 1182 4706 Iu·
1234 4644 1298 4710 Dei
1320 4644 1526 4710 tolerantiam
1550 4643 1717 4726 propheta,
1746 4665 1784 4708 eo
1807 4643 1891 4726 qnod
1915 4665 2072 4728 suspensa
2094 4646 2209 4710 luisset

210 4729 308 4794 daeos
330 4738 473 4794 statuero
496 4730 648 4812 oportuit,
671 4730 793 4795 frustra
814 4751 870 4796 eos
892 4737 1022 4812 eaptare
1044 4728 1107 4794 hoo
1127 4726 1183 4793 vel
1235 4728 1341 4796 eludes
1364 4728 1405 4795 ad
1427 4728 1510 4794 illud
1532 4749 1634 4812 usque
1658 4739 1795 4811 tempus.
1839 4731 1884 4794 Et
1906 4751 1947 4795 ex
1976 4730 2123 4812 opposito
2153 4729 2208 4793 de·

209 4812 292 4880 illud
312 4814 479 4900 effugium.
524 4814 655 4880 Suimue
677 4816 764 4879 enim
786 4814 935 4881 heminae
964 4835 1092 4898 semper
1115 4832 1183 4878 ma·
1235 4823 1409 4892 monstrat,
1451 4835 1518 4879 non
1552 4814 1632 4880 adeo
1670 4833 1783 4880 severe
1822 4815 1894 4881 illos
1936 4815 2085 4890 trattati,
2128 4814 2209 4896 quin

210 4902 299 4984 ligne
321 4902 517 4985 restringere
539 4900 603 4966 Dei
628 4899 806 4983 potentiam
836 4900 889 4966 vel
918 4901 975 4966 ubi
1004 4901 1114 4985 agitur
1144 4897 1183 4964 de
1235 4901 1400 4985 digniores
1430 4902 1498 4965 sint
1527 4909 1560 4966 et
1588 4899 1734 4982 pluribus
1768 4902 1881 4984 poenis
1914 4911 1946 4967 et
1979 4898 2207 4966 atrotioribus:

210 4987 355 5067 ipsorum
377 4987 496 5065 salute,
530 4987 582 5052 vel
605 4987 646 5050 de
668 4985 864 5068 eastigaudis
893 5006 1005 5050 eorum
1032 4985 1183 5068 puocatis.
1235 4987 1313 5068 quia
1334 4986 1458 5052 soilioet
1481 4994 1572 5051 tauta
1593 4985 1810 5052 obstinatione
1831 5005 1899 5051 non
1930 4983 2126 5049 destiterant
2157 5005 2209 5051 au·

213 5069 248 5136 Si
273 5073 360 5135 enim
383 5073 587 5156 praeterierit
605 5070 735 5155 aliquod
750 5071 990 5136 incommodum
1010 5081 1128 5153 putant
1149 5091 1183 5136 se
1236 5091 1361 5137 tersere
1391 5071 1452 5137 sibi
1482 5072 1587 5137 multa
1615 5073 1731 5156 exitia,
1766 5083 1923 5154 quantum
1956 5070 1990 5134 iu
2024 5069 2104 5152 ipsis
2137 5070 2209 5136 luit.

212 5156 354 5240 elapsus,
388 5169 420 5222 et
453 5159 649 5238 promittunt
688 5157 748 5222 eibi
786 5157 1025 5240 impunitatem.
1081 5155 1183 5238 Quasi
1236 5156 1303 5222 Sed
1326 5157 1472 5221 exoritur
1494 5157 1557 5223 alia
1579 5159 1734 5241 quaestio.
1779 5157 1864 5222 Nam
1888 5155 2036 5239 quamvis
2058 5155 2209 5223 Manasse

211 5249 291 5307 veto
314 5241 407 5307 Deus
429 5262 494 5306 uon
515 5244 616 5326 possit
638 5242 778 5325 singulis
800 5241 974 5306 momentis
993 5241 1184 5325 depromere
1236 5241 1438 5307 simulaverit
1477 5243 1729 5325 poeniteutiam:
1770 5253 1879 5306 temen
1913 5242 2003 5306 Deus
2037 5243 2127 5307 visus
2160 5253 2210 5306 est

213 5327 317 5394 multa
339 5328 484 5393 alvaria
504 5328 643 5412 flagella.
689 5329 778 5394 Haeo
808 5327 909 5411 igitur
939 5327 1021 5392 ratio
1051 5335 1100 5394 est
1125 5347 1185 5392 our
1235 5328 1405 5411 iguosoere
1438 5335 1505 5391 tam
1538 5329 1600 5411 ipsi
1634 5347 1730 5412 quam
1764 5329 1823 5391 toti
1857 5327 1985 5409 populo.
2036 5327 2104 5392 Cur
2132 5348 2211 5411 orgo

318 5429 431 5485 Caluisti
446 5443 539 5498 opera.
573 5427 632 5484 Vol.
650 5427 831 5486 XXXVIII.
1462 5453 1464 5456 ·
1975 5429 2009 5482 14
