5118 6136
211 442 275 508 629
912 439 963 506 ΙΝ
984 439 1234 508 rettulere.
1278 439 1376 514 Otr.
1400 439 1516 507 XXX.
1550 495 1551 498 ι
2152 443 2219 510 630

212 629 267 713 qui
283 628 346 694 Dei
368 627 499 694 nomine
521 627 711 707 abutuntur,
733 627 896 710 sepeliunt
912 628 1091 695 doctrinam
1116 649 1188 712 poo-
1330 629 1381 696 17.
1414 629 1498 710 Quia
1524 629 1680 695 addam
1700 629 1895 695 sanationem
1915 627 1981 711 tibi,
2010 633 2039 695 et
2057 652 2079 697 a
2099 630 2216 698 totu

213 715 380 780 nitentior.
432 713 560 779 Volunt
587 715 671 780 enim
703 725 832 780 tantum
863 713 1020 797 populum
1048 714 1190 780 muloere
1242 713 2029 797 uutuusanatote‚ttt10torat:qoentam
2050 716 2216 800 expulsam

212 800 381 866 lallaoibus
403 799 584 866 blanditiis:
615 805 650 864 at
671 799 826 881 quoniam
849 799 994 866 favorem
1019 809 1190 878 venantur,
1241 805 1390 866 toeamrtt
1411 804 1439 867 te
1462 799 1547 878 Sion,
1571 819 1667 882 qttttm
1688 819 1776 866 aeno
1796 801 1938 882 requirit.

211 885 285 951 ideo
301 882 483 952 doetrinam
502 905 585 966 quae
606 885 772 954 offendere
787 894 904 969 posset,
928 905 966 952 ao
988 895 1038 951 est
1055 887 1190 951 minime

211 973 322 1038 suavis
345 979 379 1035 et
396 971 538 1036 ineunda
559 973 660 1045 tarni,
684 991 818 1054 prorsus
834 971 1000 1036 omittunt.
1031 971 1190 1037 Ieremias
1328 972 1419 1038 Daue
1437 991 1536 1054 quum
1552 971 1692 1054 gratiam
1710 970 1914 1052 promitteret
1929 971 2061 1037 Iudaeis
2078 992 2215 1038 exorsus

212 1077 278 1122 non
300 1056 347 1121 ita
369 1054 494 1121 duriter
509 1057 577 1139 egit
592 1077 668 1122 oum
684 1057 801 1140 populo
817 1056 897 1139 quin
920 1057 1077 1139 reliquam
1097 1078 1188 1140 spem
1241 1067 1291 1124 est
1312 1057 1353 1123 ab
1375 1055 1534 1136 hostibus,
1564 1056 1718 1138 qnoniam
1747 1057 1858 1139 gravis
1887 1056 1945 1122 illa
1974 1069 2045 1124 erat
2068 1057 2214 1139 tenutio,

212 1142 327 1210 veniae
360 1141 494 1220 faosret,
536 1152 569 1207 et
607 1162 737 1225 semper
777 1142 896 1208 leniret
929 1141 1084 1224 quidquid
1119 1153 1190 1208 erut
1241 1152 1274 1208 et
1296 1162 1378 1225 quae
1400 1143 1521 1224 alioqui
1545 1162 1611 1206 non
1634 1150 1762 1206 tantum
1786 1141 1949 1208 turbasset
1970 1153 2004 1210 et
2024 1144 2214 1227 pertulisset

212 1248 248 1293 as
273 1228 397 1294 aritstis
429 1227 463 1291 in
498 1227 715 1310 poenitentiae
749 1226 906 1293 doetrina.
953 1226 1020 1294 Sed
1054 1228 1188 1292 interim
1241 1246 1354 1293 eorum
1378 1229 1513 1306 animos,
1539 1227 1596 1292 sed
1618 1247 1752 1312 prorsus
1775 1228 1986 1295 exstinxisset
2008 1249 2137 1294 omnem
2161 1249 2215 1294 eo·

211 1250 444 1397 noluitpopuli
460 1311 896 1397 vitiaioversindulgendo,
916 1313 1188 1395 quemadmodum
1242 1333 1315 1380 rum
1345 1313 1460 1391 fidem,
1494 1333 1592 1396 quum
1617 1312 1767 1378 viderent
1800 1313 1910 1378 hostes
1940 1335 2014 1382 euos
2043 1316 2089 1380 itu
2117 1315 2215 1398 potiri

211 1400 283 1466 fieri
317 1399 399 1464 solat
431 1419 451 1462 a
484 1399 786 1482 pseudoprophetis.
842 1397 932 1480 Quid
964 1407 1076 1464 autem
1109 1399 1187 1463 alii?
1241 1399 1311 1464 suis
1333 1401 1429 1476 votis,
1453 1399 1572 1465 stillis
1595 1417 1748 1481 prospere
1769 1399 1942 1464 suooedere
1964 1399 2122 1484 quidquid
2145 1410 2215 1465 ten·

212 1505 331 1567 nempe
352 1484 518 1550 laetabant
540 1484 649 1550 Deum
672 1505 744 1551 esse
766 1485 1026 1562 miserioordsm,
1059 1484 1188 1549 tardum
1242 1486 1373 1568 tabant,
1407 1485 1471 1550 nisi
1493 1483 1604 1549 addita
1632 1484 1748 1549 fuisset
1779 1484 1857 1550 baso
1885 1485 2070 1564 eonsolatio,
2102 1484 2215 1552 hostes

212 1571 253 1635 ad
282 1571 379 1648 iram,
409 1580 444 1634 st
472 1571 583 1635 statim
612 1570 814 1636 reeonoiliari
845 1571 1084 1651 portatoribus:
1113 1571 1189 1635 bino
1241 1571 1374 1636 tandem
1407 1571 1568 1635 rationem
1602 1576 1651 1634 tot
1676 1569 1833 1635 saelorum
1868 1569 1903 1634 in
1932 1570 2052 1652 quibua
2107 1572 2213 1638 loriati

212 1656 364 1739 oolligere
386 1666 572 1738 promptum
602 1663 687 1733 erat,
717 1677 781 1720 non
816 1656 885 1721 fore
916 1654 1108 1721 diuturnum
1132 1677 1187 1720 ex·
1240 1657 1371 1722 fuerant
1393 1655 1591 1720 reddituros:
1614 1653 1672 1720 sed
1692 1675 1776 1720 nune
1797 1657 1993 1740 exprimitur
2015 1593 2106 1740 quod
2123 1679 2214 1741 prae-

211 1741 332 1807 silium.
382 1740 449 1808 Sed
481 1741 623 1821 interea,
658 1751 695 1804 nt
723 1740 881 1820 diximus,
913 1742 1031 1824 populo
1065 1739 1188 1824 perfide
1241 1745 1370 1824 oipuum
1388 1749 1447 1820 est,
1472 1761 1588 1824 nempe
1600 1741 1720 1815 Deum,
1743 1762 1844 1823 quum
1867 1742 1964 1806 fuerit
1988 1743 2214 1810 rooonoiliatus

212 1827 440 1893 adulabantur.
477 1824 533 1893 Sio
555 1847 633 1911 ergo
656 1824 836 1892 tenendum
859 1835 917 1906 aet,
939 1847 1108 1910 nunqnam
1131 1848 1189 1893 nos
1241 1827 1360 1910 populo
1381 1847 1448 1907 suo,
1471 1839 1661 1892 sanaturum
1686 1826 1800 1910 plagas
1823 1848 1904 1908 quas
1926 1827 2104 1894 inflixerat
2139 1829 2215 1912 lpse

212 1933 282 1979 esse
304 1911 436 1978 idoneos
462 1911 504 1977 ad
534 1911 781 1996 amplexandam
803 1912 869 1978 Dei
895 1913 1053 1996 gratiam,
1084 1933 1189 1996 neque
1242 1927 1291 1978 est
1312 1915 1399 1978 enim
1422 1915 1477 1995 qui
1501 1912 1641 1978 vulnera
1663 1912 1755 1978 nobie
1777 1912 1911 1996 infligit,
1941 1922 1973 1978 et
1995 1913 2141 1980 eiusdem
2164 1924 2215 1981 est

211 2019 282 2065 asse
304 1999 403 2064 huius
425 2017 567 2081 oapaoos,
598 2009 635 2063 ut
657 1999 703 2063 ita
724 1997 857 2080 loquar,
889 1998 991 2064 doneo
1013 2018 1090 2064 vore
1112 1997 1188 2063 sub·
1241 2019 1301 2066 nos
1318 1995 1448 2064 sanare:
1470 1998 1625 2065 iuditium
1647 2018 1745 2062 snum
1763 2006 1894 2064 erereot
1907 1999 1942 2062 in
1959 2000 2081 2081 poenis,
2103 2009 2215 2081 postea

211 2090 285 2150 tota
307 2085 404 2148 luerit
429 2084 535 2149 omnis
563 2085 671 2150 earnis
701 2084 868 2166 superbia,
897 2083 1015 2149 deinde
1043 2093 1188 2150 eorreeta
1241 2085 1376 2167 suseipit
1410 2103 1581 2168 personam
1616 2081 1749 2161 mediol,
1788 2083 1864 2148 dnm
1898 2104 1957 2150 nos
1992 2084 2033 2149 ab
2064 2086 2214 2153 omnibns

211 2171 310 2236 etiam
338 2180 372 2234 et
400 2179 541 2253 purgata
570 2171 676 2235 omnis
697 2168 863 2235 seouritas.
915 2169 1012 2235 Nune
1039 2168 1188 2235 videmus
1242 2169 1337 2236 malis
1359 2169 1483 2236 liberat.
1529 2169 1670 2235 Perinde
1691 2169 1794 2253 igitur
1816 2177 1867 2236 est
1888 2189 1926 2235 ao
1947 2170 1976 2234 si
1999 2169 2121 2237 diaeret
2144 2192 2214 2255 pro-

210 2277 269 2322 onr
298 2255 457 2339 propheta
483 2256 635 2321 eubiieiat
664 2255 789 2338 gratiae
820 2255 1069 2339 promissionem
1098 2264 1187 2337 post·
1241 2257 1348 2339 pheta,
1378 2256 1435 2321 uhi
1458 2266 1588 2337 tempus
1609 2256 1734 2320 iustum
1759 2255 1942 2333 transierit,
1972 2255 2060 2338 quod
2090 2257 2214 2323 soilioet

211 2361 308 2424 quam
340 2361 454 2406 serere
484 2343 696 2406 oonoionatus
724 2349 774 2406 est
806 2340 846 2406 de
868 2340 1016 2406 horribili
1045 2341 1102 2405 illo
1125 2340 1188 2405 Dei
1240 2341 1332 2408 Deus
1361 2340 1480 2424 populo
1503 2339 1683 2418 definierat,
1713 2349 1801 2407 oerto
1823 2340 2018 2423 sperandam
2041 2363 2111 2408 esse
2133 2342 2213 2409 libe-

211 2427 339 2492 iudioio.
375 2423 440 2492 Sed
461 2425 591 2492 videtur
609 2447 673 2492 non
692 2426 852 2509 quadrare
874 2425 1001 2492 illative
1019 2426 1188 2508 parthulo,
1241 2428 1416 2493 rationem:
1438 2427 1515 2509 quia
1530 2425 1693 2492 Dominus
1715 2427 1907 2492 demoverat
1928 2435 2057 2493 tantum
2077 2427 2118 2493 ad
2138 2439 2213 2493 tem·

210 2497 271 2607 ΡΒ.
310 2512 482 2592 Quomodo
505 2513 594 2576 anim
613 2515 743 2577 oontexi
761 2513 880 2594 poterit
897 2532 972 2577 oum
990 2513 1090 2577 minis
1108 2531 1189 2595 quas
1242 2534 1301 2596 pus
1331 2531 1453 2595 poenas
1481 2511 1521 2577 ds
1543 2511 1660 2595 populo
1692 2532 1832 2593 sumere,
1865 2531 1932 2576 non
1962 2521 2071 2578 autem
2104 2513 2213 2594 ipsum

210 2596 375 2663 vidimus?
391 2601 557 2680 propterea
574 2599 631 2680 qui
647 2602 675 2662 te
688 2599 836 2664 worout
849 2598 1086 2664 devmaburter.
1120 2595 1188 2662 Sed
1241 2618 1373 2682 prorsus
1402 2596 1542 2663 abolere.
1586 2597 1756 2664 Adducam
1787 2597 1889 2681 igitur
1920 2595 1979 2662 tibi
2009 2599 2212 2681 mattiones»,

210 2695 382 2767 propterea
411 2683 532 2765 repetit
559 2685 644 2766 qood
674 2693 752 2748 anta
783 2683 919 2748 dixerat.
963 2683 1036 2748 Non
1068 2682 1187 2748 mirum
1240 2684 1356 2766 inquit,
1379 2683 1569 2768 etaplopr's
1590 2683 1655 2749 tais
1672 2683 1789 2749 arrabo
1806 2688 1841 2748 te.
1873 2683 1919 2748 Et
1937 2682 2018 2750 bueo
2036 2683 2213 2752 admonitio

209 2769 310 2852 igitur
332 2779 382 2835 est
400 2769 429 2834 si
446 2769 574 2847 inierat,
597 2778 765 2852 postquam
782 2768 873 2835 Deus
896 2768 1052 2835 ultionem
1075 2789 1185 2850 sump-
1241 2768 1339 2835 valde
1360 2768 1423 2834 fuit
1445 2769 1643 2846 neeessaria,
1677 2769 1829 2850 quoniam
1852 2767 1967 2834 Iudaei
1990 2769 2057 2835 lere
2079 2790 2213 2852 eompu-

209 2855 290 2922 sarit
313 2853 353 2920 ds
371 2854 547 2920 seeleribus
565 2855 686 2938 populi,
709 2855 777 2918 lore
795 2854 893 2919 etiam
908 2854 1005 2919 simul
1021 2853 1186 2920 vindieem
1240 2859 1391 2920 truerant
1412 2853 1445 2918 in
1468 2855 1593 2932 exsilio,
1616 2875 1716 2936 quum
1731 2852 1824 2917 Deus
1846 2853 1919 2918 illos
1942 2854 2087 2920 redemit.
2122 2855 2213 2942 Ergo

210 2941 369 3007 adversus
392 2939 508 3006 hostes.
552 2940 715 3007 Convenit
736 2941 836 3024 igitur
859 2940 940 3006 haee
961 2939 1078 3017 illatio,
1108 2941 1187 3021 quia
1240 2948 1319 3006 tuno
1340 2947 1491 3022 poterunt
1512 2940 1636 3006 eenties
1657 2939 1766 3004 obruti
1787 2958 1858 3004 esse
1875 2939 2110 3021 desperatione.
2145 2940 2213 3007 Sed

209 3031 378 3091 maturum
401 3035 472 3090 erat
495 3025 734 3092 miserioordiae
756 3037 899 3106 tempus,
923 3046 966 3089 ex
988 3045 1052 3107 quo
1074 3024 1186 3089 Iudaei
1240 3025 1332 3091 Deus
1354 3025 1445 3090 iubet
1467 3025 1553 3107 ipsos
1576 3044 1706 3090 sursum
1729 3025 1878 3090 attollere
1907 3035 2034 3091 mentes
2059 3047 2145 3110 suas,
2178 3037 2213 3092 ut

209 3111 336 3178 eubaoti
359 3112 497 3188 luerunt,
521 3121 557 3175 ut
578 3132 650 3177 sese
670 3130 778 3177 eoram
801 3111 874 3176 Deo
897 3110 1124 3189 humiliarent,
1154 3120 1188 3175 et
1240 3109 1369 3176 eooelo
1392 3110 1550 3175 auxilium
1574 3118 1763 3193 exepeotent
1796 3108 1882 3192 quod
1916 3110 2044 3176 nullum
2078 3123 2149 3178 erat
2177 3112 2213 3177 in

210 3197 272 3264 sibi
294 3196 506 3278 displioersnt
528 3198 562 3260 in
585 3199 653 3262 suis
682 3197 831 3279 pereatis.
875 3197 939 3262 Est
967 3205 1078 3262 autem
1107 3195 1187 3260 haee
1240 3197 1347 3263 terris.
1396 3196 1441 3260 Et
1475 3195 1581 3277 addit,
1619 3195 1773 3276 mium
1808 3201 1957 3262 vocarunt
1989 3202 2017 3263 te
2048 3198 2214 3281 repebat

210 3284 391 3349 eommunis
413 3280 559 3348 doetrina
581 3303 663 3365 quae
685 3282 806 3364 passim
835 3283 977 3348 ooourrit
1005 3281 1090 3363 apud
1113 3301 1187 3364 pro·
1212 3301 1216 3369 Ι
1241 3281 1328 3365 Stoa,
1357 3301 1453 3365 quam
1478 3301 1565 3348 temo
1587 3281 1728 3364 requirit,
1760 3281 1821 3347 hoo
1843 3290 1901 3361 eat,
1931 3282 1972 3347 de
1993 3302 2067 3365 qua,
2097 3283 2149 3349 vel
2172 3282 2213 3350 de

209 3369 335 3452 phetas,
367 3369 474 3433 Deum
498 3366 636 3442 stillost,
665 3377 837 3451 postquam
860 3368 991 3433 initium
1015 3368 1125 3434 leserit
1146 3367 1186 3432 ab
1239 3368 1333 3435 onius
1362 3367 1467 3434 salute
1497 3385 1593 3433 nemo
1623 3375 1672 3433 est
1698 3366 1867 3433 sollieitns.
1913 3367 2097 3434 Confirmat
2127 3367 2212 3451 quod

210 3451 345 3520 eoolesia
365 3475 434 3531 sua,
457 3453 601 3519 vioissim
620 3453 689 3518 lore
706 3453 847 3519 iudioem
865 3453 1010 3518 omnium
1029 3454 1187 3538 gentium,
1240 3473 1329 3518 nuno
1351 3453 1428 3529 dixi,
1452 3451 1532 3520 adeo
1554 3451 1678 3518 soilioet
1700 3473 1766 3517 non
1784 3453 1852 3517 fore
1874 3451 2041 3518 obstoeulo
2063 3462 2212 3519 extrema

210 3540 336 3622 quiesi
360 3539 534 3604 neeleotis
560 3537 691 3621 quidem
722 3539 791 3605 suis
813 3549 846 3605 et
868 3539 1051 3605 domestieis
1074 3540 1186 3621 parsit,
1238 3539 1354 3625 populi
1376 3539 1472 3620 mala,
1504 3559 1603 3621 quum
1627 3537 1718 3603 Deus
1744 3539 1851 3621 ipsum
1879 3536 2020 3605 liberare
2042 3539 2142 3616 volet,
2174 3547 2212 3604 ut

210 3625 382 3708 quomodo·
402 3624 525 3690 alienos
555 3624 755 3707 relinqueret
785 3623 991 3708 impunitos?
1028 3625 1073 3689 Et
1108 3626 1186 3691 haee
1238 3624 1350 3708 potius
1382 3624 1464 3689 haee
1497 3624 1633 3689 materia
1666 3625 1776 3689 lutura
1805 3624 1849 3689 sit
1877 3624 2003 3708 gratiae
2030 3633 2063 3688 et
2084 3625 2211 3690 miseri·

210 3721 367 3793 perpetua
390 3720 440 3776 est
461 3708 614 3776 eoelesiae
636 3710 827 3789 oonsolatio,
849 3710 934 3792 quod
954 3710 1077 3776 soilioet
1094 3709 1186 3776 Deus
1239 3711 1377 3777 eordiae.
1422 3708 1486 3775 Ubi
1509 3729 1586 3794 ergo
1618 3709 1758 3792 populus
1789 3709 1835 3774 ita
1863 3707 2030 3775 demersus
2056 3709 2211 3776 fueritin

211 3797 361 3878 quamvis
393 3796 542 3878 reprobis
574 3803 687 3861 utatur
720 3797 813 3880 quasi
853 3795 991 3880 flagellis
1031 3796 1073 3861 ad
1112 3817 1187 3861 snos
1239 3796 1347 3872 malie,
1377 3793 1549 3861 utomnes
1572 3804 1686 3878 putent
1709 3795 1842 3860 deeius
1865 3794 2101 3860 euluteaotum
2132 3816 2212 3875 esse,

211 3880 433 3966 castigandos,
468 3881 571 3947 nihilo
602 3892 712 3946 tamon
747 3882 860 3947 melior
883 3881 926 3946 sit
948 3882 1080 3945 illorum
1110 3900 1186 3946 oon·
1238 3881 1398 3964 promittit
1416 3879 1508 3947 Deus
1530 3901 1566 3946 aa
1584 3891 1665 3946 tuno
1686 3891 1860 3946 venturum
1884 3878 2132 3964 redemptorem.
2167 3881 2213 3947 Et

211 3966 301 4045 ditio,
331 3967 407 4048 quia
430 3966 486 4031 ubi
509 3968 695 4050 triumphos
717 3987 792 4033 suos
816 3966 857 4031 ad
879 3975 1081 4032 momentum
1111 3987 1185 4049 ego·
1239 3967 1300 4032 hoo
1323 3965 1497 4049 diligenter
1526 3965 1705 4032 notandum
1735 3977 1793 4043 est,
1828 3966 1904 4048 quia
1932 3967 2213 4049 oiroumepioimus

210 4055 287 4129 rint,
310 4051 403 4118 Deus
424 4053 513 4134 ipsos
535 4053 633 4119 simul
652 4053 692 4117 ad
711 4051 867 4117 iuditium
890 4052 1008 4117 trahet.
1043 4052 1117 4116 Non
1137 4059 1187 4117 est
1239 4052 1304 4118 buo
1326 4060 1360 4118 et
1381 4052 1459 4117 illue
1481 4052 1609 4135 quoties
1637 4051 1835 4135 sperandum
1859 4064 1908 4116 est
1930 4051 2052 4134 aliquid
2080 4053 2212 4118 auxilii:

210 4138 313 4222 igitur
346 4157 404 4203 our
440 4137 552 4204 fideles
589 4137 759 4202 invideant
795 4137 863 4203 suis
901 4137 1046 4204 hostibus
1083 4156 1184 4220 quum
1238 4137 1332 4203 Deus
1364 4145 1474 4202 autem
1503 4137 1645 4204 ostendit
1673 4158 1709 4203 se
1738 4147 1815 4202 tuno
1843 4138 1986 4202 maxime
2019 4137 2111 4204 nobis
2144 4139 2212 4205 lore

210 4225 413 4306 bastigentur
440 4222 505 4288 Dei
538 4243 654 4288 manu:
689 4224 736 4288 illi
766 4232 875 4288 autem
904 4225 937 4288 in
967 4222 1089 4288 delitiis
1118 4223 1185 4290 suis
1240 4224 1424 4307 propitium,
1455 4222 1510 4288 ubi
1533 4223 1698 4290 oommnni
1720 4223 1867 4289 omnium
1889 4223 2043 4306 opinione
2065 4223 2212 4291 damnati

211 4310 390 4391 exsultant,
421 4310 498 4390 quia
520 4308 601 4374 baeo
623 4311 822 4393 prosperitas
843 4310 957 4375 statim
980 4309 1124 4387 diffluet,
1154 4319 1186 4374 ot
1238 4310 1371 4376 erimus.
1419 4307 1583 4392 Sequitur,
2101 4325 2104 4333 '

211 4394 326 4460 oedem
348 4415 501 4459 mensura
516 4393 608 4459 Deus
627 4395 691 4461 illis
707 4394 907 4475 remetietur,
930 4415 1055 4477 exque
1073 4394 1186 4478 inique

211 4482 426 4546 tractaverint
457 4481 611 4562 populum
634 4501 739 4546 sunm.
788 4481 967 4563 Quintoque
988 4501 1066 4563 ergo
1088 4485 1116 4546 te
1136 4481 1185 4546 de
1327 4481 1377 4546 18.
1402 4479 1456 4546 Sto
1476 4480 1552 4546 droit
1569 4479 1718 4560 loborat,
1741 4479 1820 4547 Eece
1843 4501 1895 4564 epo
1916 4481 2065 4548 redaeeae
2086 4482 2214 4565 eaptivi-

210 4570 323 4631 oorurrt
344 4565 581 4648 ἀουοναιιιιιιιιν,
604 4566 734 4632 ettheut
750 4585 855 4632 mres
874 4564 975 4632 tedes
992 4567 1049 4650 teti,
1072 4585 1185 4650 maes,
1238 4571 1332 4633 tatem
1363 4566 1631 4634 moratorem
1664 4566 1770 4646 Iueob,
1805 4572 1834 4631 et
1864 4566 2113 4635 latratorum
2144 4569 2214 4633 eius

210 4652 350 4733 iuquam,
378 4651 414 4716 ia
435 4652 652 4733 captiuitatem.
698 4652 878 4730 Postremo,
907 4653 963 4734 qai
984 4653 1186 4733 tepraeean-
1239 4653 1425 4720 mesae.-
1446 4658 1472 4718 et
1493 4650 1712 4732 edificabitur
1732 4651 1808 4718 urbe
1829 4673 1924 4735 saper
1947 4653 2099 4719 exteteret
2121 4673 2215 4719 suam

211 4742 278 4802 tar:
307 4735 363 4800 alii
386 4745 533 4815 vertunt,
566 4736 632 4816 Qut
656 4745 688 4802 te
710 4738 903 4803 oonouleant
932 4744 1031 4802 erunt
1052 4738 1087 4802 in
1109 4757 1186 4802 oon·
1239 4736 1317 4822 (eal,
1340 4757 1438 4820 anper
1456 4757 1611 4802 amrium
1627 4758 1735 4816 suum,
1757 4746 1816 4803 ant
1833 4737 1988 4824 eulmen),
2010 4739 2214 4820 aprutium

211 4822 438 4888 pulsationem.
494 4821 561 4888 Sed
594 4823 748 4904 quoniam
783 4825 917 4889 verbnm
949 4824 1091 4887 sumitur
1127 4842 1187 4905 pro
1239 4826 1275 4888 ia
1296 4843 1357 4890 suu
1378 4823 1511 4887 stelione
1532 4820 1600 4907 (vel
1624 4822 1750 4909 regula)
1771 4823 1894 4892 sedebit.

212 4908 367 4992 diripere,
399 4929 442 4972 ne
463 4907 506 4974 sit
533 4909 683 4992 repetitio
711 4907 854 4974 eiusdem
888 4909 1080 4985 sententiae,
1113 4909 1187 4973 ideo

212 4992 295 5058 mihi
322 4994 427 5077 magis
457 4995 562 5076 plaoet
590 4993 677 5077 prior
699 5014 824 5059 sensus.
873 4995 936 5076 Qui
965 5015 1042 5078 ergo
1070 4999 1187 5076 terpo-
1327 4994 1475 5059 Eandem
1505 4995 1702 5060 sententiam
1729 4996 1936 5078 prosequitur
1957 4995 2126 5075 Ieremias,
2156 4997 2213 5062 sed

211 5078 293 5144 liert
322 5084 412 5144 urat
438 5080 502 5160 ipsi
527 5080 660 5161 repositi
681 5081 717 5144 iu
734 5081 904 5162 praedam,
934 5080 1039 5162 etqui
1060 5084 1088 5146 te
1108 5080 1188 5145 diri·
1242 5079 1388 5163 ploribus
1411 5080 1519 5145 verbis
1542 5081 1680 5147 insistit:
1710 5083 1785 5164 quia
1805 5091 1842 5146 ut
1863 5081 1994 5148 diffieile
2016 5089 2088 5147 erat
2110 5102 2213 5165 popu·

207 5165 304 5245 pluat
324 5169 415 5230 euml
437 5166 473 5230 ia
493 5164 703 5245 direptionem.
749 5163 907 5250 Sequitur
930 5169 1022 5244 ratio,
1242 5166 1308 5230 lum
1333 5165 1493 5232 addnoere
1516 5167 1694 5233 adsertam
1717 5167 1935 5250 poenitentiae
1957 5166 2213 5249 meditationem,

1241 5252 1288 5316 ita
1310 5250 1441 5318 diffieile
1463 5259 1533 5318 erat
1554 5252 1680 5337 erigere
1703 5252 1860 5335 oollapsoe
1884 5253 2017 5331 animos,
2041 5268 2212 5336 postquam

1241 5337 1384 5404 eludium
1425 5337 1645 5423 magnitudini
1667 5377 1670 5384 ·
1689 5339 1937 5405 auooubuerant.
2001 5338 2092 5406 Deus
2135 5359 2213 5423 ergo

1957 5440 2009 5495 40.
