5118 6136
200 426 263 493 609
892 426 941 493 IN
963 425 1213 494 mauman.
1259 425 1358 493 OAP.
1381 425 1515 492 XXIX.
2137 433 2201 499 610

198 615 340 700 insurgit
370 615 541 700 propheta,
571 623 603 680 et
626 614 798 680 denuntiat
823 633 920 698 qnam
943 615 1080 681 meritus
1103 620 1174 681 erat
1225 614 1290 680 Dei
1316 635 1435 680 nomen
1465 614 1649 692 obtendere,
1681 623 1714 680 et
1735 637 1777 681 ex
1799 617 1942 701 professo
1972 638 2103 685 movere
2133 620 2200 685 bel-

198 721 348 784 poenam.
392 699 549 783 Sequitur
574 721 660 784 ergo,
1226 699 1294 766 lum
1316 710 1430 766 eontra
1451 699 1636 766 Ieremiam,
1681 699 1745 767 Hic
1768 721 1846 786 ergo
1869 723 1936 768 non
1965 703 2063 788 longa
2091 704 2201 788 dispu-

1227 786 1351 850 tatione
1387 785 1491 850 utitur
1528 785 1704 870 propheta,
1742 786 1799 852 sed
1834 789 1944 871 potius
1980 809 2021 855 ex
2058 790 2201 858 efficacia

284 871 335 938 28.
369 870 487 954 Nempe
512 872 589 954 quia
615 872 702 936 inuit
731 870 797 955 (vel
820 871 897 954 quia
918 870 1003 951 ideo,
1034 870 1075 937 ad
1098 893 1173 937 ver·
1226 871 1361 954 spiritus
1394 871 1583 952 simpliciter
1620 872 1811 953 pronuntiat
1847 873 1926 956 quid
1963 874 2110 940 inturum
2147 877 2200 943 sit.

199 958 286 1036 bum,
317 956 395 1041 quia
417 959 457 1023 ob
480 957 523 1032 id,
553 957 605 1023 vel
635 955 819 1042 propterea)
850 957 893 1022 ad
921 977 980 1023 reos
1008 958 1044 1022 ia
1067 943 1200 1040 Baby-l
1228 956 1380 1022 Sustinet
1408 956 1495 1022 enim
1524 977 1696 1038 personam
1730 958 1833 1040 ipsine
1863 958 1937 1036 Dei,
1970 961 2047 1042 quia
2081 962 2201 1027 missus

200 1046 311 1125 leucen,
339 1044 478 1126 diomede,
507 1043 654 1125 Longum
675 1047 720 1108 eet
748 1041 889 1127 (tempus
916 1041 1055 1128 exsilii):
1086 1043 1173 1108 aedi-
1226 1043 1332 1106 lucrat
1362 1051 1517 1123 tanquam
1551 1061 1680 1124 praeco,
1715 1043 1769 1126 qui
1803 1044 2029 1127 promulgaret
2061 1045 2122 1112 hoc
2151 1047 2201 1110 iu·

196 1131 285 1210 fieris
312 1131 422 1196 domos
448 1127 641 1212 ethabitate,
665 1127 808 1210 ρῑαιιιαιι
836 1127 951 1210 tortos,
981 1134 1009 1192 et
1029 1127 1174 1194 comedite
1226 1125 1357 1192 dicium.
1413 1127 1506 1192 Haeo
1539 1127 1642 1210 igitur
1677 1147 1774 1193 cansa
1811 1135 1862 1194 est
1899 1129 2088 1209 brevitatis,
2125 1131 2203 1214 quia

196 1216 335 1298 fructum
356 1233 474 1279 eorum.
1226 1213 1317 1278 nulla
1339 1210 1450 1278 debuit
1472 1233 1543 1276 esse
1566 1212 1764 1294 disceptatio,
1788 1233 1888 1296 quum
1911 1215 2069 1298 impostor
2086 1217 2141 1282 ille
2159 1238 2201 1282 ex

284 1302 336 1367 29.
368 1299 504 1382 Legerat
530 1302 633 1364 eatan
655 1295 819 1381 Zepbauia
846 1297 1008 1382 epistolam
1037 1298 1117 1364 bano
1137 1299 1173 1364 iu
1226 1299 1373 1382 opposito
1392 1317 1462 1364 sese
1477 1297 1617 1377 efferret,
1642 1319 1700 1363 nee
1716 1297 1880 1364 dubitaret
1896 1300 2090 1367 labefactare
2106 1303 2199 1387 aper-

198 1387 331 1454 area'bas
354 1386 506 1452 Ieremias
521 1383 702 1466 prophetae.
1226 1392 1291 1448 tam
1312 1384 1372 1448 Dei
1397 1384 1576 1460 veritatem,
1600 1390 1633 1448 et
1655 1403 1737 1466 quae
1752 1385 1876 1451 sancita
1893 1386 1999 1452 fuerat
2017 1388 2097 1453 satis
2114 1387 2201 1452 mul·

1225 1468 1267 1533 tis
1291 1469 1495 1534 testimoniis.
1539 1468 1631 1534 Haec
1654 1475 1764 1534 autem
1787 1491 1916 1536 summa
1937 1480 2003 1548 eet,
2035 1470 2199 1538 Semaiam

285 1557 419 1622 Crimen
453 1553 605 1620 obiicitur
638 1553 794 1620 Ieremiae
828 1555 912 1636 quod
950 1554 1089 1639 captivis
1121 1555 1171 1620 in·
1225 1576 1288 1618 non
1314 1555 1462 1618 visurum
1485 1574 1556 1618 esse
1578 1554 1717 1635 gratiam
1739 1555 1812 1634 Dei,
1842 1578 1902 1623 neo
1924 1578 2108 1640 quenquam
2133 1559 2200 1623 iore

197 1643 330 1710 duxerit
348 1653 520 1723 torporem,
541 1649 577 1704 ut
595 1639 720 1706 abiecta
738 1661 794 1722 spe
811 1639 1013 1706 liberationis
1032 1639 1171 1723 petriam
1224 1640 1431 1722 superstitem
1455 1661 1496 1704 ex
1519 1639 1590 1702 eius
1611 1641 1775 1723 progenie.
1821 1643 1900 1707 Fuit
1922 1651 2041 1724 numm,
2064 1654 2102 1708 ut
2119 1645 2199 1710 satis

198 1741 455 1795 contemnerent.
491 1727 594 1808 Atqui
617 1725 713 1809 longe
736 1726 799 1790 alio
818 1725 973 1792 tendebat
994 1726 1172 1808 prophetae
1224 1738 1340 1790 notum
1362 1733 1421 1804 cst,
1445 1725 1525 1790 haec
1541 1724 1725 1790 maledictio
1747 1727 1905 1812 sublege,
1930 1749 1993 1792 non
2014 1731 2199 1810 relinquere

198 1814 384 1888 consilium,
415 1835 455 1877 ne
479 1810 663 1876 festinando
692 1817 914 1876 anteverteret
945 1812 1084 1896 populus
1106 1810 1170 1876 Dei
1224 1811 1329 1874 ullum
1351 1830 1473 1875 semen.
1515 1809 1612 1876 Hauc
1633 1810 1736 1893 igitur
1758 1833 1893 1896 poenam
1916 1814 2089 1879 denuntiet
2111 1816 2200 1879 Iere-

197 1898 440 1985 promissiones‚
458 1897 676 1963 intereavero
692 1898 949 1962 fiduciamsuam
966 1897 1171 1980 protraheret
1224 1899 1305 1961 mias
1327 1894 1487 1971 Semaiae,
1511 1895 1595 1978 quod
1615 1917 1710 1960 nemo
1730 1917 1772 1962 ex
1787 1898 1857 1962 eius
1874 1900 2013 1981 posteris
2035 1913 2200 1982 superstes

197 2005 301 2068 nsque
334 1983 374 2048 ad
409 1983 508 2048 finam
542 1984 734 2068 praefixum.
787 1981 875 2062 Quia
909 1981 991 2048 duae
1025 1983 1171 2048 causales
1223 1983 1296 2061 erit,
1325 1982 1381 2047 sed
1405 1981 1502 2047 orbus
1532 1984 1697 2047 morietur.
1743 1982 1871 2048 Deinde
1899 1983 2046 2050 excludit
2075 2006 2150 2050 eum
2179 2005 2200 2049 a

198 2068 377 2154 particulae
394 2068 449 2134 hic
467 2078 641 2150 ponuntur,
660 2083 690 2163 Ρ
708 2069 748 2145 bt
767 2082 806 2143 ³2,
826 2069 872 2134 sio
888 2075 1021 2133 vertunt
1039 2068 1168 2151 quidam
1224 2067 1378 2133 fruitione
1400 2067 1562 2150 beneficii,
1590 2067 1675 2150 quod
1698 2068 1861 2136 Dominus
1891 2079 2051 2136 statuerat
2081 2069 2200 2152 populo

197 2158 411 2240 interpretes,
446 2153 532 2234 Quia
554 2154 595 2219 ob
620 2154 704 2219 banc
733 2173 873 2229 oausam,
908 2175 1027 2237 nempe
1051 2162 1088 2218 ut
1110 2153 1171 2219 sibi
1224 2174 1282 2218 sue
1305 2162 1487 2235 praestare:
1511 2153 1642 2218 volebat
1663 2155 1733 2236 ipae
1751 2163 1827 2220 ante
1846 2156 2014 2221 biennium
2036 2155 2143 2222 redire
2164 2156 2199 2220 in

198 2242 380 2325 acquireret
403 2239 579 2323 prophetae
602 2259 731 2305 nomen.
766 2238 955 2322 Simplicior
972 2251 1082 2304 tamen
1101 2259 1172 2305 sen·
1223 2240 1379 2321 patriam:
1409 2239 1564 2303 Ieremias
1586 2239 1718 2304 iubebat
1739 2239 1895 2323 populum
1925 2242 2010 2306 terre
2038 2243 2201 2324 patienter

197 2350 254 2394 sus
276 2334 333 2403 est,
365 2345 497 2390 eausam
527 2323 633 2390 reddit
656 2345 714 2390 cur
733 2326 905 2409 segnitiem
932 2325 1090 2390 sacerdoti
1113 2345 1170 2389 ex·
1223 2324 1374 2390 exsilium
1409 2343 1512 2406 usque
1545 2321 1586 2388 ad
1619 2327 1830 2409 septuaginta
1859 2347 1979 2406 annos,
2013 2327 2096 2392 illud
2129 2335 2199 2392 eret

196 2413 330 2497 probret
352 2411 530 2494 zephania,
561 2431 679 2491 nempe
708 2421 879 2492 propterea
904 2409 993 2494 quod
1023 2411 1170 2495 captivos
1223 2419 1353 2492 tempus
1375 2409 1585 2475 liberationis.
1631 2408 1741 2489 Quum
1764 2430 1842 2496 ergo
1864 2420 1994 2494 tempus
2015 2411 2199 2495 legitimum

196 2497 415 2565 assuefecerat
443 2495 484 2559 nd
507 2496 711 2560 tolerandum
742 2495 903 2561 exsilium.
949 2495 1071 2562 Odiosa
1094 2518 1170 2562 vero
1223 2503 1448 2562 contemneret
1471 2492 1638 2570 Semainh,
1659 2495 1731 2561 ideo
1754 2498 1903 2579 privatus
1932 2496 1995 2561 luit
2023 2507 2199 2580 conspeetu

196 2584 316 2668 premit
338 2590 487 2648 sanctum
509 2581 627 2660 virum,
648 2582 741 2662 quasl
759 2604 799 2646 ex
818 2582 915 2664 longa
937 2602 1030 2647 mora
1051 2583 1171 2647 securi·
1223 2582 1311 2647 illius
1335 2579 1492 2646 beneficii.
1538 2578 1680 2646 Additur
1702 2581 1800 2646 etiam
1823 2583 1923 2646 ratior
1946 2582 2089 2666 primum
2113 2580 2200 2664 quod

196 2675 298 2734 tatem
322 2668 477 2732 attulerit.
521 2666 663 2731 Dixerat
693 2665 823 2750 quidem
845 2666 1002 2733 Ieremias
1035 2668 1170 2751 longum
1223 2667 1343 2733 abusus
1365 2669 1461 2732 tuerit
1483 2665 1547 2731 Dei
1571 2668 1718 2731 nomine:
1754 2666 1971 2751 Prophetaeit,
2000 2673 2027 2732 et
2053 2687 2116 2734 noa
2143 2667 2201 2732 mi·

196 2755 303 2819 adhuc
332 2763 460 2835 tempus
490 2761 631 2817 restare:
665 2752 721 2816 sed
745 2752 825 2818 haec
847 2753 993 2834 praecisa
1015 2752 1170 2836 loquutio,
1222 2773 1326 2819 seram
1347 2753 1461 2833 ipsam,
1483 2753 1589 2834 inquit
1613 2752 1718 2817 Deus:
1746 2754 1891 2818 secunda
1913 2754 1995 2817 ratio
2018 2761 2084 2832 est,
2113 2751 2199 2834 quod

195 2840 320 2924 longum
342 2841 399 2920 est,
429 2837 518 2902 aliud
540 2849 652 2919 sonat,
678 2859 714 2902 ac
737 2837 765 2902 si
790 2836 888 2902 vellet
909 2837 1068 2903 Ieremias
1090 2840 1169 2904 obli·
1224 2838 1388 2920 deceperit
1418 2836 1572 2921 populum
1602 2837 1692 2902 inani
1721 2837 1851 2904 fiducia.
1902 2837 2111 2904 Mendacium
2142 2858 2199 2920 per

195 2926 294 2991 vione
315 2923 453 3006 sepelire
476 2922 599 2988 reditus
620 2921 790 2989 fiduciam:
824 2923 901 3005 quia
922 2924 1061 2988 stultum
1085 2935 1170 2989 esset
1222 2946 1259 2989 se
1281 2924 1415 3007 dignum
1440 2932 1511 2987 erat
1528 2923 1621 3005 gravi
1641 2943 1754 3004 poena,
1778 2923 1834 2988 sed
1851 2944 1951 3006 quum
1967 2931 2052 2989 esset
2066 2922 2199 2988 exitiale

196 3009 324 3075 tamdiu
345 3009 512 3091 languere.
557 3006 724 3090 Sequitur,
755 3007 889 3090 Legerat
911 3015 1023 3074 amm.
1070 3009 1169 3075 Prae·
1223 3009 1281 3074 toti
1297 3009 1361 3074 Dei
1378 3008 1504 3090 populo,
1523 3010 1659 3074 accessit
1674 3008 1807 3091 gravius
1822 3010 1954 3087 odmen,
1973 3009 2045 3074 ideo
2061 3008 2198 3091 dignum

195 3097 332 3161 teritum
358 3096 446 3159 euim
478 3094 834 3175 plusquamperfectum
868 3095 921 3159 hic
950 3094 1065 3159 melius
1092 3113 1169 3160 con·
1222 3096 1320 3159 etiam
1343 3115 1447 3175 poena
1467 3092 1600 3176 duplici.
1641 3092 1802 3159 Videmus
1824 3103 1933 3160 autem
1957 3102 1993 3159 ut
2015 3114 2073 3177 pro
2097 3092 2199 3158 nihilo

197 3180 297 3258 venit,
319 3179 395 3263 quia
418 3200 476 3261 per
498 3179 707 3261 parenthesin
732 3199 848 3244 verens
871 3177 925 3244 bie
944 3179 1110 3258 inseritur,
1132 3187 1170 3244 ut
1223 3179 1319 3244 ducat
1352 3179 1507 3244 Ieremias
1541 3199 1576 3244 se
1609 3178 1710 3243 fuisse
1747 3179 1938 3245 damnatum
1972 3201 1991 3244 a
2025 3178 2198 3246 Semaiahz

196 3264 393 3331 dubitationi
415 3273 565 3330 occurrat
586 3263 753 3346 propheta,
776 3283 859 3346 quae
877 3263 999 3345 alioqui
1016 3264 1170 3347 obrepere
1221 3265 1357 3330 retinuit
1378 3265 1465 3328 enim
1488 3263 1628 3348 gradum
1651 3284 1757 3341 suum,
1789 3266 1864 3348 quia
1888 3266 2018 3330 tametsi
2040 3267 2199 3348 impostor

196 3360 333 3436 poterat.
379 3348 535 3415 Ostendit
566 3371 644 3432 ergo
675 3351 761 3414 unde
793 3349 855 3415 sibi
883 3348 1064 3415 innotuerit
1086 3349 1168 3414 vati·
1221 3351 1277 3416 ille
1300 3359 1436 3416 eouatus
1458 3349 1565 3414 luerat
1587 3357 1735 3416 evertere
1758 3351 1828 3417 eius
1851 3352 2068 3426 autoritatem,
2092 3349 2197 3432 loqui·

195 3437 332 3514 oinium,
362 3437 438 3518 quia
460 3457 545 3500 unus
568 3435 674 3499 luerat
695 3456 738 3498 ex
761 3433 962 3500 auditoribus
985 3434 1063 3499 dum
1087 3435 1167 3501 reci·
1222 3445 1277 3503 tur
1299 3447 1407 3500 tamen
1431 3436 1649 3519 prophetase
1672 3435 1700 3500 si
1727 3445 1812 3502 esset
1834 3436 1975 3520 integer,
2004 3444 2037 3500 et
2065 3436 2092 3500 si
2115 3455 2198 3498 nun·

195 3524 327 3589 tabatur
349 3520 495 3603 epistola.
540 3519 713 3585 Probabile
742 3529 850 3584 autem
873 3529 937 3599 eet,
967 3520 1168 3586 sacerdotem
1221 3541 1318 3606 quam
1341 3523 1455 3587 fuisset
1469 3521 1588 3601 laesus,
1611 3521 1664 3587 vel
1687 3529 1792 3586 tactus
1808 3521 1877 3587 ulla
1894 3520 2066 3588 calumnia.
2100 3518 2199 3584 Hanc

196 3608 273 3674 data
293 3627 392 3690 opera
412 3627 545 3672 vocasse
560 3606 743 3684 Ieremiam,
767 3617 804 3669 ut
822 3605 885 3670 alio
904 3615 1077 3671 accusante
1094 3626 1169 3673 reus
1222 3609 1324 3674 animi
1363 3607 1624 3692 magnitudinem
1665 3605 1785 3671 dehent
1817 3608 1958 3672 retinere
1997 3623 2111 3670 omnes
2153 3604 2197 3687 pii

195 3697 299 3760 fieret.
338 3691 506 3775 Quidquid
527 3692 579 3770 sit,
604 3692 706 3755 voluit
727 3701 876 3756 sanctum
900 3690 1006 3756 virum
1029 3691 1168 3758 obiicere
1222 3693 1384 3773 doctores,
1414 3703 1448 3758 ut
1477 3691 1658 3774 despiciant
1686 3701 1843 3775 tanquam
1873 3713 1892 3756 e
1921 3689 2052 3756 sublimi
2084 3709 2198 3756 omnes

195 3778 306 3862 populi
337 3775 420 3860 odio,
451 3777 504 3842 vel
535 3777 643 3859 potius
677 3776 796 3841 furori:
830 3795 895 3859 quo
925 3777 1040 3842 maiori
1074 3776 1169 3842 laude
1221 3777 1400 3860 improbos,
1430 3787 1594 3843 eteorum
1619 3777 1764 3861 garritus
1787 3787 1820 3842 et
1852 3776 2132 3856 maledicentiam,
2166 3783 2199 3842 et

195 3865 296 3949 digna
318 3862 379 3929 luit
400 3861 559 3927 Ieremiaa
582 3863 772 3938 constantia,
796 3861 873 3926 dum
897 3861 1059 3946 intrepide
1081 3865 1167 3928 reiu-
1222 3874 1360 3948 pergant
1380 3864 1415 3927 in
1439 3882 1535 3927 cursu
1558 3883 1626 3942 suo,
1649 3864 1779 3928 tametsi
1801 3862 1988 3946 petulanter
2011 3870 2126 3927 eontra
2148 3861 2199 3925 in·

195 3951 279 4015 tavit
295 3969 407 4015 eorum
424 3949 568 4013 omnium
585 3947 814 4030 arrogantiam,
834 3947 951 4029 quibus
968 3946 1168 4031 propositum
1221 3958 1361 4033 surgant
1381 3949 1445 4013 Dei
1467 3953 1718 4030 contemptores,
1747 3957 1780 4012 et
1802 3947 1955 4014 conviciis
1978 3968 2032 4014 eos
2055 3946 2199 4012 lacerent

195 4044 266 4102 erat
288 4035 323 4102 vi
345 4043 378 4098 et
401 4034 576 4117 tyrannide
598 4034 781 4116 opprimere
804 4032 867 4097 Dei
891 4033 1075 4098 veritatem.
1222 4036 1273 4101 vel
1302 4034 1452 4099 obruant.
1496 4033 1569 4099 Hoc
1596 4054 1673 4116 ergo
1702 4032 1877 4116 prophetae
1911 4032 2099 4117 exemplum
2129 4031 2200 4096 imi-

1222 4129 1334 4184 tentur
1375 4119 1560 4202 quicunque
1600 4119 1715 4184 volunt
1755 4139 1887 4200 operam
1926 4139 2019 4184 suam
2055 4119 2125 4182 Deo
2166 4123 2199 4182 et

282 4206 333 4270 30.
356 4203 401 4268 Et
420 4203 484 4285 fuit
504 4223 604 4268 samo
621 4202 753 4268 Iebovac
775 4203 817 4268 nd
833 4203 1010 4286 lacinium,
1032 4203 1168 4289 dena,
1222 4205 1375 4271 ecelesias
1397 4204 1598 4288 impendere,
1628 4225 1671 4268 na
1693 4203 1815 4271 scilicet
1836 4205 1955 4269 animis
1976 4203 2198 4282 debilitentur,

282 4291 335 4356 31.
370 4289 462 4354 Mitte
494 4289 537 4355 ad
568 4293 661 4354 ιοιιιιιι
694 4287 901 4370 captivitatem
933 4289 1079 4370 ducatio,
1115 4289 1169 4357 aa
1222 4312 1323 4374 quum
1358 4290 1470 4355 vident
1502 4291 1563 4356 sibi
1597 4309 1668 4354 essa
1707 4309 1782 4360 cum
1822 4289 1980 4374 improbis
2022 4299 2198 4354 certamen.

193 4378 271 4444 dinit
286 4375 424 4442 Iebooaie
441 4375 479 4440 de
496 4373 645 4440 Somniat
661 4373 867 4456 Nebelcmita,
891 4371 1065 4458 Propterea
1087 4376 1170 4458 quod
1222 4377 1359 4442 labetur
1381 4386 1491 4442 autem
1506 4375 1663 4441 Ieremias
1685 4375 1826 4440 scrihere
1845 4376 1885 4440 ad
1904 4395 2017 4441 omnes
2036 4375 2196 4457 captivos:

189 4462 388 4544 prophetavit
418 4459 502 4524 vobis
536 4458 685 4525 Scaenicis
720 4479 816 4542 qaam
852 4479 903 4541 ego
935 4480 998 4526 noa
1028 4463 1169 4528 orhaim
1223 4461 1437 4545 nequeenim
1462 4460 1579 4544 dignus
1602 4471 1674 4525 erat
1697 4459 1854 4528 Semaiah
1876 4461 1931 4544 qui
1961 4460 2198 4544 obiurgaretur,

193 4550 310 4630 ipsura,
333 4551 362 4610 et
383 4543 533 4616 contum
553 4563 608 4611 voe
627 4545 701 4626 fecit
721 4565 817 4627 super
838 4545 1013 4632 mendacia
1222 4549 1279 4614 sed
1294 4548 1386 4614 Deus
1409 4544 1571 4614 consuluit
1592 4546 1741 4628 publicae
1763 4546 1861 4613 saluti
1884 4547 2047 4628 exsulum,
2071 4546 2125 4610 nbi
2144 4566 2198 4610 eos

281 4633 332 4697 32.
360 4632 436 4697 Ideo
456 4631 503 4696 eie
523 4631 599 4696 dicit
622 4630 766 4708 Ieboeab,
790 4628 869 4695 Ecce
891 4651 943 4714 ego
965 4632 1099 4698 visitans
1121 4635 1168 4720 (id
1222 4633 1375 4699 admonet
1405 4631 1482 4716 quid
1504 4631 1651 4696 futurum
1686 4634 1738 4698 ait.
1782 4631 1956 4698 Probabile
1987 4630 2120 4714 quidem
2149 4638 2199 4696 est

194 4727 258 4797 ast,
288 4715 441 4802 visitabo)
471 4737 566 4799 saper
590 4715 739 4782 Semeiah
763 4715 991 4782 Netelamitam
1018 4723 1046 4784 et
1074 4739 1169 4802 super
1222 4720 1283 4786 hoc
1306 4718 1497 4785 vaticinium
1520 4719 1662 4784 caruisse
1690 4718 1815 4796 fructu,
1847 4718 1949 4785 donee
1978 4720 2049 4800 ipso
2077 4724 2199 4782 eventu

156 4803 158 4806 ’
193 4825 295 4870 aaran
316 4803 395 4886 eius,
417 4823 478 4868 noa
501 4803 560 4867 erit
581 4801 632 4866 ilii
653 4801 702 4865 vir
724 4803 779 4883 qai
799 4802 915 4868 habitet
937 4804 972 4868 ia
993 4805 1092 4870 medio
1107 4827 1169 4889 po·
1221 4807 1386 4890 cognitum
1410 4803 1472 4869 fuit
1493 4801 1665 4869 Ieremiam
1688 4824 1754 4868 non
1778 4811 1899 4870 temere
1922 4803 1969 4869 ita
1990 4802 2093 4867 fuisse
2112 4802 2198 4868 vati·

189 4891 263 4973 pali
293 4889 404 4955 baias:
434 4891 546 4952 etnon
575 4885 688 4952 videbit
717 4886 829 4952 bonum
857 4888 940 4970 qaod
968 4909 1021 4973 ego
1049 4891 1168 4972 faniam
1221 4892 1374 4957 cinatum.
1417 4889 1534 4953 Donec
1566 4888 1668 4973 igitur
1700 4899 1848 4956 mortuus
1882 4897 1933 4954 est
1966 4887 2131 4965 Semaiah,
2166 4895 2199 4953 et

188 4976 308 5058 popula
330 4993 405 5055 areo,
434 4973 512 5038 dicit
534 4972 679 5054 labeoni,
709 4974 786 5054 quia
808 4975 1000 5040 evasionem
1022 4976 1087 5061 (vel
1111 4977 1166 5042 ds·
1221 4977 1351 5060 quidem
1374 4974 1409 5040 in
1432 4973 1581 5053 orbitate,
1604 4995 1703 5059 quum
1726 4976 1837 5042 nullus
1860 4981 1946 5040 esset
1968 4976 1997 5038 ei
2020 4994 2198 5051 successor,

193 5058 382 5145 factionem)
404 5057 547 5140 loquetae
569 5063 613 5124 est
633 5063 742 5123 contra
765 5057 921 5125 Iebouam.
1221 5064 1357 5145 populus
1380 5062 1575 5143 contempsit
1596 5059 1683 5142 quod
1706 5061 1906 5144 praedictum
1935 5059 2052 5124 fuerat.
2095 5058 2198 5141 Atqui

1220 5149 1351 5212 tandem
1382 5146 1484 5212 eoacti
1513 5147 1647 5212 luerunt
1682 5146 1783 5231 aliqui
1818 5164 1993 5230 agnoscere
2022 5145 2197 5210 Ieremiam

279 5230 431 5298 Praecise
461 5229 633 5294 denuntiat
654 5229 811 5294 Ieremias
840 5229 1050 5313 impostorem
1073 5227 1165 5298 illum
1220 5253 1286 5298 non
1308 5233 1480 5315 loquutum
1503 5232 1602 5298 luisse
1626 5253 1669 5297 ex
1690 5232 1821 5316 proprio
1843 5251 1951 5309 sensu,
1979 5230 2035 5296 sed
2058 5230 2198 5296 instruo·

193 5339 261 5384 non
283 5317 416 5400 impune
445 5315 603 5392 laturum,
636 5315 722 5398 qnod
746 5315 791 5380 ita
814 5335 913 5380 ausus
941 5319 1055 5385 luisset
1085 5318 1166 5385 ialeo
1220 5327 1290 5384 tum
1323 5318 1423 5385 fuisse
1454 5318 1520 5384 Dei
1550 5317 1718 5384 mandato:
1754 5317 1907 5402 quoniam
1935 5318 2026 5382 Deus
2059 5338 2095 5382 re
2128 5318 2198 5399 ipsa

297 5418 410 5474 Calabri
424 5433 518 5488 opera
548 5417 607 5474 Vol.
625 5416 804 5475 XXXVIII.
1960 5419 1993 5474 39
