5118 6136
379 451 443 531 era
497 453 501 466 ·
806 471 810 478 ‚
1191 449 1578 518 rusucucurouus
1911 530 1914 538 ,
2319 449 2383 516 aaa

380 638 565 728 incredulis,
596 651 634 704 ut
663 639 723 706 sibi
752 636 880 703 molesti
902 639 968 703 siut
991 647 1024 703 et
1046 636 1138 720 quasi
1159 634 1235 701 data
1258 657 1356 719 opera
1407 637 1482 703 liter
1503 639 1663 706 succurrit
1685 640 1756 706 eius
1778 637 1927 706 miseriis.
1965 638 2054 720 Ergo
2076 637 2202 720 quoties
2219 637 2382 722 scriptura

380 725 565 808 concipiant
587 725 708 790 multus
729 721 978 807 inquietudines.
1015 721 1126 805 Quum
1150 742 1228 806 ergo
1249 720 1356 790 Israe-
1408 723 1506 789 verba
1540 724 1634 791 uobis
1667 725 1744 794 facit
1777 722 1826 789 de
1846 733 1935 788 statu
1962 722 2130 801 ecclesiae,
2163 722 2381 790 conscendere

380 807 458 876 litae
479 809 660 895 penderent
681 807 724 874 ab
742 809 879 892 eventis,
902 817 934 872 et
949 829 1014 874 non
1032 817 1164 891 possent
1179 806 1355 890 quidquam
1407 817 1536 893 oportet
1567 831 1669 894 supra
1701 808 1877 886 mundum,
1916 817 1949 874 et
1981 829 2083 892 supra
2118 828 2234 874 senatu
2266 828 2381 876 omnes

381 917 514 981 sperare
548 895 587 960 de
620 893 741 974 reditu,
775 894 839 960 nisi
871 912 972 974 quam
1006 915 1080 977 spes
1111 892 1221 976 aliqua
1248 891 1356 958 oblata
1407 903 1549 974 nostros,
1590 907 1625 960 at
1656 894 1902 980 apprehendere
1937 893 2134 960 miraculum
2167 891 2254 977 quod
2288 896 2381 962 nobis

381 989 460 1062 orat,
485 980 546 1047 hoc
568 979 686 1046 vitium
709 999 798 1046 nuno
820 979 978 1062 propheta
999 978 1218 1062 reprehendit.
1249 978 1355 1044 Vocat
1407 979 1633 1048 absconditum
1661 991 1719 1047 est.
1763 982 1835 1046 Iam
1859 980 2007 1063 sequitur
2029 978 2233 1064 miraculum,
2260 979 2382 1061 semina

382 1068 487 1152 primo
517 1067 673 1150 populum
700 1065 801 1148 filiam
830 1064 1075 1148 immorigercm,
1106 1065 1159 1131 rel
1189 1063 1354 1129 rebellem.
1406 1065 1511 1131 circat
1542 1067 1753 1134 circumdedit.
1805 1064 1986 1132 Christiani
2019 1065 2088 1129 fere
2120 1084 2187 1129 uno
2220 1085 2381 1132 consensu

381 1153 466 1236 Nam
500 1152 630 1235 saepius
662 1151 760 1217 minis
793 1150 933 1234 correpti
966 1150 1109 1214 fuerant:
1150 1148 1267 1215 deiude
1301 1149 1353 1214 ob·
1406 1150 1468 1216 hoc
1495 1150 1700 1236 interpretati
1728 1161 1807 1218 sunt
1837 1150 1877 1215 de
1907 1151 2014 1215 Maria
2043 1149 2187 1234 virgine:
2223 1160 2256 1214 et
2277 1152 2382 1216 movit

381 1238 502 1304 tulerat
539 1237 603 1303 illis
635 1235 730 1302 Deus
764 1256 853 1319 spem
893 1233 1016 1302 reniae.
1071 1233 1183 1314 Quum
1216 1234 1355 1301 luissent
1405 1257 1462 1300 eos
1501 1257 1619 1302 nomen
1656 1237 1821 1303 miraculi:
1862 1235 1979 1302 deiude
2017 1236 2100 1300 forte
2134 1235 2233 1300 nimis
2265 1237 2381 1320 oupide

380 1320 568 1408 pervicaces
600 1323 790 1408 quantisper
823 1321 914 1386 Deua
947 1321 1011 1386 illis
1045 1321 1204 1404 pepercit,
1236 1319 1354 1386 deiude
1406 1323 1617 1405 arripuerunt
1649 1343 1732 1407 quae
1765 1324 1836 1388 visa
1864 1331 1942 1386 suut
1975 1321 2082 1386 lacere
2115 1320 2157 1385 ad
2186 1325 2380 1406 mysterium

381 1429 482 1494 quum
512 1416 705 1491 respuerent
734 1428 847 1472 omues
875 1406 1114 1490 promissiones,
1146 1424 1209 1471 non
1238 1406 1295 1472 abs
1318 1427 1353 1470 re
1405 1406 1520 1472 salutis
1539 1417 1677 1474 nostrae.
1711 1407 1835 1475 Dicunt
1857 1407 1959 1491 igitur
1976 1407 2063 1471 hanc
2078 1425 2149 1471 esse
2164 1427 2231 1473 rem
2251 1427 2380 1487 novam,

380 1492 539 1578 propheta
559 1494 648 1576 ipsos
670 1506 764 1560 vocat
786 1492 1008 1576 immorigeros
1030 1491 1081 1557 vel
1104 1489 1250 1558 rebelles.
1287 1492 1353 1558 Per
1406 1491 1446 1556 de
1477 1513 1540 1576 qua
1573 1493 1717 1577 loquitur
1748 1491 1924 1577 propheta,
1957 1489 2043 1575 quod
2077 1491 2171 1575 virgo
2201 1493 2381 1577 gestaverit

380 1581 531 1646 circadae
558 1587 666 1645 autem
694 1578 850 1662 intelligit
879 1597 979 1660 vagas
1008 1576 1082 1642 illas
1105 1577 1352 1659 speculationes,
1405 1587 1498 1644 utero
1531 1600 1590 1645 suo
1624 1580 1796 1647 Christum
1827 1579 2004 1659 infantem,
2037 1577 2095 1643 sed
2128 1577 2227 1642 simul
2261 1579 2379 1658 virum,

380 1666 499 1748 quibus
534 1665 641 1731 solent
676 1663 835 1730 increduli
871 1683 907 1728 se
939 1663 1026 1745 ipsos
1064 1662 1211 1746 fatigare.
1268 1661 1351 1727 Nam
1405 1663 1481 1746 quia
1503 1665 1627 1732 scilicet
1648 1665 1767 1748 plenus
1790 1663 1851 1730 luit
1873 1663 1984 1729 diviua
2007 1662 2206 1742 fortitudine,
2230 1666 2380 1746 quamvis

381 1751 517 1818 verbum
536 1751 669 1850 proprie
691 1748 853 1834 significat
873 1749 1053 1814 circumire.
1087 1746 1265 1812 Possumus
1283 1749 1352 1831 qui·
1404 1748 1581 1815 secundum
1612 1771 1743 1817 carnem
1770 1750 1911 1816 creverit
1932 1757 1967 1813 et
1988 1757 2124 1827 statura,
2153 1755 2186 1814 et
2208 1750 2379 1832 sapientia,

381 1835 454 1900 dem
477 1855 624 1919 accipere
643 1855 702 1918 pro
724 1835 854 1920 vagari:
877 1853 954 1899 nam
972 1833 1058 1898 idem
1077 1841 1144 1898 est:
1166 1833 1222 1899 sed
1239 1854 1350 1916 quem·
1404 1843 1438 1900 et
1467 1834 1597 1901 virtute.
1649 1836 1769 1902 Merito
1797 1835 1859 1902 boc
1886 1834 2013 1899 ridetur
2043 1854 2063 1900 ιι
2092 1831 2236 1900 ludaeis:
2268 1843 2379 1900 amen

380 1920 554 1987 admodum
581 1921 648 1986 iam
678 1919 755 1997 dixi,
785 1918 941 2004 propheta
972 1918 1137 2003 aptissime
1166 1927 1264 1985 vocat
1289 1919 1350 1984 cir·
1403 1919 1451 1985 illi
1479 1919 1588 2000 etiam,
1617 1941 1690 1987 meo
1719 1920 1846 2001 iudicio,
1876 1939 1941 1986 uon
1973 1922 2088 1984 tenent
2109 1919 2287 2002 genuinam
2309 1939 2380 2002 pro·

382 2008 505 2087 cuitus,
544 2005 691 2088 obliquas
730 2003 802 2071 illas
842 2013 876 2070 et
912 2012 1073 2070 tortuosas
1106 2005 1351 2087 speculationes,
1404 2006 1521 2089 phetae
1560 2015 1713 2073 mentem.
1772 2007 2039 2090 Interpretautur
2079 2003 2139 2070 hoc
2179 2003 2219 2070 de
2258 2005 2380 2088 populo

382 2091 500 2176 quibus
539 2092 701 2158 increduli
736 2091 913 2174 agitantur.
968 2090 1014 2154 Et
1055 2089 1183 2156 videtur
1219 2091 1351 2156 subesse
1404 2091 1578 2158 israelitico
1608 2093 1684 2175 quia
1711 2103 1782 2158 erat
1812 2102 1969 2175 tanquam
2000 2089 2127 2166 mulier,
2158 2109 2242 2171 quae
2271 2090 2380 2156 divor·

382 2177 481 2243 tacita
502 2177 674 2243 antithesis
696 2177 782 2243 iuter
804 2186 924 2242 rectam
949 2178 1045 2256 viam,
1066 2196 1148 2257 quae
1166 2173 1259 2243 nobis
1279 2196 1349 2259 pro·
1404 2177 1485 2242 tium
1526 2177 1647 2243 fecerat
1679 2199 1700 2244 a
1731 2177 1857 2244 marito.
1912 2177 2039 2242 Dicunt
2078 2174 2196 2258 igitur,
2236 2175 2378 2240 Femina

381 2263 515 2347 ponitur
544 2283 563 2328 a
592 2261 677 2344 Deo,
711 2270 745 2327 et
775 2261 861 2328 inter
893 2261 1057 2345 ambages,
1090 2261 1207 2344 quibus
1240 2262 1352 2326 miseri
1404 2264 1512 2329 virum
1543 2263 1795 2345 amplexabitur,
1824 2284 1906 2346 quac
1936 2261 2060 2327 scilicet
2088 2259 2232 2326 alienata
2261 2260 2380 2340 luerat,

381 2349 530 2414 homines
557 2368 627 2414 sese
656 2347 834 2431 implicant,
862 2346 916 2412 ubi
938 2347 1048 2412 Deum
1072 2367 1138 2411 uon
1161 2354 1352 2431 sequautur.
1404 2356 1437 2413 et
1477 2368 1547 2415 sese
1587 2350 1799 2431 prostituerat
1838 2347 1951 2414 multis
1988 2344 2157 2412 adulteris.
2214 2345 2380 2412 Videntur

380 2435 436 2499 sed
462 2433 636 2516 rapiuntur
657 2441 731 2517 post
754 2452 855 2499 vanas
875 2452 951 2499 suas
973 2432 1215 2514 conceptiones:
1239 2453 1351 2515 quem·
1404 2433 1518 2500 Iudaei
1540 2433 1602 2499 sibi
1625 2449 1736 2501 tenera
1781 2434 1843 2500 uod
1869 2431 1971 2499 voluit
1989 2430 2166 2514 propheta:
2189 2452 2250 2516 ego
2267 2441 2378 2497 antam

380 2518 557 2600 admodum
589 2518 694 2584 Isaiae
733 2518 830 2584 etiam
861 2519 965 2583 utitur
997 2516 1109 2584 eadem
1142 2517 1353 2584 similitudine
1405 2519 1499 2584 aliter
1537 2519 1697 2586 existimo.
1751 2455 1837 2587 diam
1878 2518 1933 2586 hic
1972 2527 2023 2583 est
2062 2518 2261 2599 comparatio
2294 2518 2380 2583 iuter

382 2603 447 2688 (57,
472 2604 534 2690 10).
586 2602 678 2670 Dicit
710 2603 798 2669 euim
831 2603 986 2686 populum
1017 2610 1091 2685 post
1120 2622 1197 2668 suos
1226 2623 1352 2669 errores
1404 2605 1558 2670 feminam
1577 2614 1609 2671 et
1627 2606 1746 2686 virum,
1764 2625 1860 2688 qnam
1880 2603 1928 2670 illi
1947 2623 2012 2670 non
2029 2602 2229 2685 expendunt.
2265 2603 2379 2685 Neque

380 2690 428 2756 sio
454 2688 626 2772 abreptum
656 2689 756 2755 fuisse
783 2695 821 2754 ut
849 2690 971 2754 frustra
997 2687 1097 2753 luerit
1124 2686 1244 2766 lassus,
1277 2689 1352 2771 quia
1405 2690 1493 2755 enim
1516 2690 1706 2773 simpliciter
1727 2690 1887 2775 propheta
1910 2689 1964 2755 hic
1985 2687 2026 2753 de
2048 2689 2120 2752 viro
2143 2687 2299 2771 loquitur,
2322 2688 2379 2754 sed

381 2796 446 2840 nou
481 2795 672 2859 progressus
701 2773 799 2840 luerit
827 2794 885 2856 per
914 2778 1037 2839 rectam
1066 2773 1163 2840 viam.
1208 2774 1254 2839 ltt
1276 2773 1353 2839 bino
1406 2776 1552 2841 nominat
1574 2777 1680 2850 virum
1701 2777 1883 2844 robustum.
1918 2787 1975 2842 ‘m
1998 2773 2086 2838 euim
2110 2774 2253 2839 sumitur
2275 2794 2296 2838 a
2318 2773 2378 2840 lor-

380 2859 545 2945 colligitur
560 2861 648 2926 utilis
663 2858 820 2940 doctriua,
843 2879 902 2924 nos
919 2859 1043 2926 scilicet
1057 2879 1185 2943 sempor
1198 2858 1352 2926 accedere
1405 2862 1554 2926 titudine.
1591 2861 1703 2942 Quum
1726 2863 1827 2946 igitur
1847 2862 2004 2927 feminam
2026 2859 2096 2924 viro
2114 2865 2290 2942 comparet,
2313 2879 2378 2924 uon

379 2946 421 3011 ad
453 2957 572 3012 metam
601 2945 725 3022 salutis,
754 2946 811 3011 ubi
832 2944 905 3010 Deo
926 2943 1195 3028 obtemperamus,
1228 2953 1260 3012 et
1282 2967 1351 3012 am·
1405 2945 1516 3011 dubito
1534 2947 1610 3028 quin
1629 2947 1792 3032 significet
1809 2947 1969 3031 propheta
1982 2943 2159 3022 Israelitas,
2183 2945 2240 3027 qui
2257 2945 2377 3010 similes

380 3031 531 3098 bulamus
553 3052 610 3115 per
627 3033 715 3098 viam
734 3051 818 3116 quae
834 3029 928 3096 nobis
944 3030 1138 3115 proponitur
1152 3031 1222 3097 eius
1237 3031 1349 3098 verbo:
1403 3040 1499 3097 erant
1525 3032 1670 3112 leminis,
1698 3033 1759 3098 hoc
1786 3041 1848 3108 ost,
1878 3032 2034 3099 carebant
2064 3030 2203 3106 viribus,
2231 3029 2377 3096 destituti

380 3116 477 3183 simul
506 3127 616 3183 autem
643 3127 739 3201 atque
768 3116 969 3182 deflectimus
999 3138 1019 3182 a
1041 3116 1103 3194 via,
1134 3123 1263 3183 tantum
1292 3137 1351 3200 per
1404 3126 1498 3183 erant
1521 3118 1610 3182 omni
1634 3118 1775 3184 auxilio:
1798 3118 1878 3201 quin
1901 3135 1981 3201 ergo
2003 3115 2089 3181 dicat
2107 3115 2176 3180 fore
2194 3116 2377 3199 superiores

380 3203 536 3268 circuitus
559 3213 591 3268 et
613 3223 739 3269 errores
762 3201 825 3268 buo
846 3212 879 3267 et
900 3201 977 3269 illuc
996 3200 1142 3280 distrahi,
1163 3209 1201 3268 ut
1217 3202 1350 3268 tandem
1403 3201 1551 3268 hostibus
1580 3203 1656 3283 suis,
1683 3224 1820 3287 qaorum
1848 3202 1994 3286 potentia
2023 3209 2150 3284 poterat
2173 3201 2232 3265 toti
2254 3201 2376 3266 mundo

380 3285 471 3353 labor
500 3294 612 3352 noster
634 3289 677 3352 sit
702 3286 837 3364 inutilis,
866 3287 932 3353 imo
953 3287 1051 3352 otiam
1075 3287 1201 3353 noxius.
1246 3287 1350 3354 Tene·
1405 3296 1561 3354 terrorem
1590 3290 1744 3355 incutere.
1789 3286 1920 3356 Scimus
1948 3287 2034 3353 enim
2062 3285 2169 3369 qualis
2191 3286 2291 3352 fuerit
2312 3307 2375 3351 mo·

379 3393 453 3438 mus
481 3393 560 3457 ergo
587 3393 677 3438 nuuc
696 3372 876 3446 ,consilium
905 3371 1093 3456 prophetae.
1144 3372 1231 3453 Quia
1263 3374 1350 3438 euim
1403 3373 1538 3440 narchia
1559 3373 1738 3454 Babylonis
1768 3393 1832 3457 quo
1862 3384 2007 3456 tempora
2028 3371 2143 3438 Iudaei
2174 3373 2270 3438 tracti
2300 3380 2378 3437 sunt

379 3456 593 3524 incredulitas
625 3459 736 3542 populi
770 3467 838 3523 erat
868 3458 961 3541 qnasi
990 3459 1089 3522 ianua
1119 3455 1282 3538 obserata,
1315 3469 1352 3525 at
1402 3459 1438 3524 in
1467 3459 1628 3526 exsilium.
1674 3461 1763 3545 Ergo
1790 3459 1820 3526 si
1848 3459 2090 3526 consideremus
2119 3455 2233 3538 quales
2255 3456 2377 3522 luerint

379 3565 446 3610 non
476 3543 662 3610 admitteret
684 3543 747 3608 Dei
776 3543 1008 3625 promissiones
1038 3542 1077 3608 de
1107 3542 1297 3609 liberatione
1319 3552 1352 3607 et
1402 3543 1585 3624 Israelitae,
1618 3545 1761 3611 dicemus
1794 3544 1896 3610 luisse
1929 3544 2068 3610 seminas
2102 3539 2238 3622 debiles,
2276 3561 2375 3625 quum

380 3629 498 3709 reditu,
529 3627 581 3695 hic
610 3629 684 3695 vult
707 3629 870 3712 corrigere
893 3629 1010 3694 vitium
1032 3628 1123 3710 illud,
1151 3639 1183 3693 et
1206 3629 1354 3712 increpat
1402 3628 1513 3695 hostes
1542 3649 1653 3695 eorum
1683 3633 1792 3697 esseut
1824 3629 1949 3696 robusti
1977 3638 2010 3694 et
2040 3627 2192 3693 bellicosi.
2242 3626 2376 3693 Feraiaa

379 3713 547 3781 Israelitas
585 3715 671 3798 quod
712 3721 873 3798 vagentur
909 3715 985 3797 quia
1024 3723 1103 3782 sunt
1141 3713 1350 3799 immorigeri.
1402 3713 1505 3800 igitur
1533 3715 1737 3782 circumdabit
1765 3717 1878 3782 ciram.
1923 3715 2008 3782 Nam
2030 3727 2098 3783 :20
2119 3712 2285 3799 significat
2311 3734 2375 3777 non

381 3799 500 3866 Postea
521 3799 621 3877 addit,
656 3801 740 3882 Quia
761 3819 824 3866 eece
846 3799 969 3881 creabit,
996 3799 1037 3865 ad
1061 3799 1194 3866 verbum
1217 3801 1350 3879 creavit,
1404 3801 1571 3884 amplecti,
1605 3800 1660 3866 sed
1695 3799 1842 3867 obsidere
1872 3819 2122 3884 saepenumero:
2157 3809 2190 3864 et
2217 3798 2377 3881 accipitur

379 3883 437 3952 sed
466 3885 678 3968 praeteritum
707 3887 864 3967 accipitur
893 3884 963 3950 loco
985 3885 1098 3964 futuri,
1127 3885 1188 3951 hoo
1211 3905 1289 3950 vero
1311 3885 1351 3951 ad
1403 3885 1627 3974 compluribus
1666 3887 1845 3969 scripturae
1884 3886 1964 3954 locis
2005 3887 2039 3950 in
2079 3884 2200 3950 malam
2240 3893 2375 3968 partem.

378 3970 606 4038 certitudinem
637 3970 725 4038 valet
750 3990 852 4054 quum
874 3971 978 4036 utitur
1000 3979 1146 4054 tempore
1168 3971 1352 4053 praeterito,
1404 3971 1525 4039 Hostes
1551 3969 1835 4039 circumdederunt
1864 3993 1926 4037 me.
1972 3971 2084 4052 Quum
2112 3969 2215 4054 igitur
2244 3981 2376 4034 notatur

379 4077 417 4124 ac
446 4056 474 4123 si
500 4057 751 4123 concionaretur
779 4055 818 4122 de
848 4077 884 4120 re
913 4055 978 4121 iam
1009 4055 1178 4139 completa.
1231 4054 1353 4123 Grecod
1403 4056 1541 4141 obsidio,
1575 4058 1738 4140 scriptura
1771 4055 1831 4124 hoo
1864 4056 2002 4124 verbum
2036 4065 2184 4138 usurpat.
2236 4053 2377 4119 Perinde

379 4163 456 4227 ergo
472 4139 612 4209 Ielsovab
633 4163 699 4208 rem
715 4161 836 4209 swam.
871 4139 1044 4226 Significat
1062 4162 1229 4225 perperam
1246 4143 1352 4209 facere
1404 4143 1505 4226 igitur
1527 4153 1576 4209 est
1597 4162 1634 4208 ao
1656 4145 1683 4208 si
1706 4142 1843 4208 dixisset
1861 4142 2030 4226 propheta,
2053 4141 2220 4224 Redigent
2237 4141 2378 4206 feminae

292 4295 297 4304 ,
379 4227 545 4295 Israelitas
567 4227 646 4293 dum
669 4228 845 4294 aestimant
861 4226 1086 4294 liberationem
1101 4227 1292 4310 promissam
1309 4247 1352 4292 cx
1404 4228 1492 4294 viros
1519 4227 1552 4292 in
1583 4228 1767 4311 angustias,
1798 4229 1845 4293 ita
1874 4227 2027 4312 utipsos
2056 4228 2201 4311 captivos
2230 4230 2376 4292 teneant.

379 4334 438 4379 suo
467 4332 575 4392 sensu,
606 4312 724 4380 deinde
745 4333 787 4379 ex
809 4312 925 4378 mediis
948 4333 1030 4396 quae
1052 4322 1217 4396 apparent.
1264 4312 1352 4378 Dicit
1404 4312 1472 4379 Sed
1494 4313 1601 4378 utitur
1616 4313 1774 4397 singulari
1795 4332 1945 4379 numero:
1968 4314 2060 4396 quasi
2079 4314 2216 4378 diceret:
2238 4310 2377 4376 romine

379 4399 468 4465 anim
496 4400 648 4484 gratiam,
678 4418 762 4481 quae
788 4397 854 4464 illis
883 4398 1093 4482 promittitur,
1123 4399 1192 4463 lore
1214 4398 1353 4464 admira·
1404 4419 1471 4462 uua
1494 4397 1671 4481 praestabit
1691 4398 1803 4464 multis
1825 4399 1915 4478 viris,
1943 4398 2005 4463 hoc
2029 4406 2090 4480 est,
2118 4396 2241 4480 singuli
2262 4394 2377 4461 Iudaei

380 4485 496 4552 bilem:
530 4484 591 4550 hoc
624 4483 765 4568 intelligi
796 4481 893 4550 debet
920 4505 978 4567 per
1005 4503 1071 4550 rem
1097 4498 1225 4550 naama:
1257 4483 1352 4567 quasi
1404 4483 1615 4565 praestabunt
1637 4483 1775 4567 singulis
1794 4483 1976 4561 Chaldaeis,
2000 4484 2045 4550 ita
2062 4484 2177 4549 Iudaei
2195 4485 2377 4565 superiores

380 4572 510 4647 diceret,
541 4569 611 4635 Vos
636 4569 760 4636 scilicet
781 4569 933 4636 iudicatis
956 4590 997 4634 ex
1020 4589 1109 4634 more
1131 4579 1164 4633 et
1185 4570 1351 4634 communi
1405 4576 1511 4648 erunt,
1529 4569 1679 4651 quamvis
1691 4589 1847 4654 magnum
1859 4576 1892 4635 et
1904 4569 2049 4636 terribile
2060 4570 2103 4635 sit
2114 4567 2212 4634 robur
2224 4567 2375 4634 hostium.

380 4677 442 4722 usu
469 4655 555 4740 quod
584 4654 676 4720 Deus
705 4655 869 4738 promittit
898 4653 989 4720 vobis
1018 4654 1057 4718 de
1084 4653 1200 4720 reditu.
1245 4656 1351 4736 Atqui
1405 4654 1475 4738 Ego
1497 4652 1587 4720 hunc
1608 4674 1679 4720 esse
1702 4675 1832 4720 sensum
1856 4653 2036 4739 prophetae
2059 4655 2228 4721 existimo:
2254 4663 2287 4720 et
2310 4675 2378 4718 me-

379 4744 443 4808 erit
471 4741 676 4807 miraculum.
720 4740 810 4824 Ergo
841 4739 936 4825 agitis
959 4759 1121 4825 perverse,
1152 4739 1229 4805 dum
1252 4738 1352 4806 vultis
1404 4741 1466 4805 rito
1488 4739 1647 4822 propheta
1668 4739 1810 4806 celebrat
1831 4740 1895 4807 hoc
1911 4741 1974 4806 Dei
1997 4741 2200 4818 miraculum,
2223 4740 2300 4822 quia
2317 4739 2378 4805 luit

380 4826 528 4912 redigere
562 4827 625 4892 Dei
664 4825 843 4911 potentiam
884 4825 924 4890 ad
962 4845 1165 4890 communem
1203 4823 1351 4890 ordinem
1403 4825 1561 4907 quaedam
1595 4825 1708 4891 mundi
1742 4827 1928 4906 conversio,
1968 4825 2021 4891 ubi
2054 4828 2100 4892 ita
2133 4826 2224 4891 Deus
2257 4825 2377 4890 extulit

381 4923 534 4979 naturae:
568 4913 661 4977 Deus
694 4920 800 4978 autem
833 4910 906 4977 vult
935 4931 1089 4993 superare
1119 4909 1272 4993 quidquid
1302 4919 1353 4975 est
1404 4932 1515 4976 servos
1538 4931 1614 4976 suos
1636 4919 1674 4976 ut
1695 4912 1750 4995 qui
1773 4912 1859 4994 ipsos
1879 4911 2146 4996 subiugarerant,
2170 4920 2280 4976 esseut
2297 4911 2376 4994 ipsis

381 4999 539 5067 usitatum
565 4999 654 5064 inter
680 4997 837 5062 homines.
890 4997 934 5061 Et
963 4995 1024 5061 hoo
1052 4997 1147 5061 etiam
1171 4995 1351 5061 notandum
1405 4994 1501 5081 longe
1522 4997 1674 5080 impares.
1718 4995 1884 5080 Sequitur,

296 5080 303 5093 “
381 5092 441 5169 est,
464 5085 540 5167 quia
561 5081 645 5166 quod
667 5081 768 5150 semel
791 5081 873 5146 dixit
890 5079 1048 5146 Ieremias
1069 5079 1109 5146 de
1131 5080 1352 5164 redemptione

426 5169 494 5253 puli
527 5167 716 5234 extenditur
748 5167 788 5234 ad
824 5178 988 5233 aeternam
1021 5167 1174 5234 ecclesiae
1202 5167 1351 5233 salutem.
1489 5165 1540 5232 23.
1566 5163 1620 5234 Sic
1646 5165 1722 5232 dicit
1746 5165 1882 5234 feteat
1908 5168 2113 5252 exercituum,
2143 5166 2233 5234 Deus
2263 5166 2376 5251 Israel,

417 5275 474 5321 eus
502 5255 588 5320 enim
618 5254 809 5320 mirabiliter
831 5252 952 5319 excitat
974 5261 1129 5331 mortuos,
1159 5252 1353 5318 mirabiliter
1404 5251 1518 5318 Adbuc
1550 5251 1651 5318 atam
1682 5251 1736 5318 bot
1766 5254 1890 5319 verdum
1917 5253 1992 5404 §hoc
2020 5264 2087 5334 est,
2118 5253 2396 5339 pronuntiabunt.

383 5343 479 5407 etiam
509 5350 681 5406 conservat
708 5348 741 5405 et
767 5349 875 5406 tuetur
903 5337 1068 5405 eeclesiam
1091 5357 1192 5417 suam,
1221 5338 1353 5403 mirabi·
1404 5336 1492 5404 hunc
1520 5337 1717 5423 sermonem)
1745 5339 1781 5404 ia
1809 5344 1895 5412 terra
1938 5339 2069 5423 thadat,
2098 5345 2127 5404 et
2146 5339 2277 5406 arctae
2299 5341 2376 5419 elas,
