5038 6118
152 471 172 537 5
860 469 909 534 IN
931 469 1180 535 lundunam.
1219 468 1318 534 OAP.
1343 469 1438 534 VIII.
2022 553 2032 570 ·
2125 469 2145 536 6

152 679 260 724 errore
280 679 347 736 suo,
370 659 478 723 stetim
503 655 634 738 respioit
655 655 696 720 ed
718 656 815 720 viam.
848 655 920 720 Hoo
938 657 1008 721 fiori
1027 657 1118 723 solet.
1172 657 1252 733 bris,
1287 657 1340 721 vel
1374 657 1537 723 exoeeoati
1565 659 1633 723 suis
1663 658 1912 742 eupiditatibus,
1945 667 1983 723 ut
2013 658 2146 742 eupiunt

153 744 238 826 Quid
268 765 345 828 orgo
366 745 427 808 sibi
450 742 523 807 vult
544 753 636 806 tanta
657 740 839 824 stupiditas,
868 742 955 824 quod
981 741 1119 825 populus
1172 743 1284 808 fellere
1312 742 1438 810 Deam:
1471 741 1527 807 sed
1561 742 1681 810 fallant
1708 765 1743 811 se
1771 746 1869 829 ipsos.
1923 743 2014 810 Haeo
2045 744 2146 828 igitur

153 830 370 912 lerosolymae
398 848 463 892 non
493 828 668 910 resipisoit,
701 847 801 910 quum
831 838 941 892 tamen
971 827 1120 893 debuerit
1171 847 1269 893 oaasa
1298 835 1361 904 est,
1395 846 1455 892 oar
1482 828 1574 892 nulla
1605 830 1805 913 poenitentia
1835 839 2029 914 tangantur,
2062 849 2145 912 quos

153 916 277 998 pridem
301 934 476 998 agnoscere
498 913 625 995 lapsum
648 932 743 977 suum
767 929 799 975 et
820 912 988 978 errorem?
1020 914 1119 994 Quis·
1173 914 1263 978 Deus
1289 914 1424 998 oorripit
1456 923 1489 978 et
1511 915 1657 998 eastigat.
1702 914 1769 982 Ubi
1790 915 1915 982 seilioet
1936 923 2051 998 sponte
2073 933 2145 982 oee-

151 1001 225 1085 qais
253 1001 325 1066 sins
354 999 561 1065 eontentione
588 998 764 1063 ettendsrit
789 998 830 1061 ed
852 998 1031 1080 prophetae
1053 1020 1120 1064 ser·
1172 999 1308 1076 outiunt,
1338 999 1391 1064 vol
1419 998 1576 1064 olsudant
1604 999 1714 1066 oeulos
1744 1012 1778 1067 et
1800 1002 1957 1066 obturant
1978 1021 2082 1080 aures,
2113 1008 2146 1066 st

152 1106 292 1238 ἓὲιὶιι
311 1082 1120 1252 titt&maternitatem*
1171 1085 1301 1235 {titt
1321 1082 1680 1253 ιιιιιιιιιιᾞὲι
1701 1087 1766 1238 ιιι
1788 1085 2088 1239 ttnzt‘tttt
2104 1085 2146 1236 ii

151 1258 265 1340 incipit
293 1278 379 1324 nuno
410 1221 551 1340 primam
572 1255 659 1338 quai
681 1256 721 1319 de
744 1254 872 1336 popolo,
900 1265 940 1319 ut
959 1258 1040 1321 setis
1062 1276 1119 1338 ap·
1172 1255 1321 1321 salutem.
1365 1256 1455 1338 Ergo
1487 1257 1515 1320 si
1547 1218 1695 1338 o’upimus
1723 1258 1830 1323 moeri
1862 1257 1995 1322 avitiis
2017 1258 2147 1337 nostris,

152 1355 252 1428 paret.
274 1337 444 1424 'Sequitur
461 1361 539 1426 ergo
554 1340 754 1423 superiorem
771 1359 901 1406 versum
917 1361 984 1405 non
1003 1340 1120 1407 debere
1172 1361 1300 1423 semper
1332 1339 1551 1423 inoipiendum
1582 1353 1632 1408 eet
1658 1343 1699 1406 eb
1728 1342 1789 1408 beo
1819 1351 1927 1426 parto,
1961 1364 2079 1426 nempe
2109 1350 2146 1408 ut

152 1428 191 1494 ed
226 1429 381 1512 populum
416 1427 584 1510 restringi,
618 1426 675 1492 sed
708 1425 774 1493 illie
808 1426 883 1508 poni
912 1445 1119 1490 oommanem
1172 1426 1379 1492 exeatiamus
1400 1426 1513 1491 sedulo
1536 1436 1569 1492 et
1590 1427 1802 1510 eogitetiones
1824 1440 1954 1493 nostras
1975 1441 2009 1494 et
2025 1427 2147 1507 studia,

151 1514 356 1580 mutentiem.
395 1512 546 1594 Denique
569 1512 621 1578 bio
642 1513 817 1578 amentiam
840 1511 950 1593 populi
973 1515 1121 1596 ooerguit
1174 1522 1208 1577 st
1235 1531 1303 1577 non
1332 1511 1515 1594 plaeeamus
1545 1513 1656 1590 nobis,
1681 1533 1786 1596 neque
1811 1512 1964 1580 fallamus
1992 1513 2146 1580 inanibus

151 1600 315 1678 Ieremias,
344 1598 429 1681 quod
460 1619 525 1663 non
554 1609 709 1680 sequatur
736 1598 851 1661 saltem
882 1617 947 1674 eos,
982 1599 1038 1680 qai
1066 1597 1120 1662 vel
1175 1595 1356 1663 blanditiis:
1396 1597 1452 1663 sod
1493 1611 1685 1680 appotamus
1724 1609 1875 1664 exentera
1914 1598 2071 1682 quidquid
2109 1599 2145 1664 in

151 1684 346 1760 oeoideruot,
369 1685 420 1748 vel
440 1684 683 1750 deelinarunta
701 1684 753 1747 vie
771 1702 999 1766 pererratam.
1034 1683 1120 1748 Nam
1174 1683 1266 1748 nobis
1287 1691 1337 1748 est
1359 1683 1609 1766 reprehensione
1631 1683 1768 1768 dignum
1790 1697 1847 1749 eut
1869 1684 2034 1751 vitiosum.
2073 1684 2146 1751 Hoo

152 1772 214 1837 hoo
243 1770 438 1835 naturaliter
464 1769 643 1850 ingenitum
672 1777 722 1834 eat
750 1767 912 1850 omnibus,
942 1790 983 1833 ne
1005 1779 1121 1854 sponte
1173 1777 1223 1834 est
1251 1767 1448 1854 prineipiam
1472 1789 1570 1834 verae
1591 1770 1820 1852 poenitentiae,
1851 1768 2012 1835 disentere
2034 1791 2147 1836 omnes

152 1859 185 1921 in
205 1856 300 1920 melis
321 1858 389 1921 suis
412 1867 555 1939 pereant.
591 1855 658 1935 Qui
676 1875 753 1938 ergo
768 1853 893 1934 oooidit,
915 1853 970 1918 ille
984 1860 1122 1920 oonetur
1174 1854 1304 1919 frendes
1327 1869 1359 1919 et
1380 1855 1531 1931 felleoiae,
1560 1862 1593 1919 et
1614 1863 1767 1939 appetere
1789 1854 1911 1921 alaram
1933 1855 2038 1922 luoem
2061 1877 2145 1939 queo

152 1943 261 2007 statim
292 1961 479 2026 resurgere:
509 1942 564 2023 qui
595 1942 680 2004 viem
710 1960 802 2039 suam
825 1938 977 2016 deseruit,
1008 1951 1123 2022 postea
1174 1939 1266 2005 nobis
1288 1949 1414 2024 reteget
1434 1939 1521 2006 mela
1542 1946 1663 2006 nostra.
1708 1941 1826 2006 Postea
1849 1942 2005 2024 sequitur,

151 2037 470 2179 ιιιιιιθιιιιιιιιιιιιι
486 2027 628 2195 ᾖιιιιιιιιιιι
629 2023 877 2191 11ιιιιιιιιιιξθιιιιΗ
878 2045 955 2174 ibri
957 2023 1123 2175 Γιιιιιιιιιιιι
1260 2112 1291 2176 6.
1319 2109 1456 2188 Arent
1478 2115 1506 2176 et
1528 2111 1655 2177 andivi.-
1686 2131 1750 2176 non
1770 2111 1931 2194 loqueram
1951 2117 2038 2191 reete,
2060 2132 2147 2179 nenio

153 2197 312 2282 populns?
339 2199 447 2281 inquit
468 2198 636 2263 Ieremias.
680 2197 769 2281 Ergo
790 2195 932 2260 ostendit
954 2195 1015 2261 bae
1036 2217 1123 2263 eom·
1174 2199 1218 2262 eet
1238 2215 1326 2277 quern
1347 2198 1502 2278 pontimi
1528 2194 1583 2281 (ed
1612 2195 1768 2276 verbum,
1801 2219 1867 2262 oon
1898 2199 1949 2263 vir
1978 2199 2148 2281 poenitens

152 2284 322 2366 paratione
344 2283 516 2349 bominum
534 2304 604 2349 esse
626 2282 782 2368 prodigia,
805 2282 959 2364 quoniam
981 2283 1122 2364 portine-
1176 2302 1275 2365 super
1298 2283 1384 2347 melo
1404 2300 1480 2347 suo:
1514 2280 1572 2348 sed
1593 2302 1710 2347 sensus
1732 2282 1850 2348 olarior
1872 2293 1938 2362 est,
1972 2305 2068 2348 nemo
2097 2295 2147 2349 est

152 2371 234 2434 oiter
260 2369 453 2434 inhaereant
482 2370 551 2434 suis
578 2369 762 2442 soelsribas,
791 2388 896 2448 noque
925 2366 989 2432 illis
1013 2368 1124 2433 veniet
1175 2388 1272 2450 quem
1295 2366 1471 2453 poeniteat)
1497 2367 1639 2432 malitiae
1666 2387 1750 2444 eoae,
1780 2368 1914 2448 dicendo,
1950 2369 2032 2450 Quid
2058 2369 2145 2451 feei?

153 2457 185 2520 io
216 2465 369 2533 mentem,
399 2476 488 2537 spem
515 2475 586 2520 esse
608 2453 879 2519 reooooiliationis
901 2453 929 2517 si
951 2473 992 2517 ex
1014 2453 1124 2518 animo
1175 2453 1277 2519 ornnis
1298 2453 1428 2518 entitur
1456 2452 1510 2538 (ad
1541 2452 1687 2536 verbum,
1717 2473 1787 2536 pro,
1816 2475 1930 2520 omnes
1960 2454 2147 2542 venantur)

153 2539 196 2605 ed
215 2539 321 2605 Deum
345 2562 379 2606 se
398 2551 598 2605 convertant.
635 2539 679 2603 Et
697 2537 877 2621 emphatice
896 2539 987 2620 ponit
1005 2559 1123 2604 nomen
1177 2539 1220 2604 ad
1241 2558 1353 2604 auratis
1373 2558 1456 2616 snos,
1486 2540 1567 2605 aiant
1587 2557 1684 2620 equae
1704 2539 1772 2604 ruit
1798 2537 1854 2624 (ed
1876 2541 2023 2621 verbum,
2053 2541 2148 2606 inun-

153 2624 392 2710 Ierosolymae:
425 2627 502 2709 quis
534 2625 562 2688 si
595 2635 686 2689 tonte
717 2625 832 2688 fuisset
863 2623 1039 2689 obstinatio
1071 2623 1124 2688 vel
1177 2623 1248 2689 dot:
1289 2625 1346 2689 ssd
1380 2623 1600 2708 metaphorioa
1639 2633 1689 2690 ost
1721 2624 1876 2707 loquatio.
1933 2624 2037 2693 Siouti
2070 2647 2149 2711 ergo

154 2709 246 2862 {pud
260 2711 452 2862 Obaideq'ols,
477 2709 634 2860 voldapad
649 2709 839 2859 &gyptius
862 2708 1124 2861 fnioeffss·qm{gm
1178 2731 1278 2793 equus
1300 2730 1455 2794 prueoepe
1477 2709 1558 2794 ruit)
1579 2710 1614 2774 in
1629 2709 1795 2791 proelium.

179 2818 216 2862 oe
238 2815 392 2861 rnsxousa
413 2818 467 2876 re,
489 2815 524 2861 se
568 2816 634 2860 noo
699 2817 736 2860 eo
759 2815 888 2859 mirum.
982 2816 1056 2860 raa
1091 2817 1123 2860 m

154 2882 303 2965 populos,
334 2884 384 2948 oui
407 2882 460 2947 lex
482 2879 643 2946 destinata
664 2893 722 2960 est,
744 2894 778 2946 et
799 2881 852 2947 oui
874 2879 967 2946 Deus
989 2880 1125 2945 ramilia·
1263 2882 1402 2946 Possent
1434 2881 1516 2946 been
1546 2880 1648 2946 verbe
1678 2883 1780 2964 eeoipi
1813 2882 1846 2945 in
1877 2903 2016 2966 persone
2045 2883 2148 2966 ipsius

155 2970 236 3032 riter
264 2968 416 3050 patefeoit
445 2968 561 3034 salutis
584 2967 779 3033 doetrinem:
807 2965 864 3031 abi
886 2986 963 3050 ergo
986 2967 1126 3050 populns
1180 2966 1260 3048 Dei,
1292 2965 1380 3049 quod
1401 2967 1523 3033 soilieet
1552 2968 1680 3034 oeoelo
1708 2966 1902 3050 expenderit
1928 2969 2033 3051 qualis
2061 2980 2149 3034 esset

155 3054 211 3118 ille
240 3053 287 3118 ite
313 3054 479 3134 obduruit,
514 3066 549 3117 ut
578 3052 707 3118 sbiioiet
735 3073 849 3117 omnen
877 3050 1125 3127 admonitiones,
1179 3052 1290 3136 populi
1322 3061 1438 3117 statas.
1495 3051 1562 3119 Sed
1594 3051 1762 3118 oommode
1800 3053 1860 3118 boo
1900 3055 2075 3136 exponitur
2108 3053 2149 3119 de

156 3160 264 3206 nonne
283 3139 344 3204 boo
361 3152 411 3204 est
429 3137 675 3223 portentosum?
710 3137 857 3202 Tandem
875 3136 1024 3221 adiungit
1041 3140 1126 3219 ipsos
1180 3137 1353 3221 propbeta:
1386 3138 1493 3203 iuerat
1514 3139 1602 3203 enim
1625 3139 1717 3222 quasi
1739 3139 1773 3202 in
1796 3137 2080 3222 speoula‘positus,
2111 3148 2149 3206 at

154 3245 222 3292 esse
242 3224 367 3291 rebelles
387 3225 548 3292 rebellione
564 3225 732 3308 portitori,
756 3223 816 3288 boo
834 3235 893 3301 ost,
915 3244 979 3288 non
998 3231 1127 3288 tentum
1178 3224 1367 3289 observaret
1401 3224 1540 3306 qualiter
1571 3245 1607 3290 ss
1636 3233 1765 3309 gereret
1793 3223 1933 3308 populus
1962 3247 2035 3292 oum
2057 3224 2147 3291 Deo:

156 3313 301 3389 levitate,
328 3311 382 3375 vel
404 3313 624 3395 inoogitantia,
652 3309 707 3379 vel
735 3308 844 3374 subita
870 3307 979 3391 eliqua
1005 3308 1127 3391 eupidi-
1178 3309 1245 3375 ianr
1268 3317 1421 3388 testatur,
1451 3319 1619 3394 postquam
1649 3311 1814 3393 perspexit
1843 3331 1955 3376 eoram
1985 3310 2094 3376 studio
2116 3319 2149 3376 et

156 3408 224 3462 tate
253 3394 354 3461 fuisse
382 3396 540 3461 alienatos
561 3417 582 3461 a
603 3395 684 3473 Deo,
714 3395 771 3459 sed
793 3395 839 3458 ite
860 3395 1068 3476 pertinaeiter
1090 3401 1127 3458 ut
1180 3395 1331 3478 sationes,
1353 3395 1436 3461 nibil
1458 3418 1494 3461 se
1516 3396 1634 3462 vidisse
1658 3407 1792 3462 reatum.
1825 3396 1891 3462 His
1909 3395 2020 3462 verbis
2038 3395 2149 3462 debuit

155 3483 280 3546 frostre
301 3502 431 3548 omnem
453 3502 585 3566 oporam
602 3489 795 3547 aonsamant
814 3479 990 3562 prophetae
1008 3480 1043 3543 in
1062 3479 1128 3544 illis
1180 3481 1319 3564 populus
1339 3481 1445 3565 megin
1468 3482 1561 3548 effioi.
1607 3479 1736 3548 Soimas
1758 3484 1845 3546 enim
1870 3502 1966 3565 quam
1989 3482 2149 3564 proelivss

156 3565 309 3632 doeendie
331 3578 365 3632 et
387 3568 570 3634 bertandis:
593 3565 665 3631 ideo
687 3575 784 3630 votat
803 3563 993 3630 rebellionem
1008 3567 1128 3647 fortan,
1180 3567 1283 3632 simus
1304 3577 1424 3630 natura
1446 3565 1486 3630 ad
1509 3566 1688 3648 captandos
1703 3579 1903 3650 praetextus,
1921 3567 1982 3632 ubi
1998 3569 2149 3634 volumus

156 3654 308 3736 quemvis
338 3653 391 3720 bie
418 3664 568 3718 sumatur
589 3673 648 3734 pro
669 3661 833 3735 perpetua,
863 3663 900 3714 ut
921 3650 994 3716 aliIs
1016 3651 1130 3716 multis
1180 3653 1213 3716 in
1245 3651 1335 3718 feeoe
1368 3662 1480 3717 nostre
1511 3673 1644 3718 manere
1677 3653 1787 3735 quieti.
1842 3651 1894 3717 Ito
1932 3654 2035 3718 maior
2074 3673 2150 3735 pars

156 3740 247 3805 loeis.
292 3738 432 3804 Causam
457 3747 568 3804 autem
589 3739 748 3823 assignat,
769 3736 855 3819 qood
878 3736 1001 3802 soiliaet
1020 3757 1130 3819 appre
1180 3737 1316 3803 obiicere
1338 3736 1528 3820 plerumque
1550 3738 1640 3816 solet,
1664 3736 1704 3817 0,
1728 3747 1764 3801 tu
1779 3758 1832 3802 mo
1848 3737 2069 3821 reprehendis,
2092 3738 2148 3804 sod

157 3825 319 3890 tendent
348 3825 508 3906 fraudere,
548 3824 581 3887 id
613 3833 679 3904 est,
724 3821 887 3887 mordiens
920 3822 1130 3888 adhaeserint
1182 3831 1320 3888 temere:
1353 3823 1458 3889 neeois
1479 3823 1558 3907 quid
1580 3825 1622 3890 sit
1644 3823 1680 3888 in
1701 3823 1811 3888 animo
1833 3844 1916 3888 meo.
1962 3824 2050 3907 Ergo
2073 3823 2150 3890 dieit

157 3911 276 3975 fraudi.
321 3911 446 3975 Vemm
475 3908 621 3974 fraudem
644 3909 760 3990 eooipit
783 3907 948 3990 propbeta,
977 3928 1130 3991 nonque
1182 3908 1340 3990 prophete
1355 3929 1389 3974 se
1407 3907 1582 3996 diligenter
1600 3916 1768 3993 reputasse
1781 3908 1888 3992 qualis
1903 3920 1988 3974 esset
2002 3911 2149 3993 populns,

158 3996 294 4074 fallitur,
312 4005 370 4060 aut
386 3996 642 4061 oiroamvenitar
660 3995 837 4075 proximus,
856 3992 915 4058 sed
932 3993 1130 4078 hypocrisin,
1182 4004 1215 4058 et
1236 4014 1271 4059 se
1293 3994 1380 4078 loqui
1403 3993 1443 4060 de
1463 4015 1499 4060 re
1521 3997 1623 4079 probe
1643 3994 1772 4078 eognita
1800 4005 1833 4060 et
1862 4008 2046 4078 perspeote:
2078 3997 2149 4060 An·

158 4101 224 4165 quo
245 4101 281 4145 se
302 4080 347 4144 ita
369 4092 544 4146 exoaeaant
565 4079 715 4145 homines
744 4089 781 4143 ut
807 4077 913 4142 nolint
943 4089 1001 4144 aut
1023 4089 1129 4144 atten-
1180 4079 1261 4155 dini,
1292 4080 1411 4162 inquit,
1441 4081 1627 4146 etattendi:
1659 4079 1714 4145 aed
1741 4099 1803 4146 non
1831 4079 1998 4163 menneo
2023 4086 2148 4148 reatum.

159 4169 237 4233 dere
259 4165 300 4230 ed
323 4167 457 4231 verbum
479 4167 553 4246 Dei,
583 4175 641 4231 aut
661 4164 772 4230 oeulos
794 4167 922 4247 aperire
944 4163 987 4228 ad
1008 4166 1130 4230 alerem
1182 4164 1358 4249 Signifioat
1378 4164 1438 4231 boe
1460 4166 1561 4231 verbo
1583 4175 1710 4231 tentum
1733 4166 1846 4232 abesse
1868 4165 2008 4232 Iudaeos
2031 4187 2051 4232 a
2074 4188 2149 4233 vero

158 4252 275 4318 laoem.
317 4250 382 4317 Ubi
404 4253 506 4334 igitur
527 4253 575 4316 ite
596 4273 631 4317 se
653 4251 846 4334 demergunt
871 4250 1020 4315 bomines
1041 4263 1130 4317 oerta
1182 4258 1215 4314 et
1237 4251 1332 4333 pleno
1354 4251 1471 4316 effeotu
1498 4251 1731 4335 poenitentiae,
1764 4260 1801 4316 ut
1828 4272 1871 4315 ne
1892 4252 1995 4334 ipsam
2019 4251 2149 4335 quidem

160 4337 285 4402 melitis
305 4338 341 4401 in
364 4336 524 4419 tenebras,
549 4337 702 4403 dieantur
723 4335 949 4417 apprehendere
968 4336 1131 4418 frondem:
1181 4356 1237 4401 ore
1258 4337 1483 4418 profiteantur.
1527 4337 1637 4402 Minas
1659 4346 1710 4403 est
1731 4337 1826 4402 fateri
1853 4357 1914 4402 sua
1942 4338 2023 4402 vitie
2050 4357 2149 4421 quem

160 4421 434 4508 quemadmodum
464 4421 549 4487 Psal.
572 4423 613 4488 32
635 4423 682 4506 (a.
704 4421 738 4507 2)
767 4441 868 4504 quam
898 4421 1009 4486 David
1038 4443 1129 4504 pree·
1182 4441 1218 4485 ro
1250 4423 1322 4504 ipse
1350 4423 1527 4505 oorrigero:
1562 4422 1652 4506 etqui
1687 4422 1845 4506 propbeta
1878 4422 1956 4488 dioit
1989 4444 2030 4488 no
2063 4425 2149 4506 ipeos

161 4509 247 4574 dieat
276 4509 406 4574 beatum
437 4527 508 4573 esse
536 4508 708 4584 bominem,
738 4508 772 4571 in
802 4507 895 4573 ouius
917 4508 1032 4589 spiritu
1064 4527 1129 4572 non
1182 4505 1313 4588 quidem
1335 4506 1419 4590 loqui
1439 4508 1520 4590 qnod
1540 4513 1655 4574 reatum
1677 4515 1732 4574 est.
1777 4508 1865 4575 Hine
1887 4509 2035 4592 sequitur
2058 4511 2150 4574 mol·

160 4601 211 4660 est
240 4593 342 4673 dolus,
370 4615 435 4658 non
459 4593 573 4675 eooipit
595 4593 714 4670 dolum,
743 4603 781 4658 ut
802 4594 1019 4659 oommuoiter
1046 4594 1128 4658 sole·
1182 4601 1253 4656 tam
1275 4592 1387 4659 abesse
1408 4613 1428 4658 a
1449 4594 1533 4658 serio
1556 4595 1774 4676 poenitentiae
1803 4594 1928 4672 studio,
1958 4613 2059 4677 quom
2089 4595 2150 4659 lin·

161 4700 250 4744 mas:
279 4679 336 4744 sed
367 4680 483 4761 aeoipit
512 4699 569 4762 pro
598 4678 693 4743 eorde
720 4677 850 4761 duplioi.
896 4677 979 4743 Nam
1003 4678 1131 4743 dixerat
1183 4677 1255 4758 guis
1286 4681 1382 4743 etiam
1414 4680 1483 4744 suis
1515 4679 1560 4743 its
1592 4680 1811 4761 proterviant,
1852 4681 1902 4746 vel
1937 4681 2052 4746 saltem
2084 4700 2149 4745 non

162 4765 254 4849 prius
291 4765 402 4830 beatos
435 4785 520 4839 esse,
561 4763 679 4846 quibus
712 4764 848 4828 remisse
880 4775 958 4827 sunt
989 4774 1130 4845 peooata,
1182 4762 1355 4830 ostendant
1375 4765 1476 4829 ulium
1496 4764 1647 4830 tristitiae
1669 4767 1811 4848 signum.
1839 4766 1960 4830 Postea
1978 4765 2076 4844 addit,
2099 4785 2150 4830 ne·

161 4851 279 4933 quibus
308 4869 373 4914 non
401 4851 580 4932 imputatur
608 4849 778 4931 iniquiter:
813 4848 962 4932 adiungit
989 4851 1130 4930 explioa·
1182 4849 1295 4914 minem
1316 4870 1380 4918 esee
1396 4869 1486 4932 quem
1505 4851 1666 4934 poeninae,
1691 4851 1830 4916 dicendo.
1873 4851 1946 4917 Hoo
1967 4850 2150 4916 membrum

162 4937 260 5000 tionis
282 4955 389 5012 eausa,
412 4935 507 5000 modo
528 4956 595 5000 non
617 4935 661 4998 rit
679 4933 771 4998 dolus
789 4933 822 4998 in
841 4935 966 5016 spiritu.
999 4933 1130 5015 Quare?
1183 4936 1362 5017 expositive
1379 4933 1519 5012 additur,
1542 4937 1619 5018 quia
1632 4936 1753 5002 alerius
1768 4936 1969 5002 demonstret
1984 4936 2150 5016 Ieremias,

163 5041 239 5086 nam
256 5021 380 5102 profani
396 5021 544 5086 homines
560 5019 714 5085 videntur
731 5019 792 5084 sibi
810 5040 882 5084 esse
899 5020 1001 5085 beati:
1024 5041 1132 5103 neque
1182 5039 1232 5086 eae
1252 5040 1313 5086 non
1333 5021 1419 5102 loqui
1439 5027 1564 5102 reatum,
1586 5023 1733 5103 quoniam
1747 5043 1808 5089 non
1824 5023 1937 5102 disant,
1963 5021 2047 5103 Quia
2063 5022 2149 5102 feei?

162 5107 251 5172 enim
270 5107 415 5171 sentiunt
434 5125 526 5170 suam
545 5105 719 5182 miseriem,
741 5106 895 5186 quoniam
914 5106 1034 5172 obteoti
1051 5115 1131 5173 sunt
1183 5106 1295 5170 Primo
1317 5117 1424 5171 eutem
1455 5106 1549 5185 dioit,
1582 5108 1734 5172 nminem
1765 5128 1846 5183 esee,
1878 5127 1968 5189 quem
1997 5110 2151 5190 poenae

162 5192 460 5342 diffidit
498 5191 596 5342 ,ιιι
611 5189 1132 5359 ”ιιιι“ιίοριιιι“ιοέιι“ιιέ
1183 5190 1435 5359 miii*
1457 5191 2150 5360 iffl‘diffiihiiiimie'iiiiii-‘i

275 5327 282 5342 ·
1421 5326 1430 5358 ι

161 5364 307 5446 frondem
337 5361 586 5446 apprehendisse,
616 5363 671 5446 qai
699 5364 745 5428 ita
774 5372 851 5428 sunt
880 5362 1017 5428 involuti
1040 5371 1130 5428 tene·
1184 5371 1291 5427 vooet:
1325 5363 1401 5444 quia
1424 5363 1478 5429 obi
1500 5364 1605 5429 seouri
1628 5361 1814 5429 deridemus
1836 5364 1870 5428 in
1894 5364 1989 5430 malis
2018 5365 2151 5444 nostris,

1914 5465 1947 5518 1·
