5038 6118
149 424 193 490 29
869 425 918 493 IN
938 425 1184 492 lussutflstt.
1229 425 1327 492 csP.
1349 427 1413 492 IX.
2085 427 2127 492 30

150 613 360 698 oonqneritur
382 613 473 679 Deus
499 633 534 678 εε
560 633 621 680 aori
645 613 746 697 fuisse
771 613 926 697 oopuitum
953 611 1116 694 opopulo,
1168 620 1275 693 potest
1313 613 1414 696 eooipi
1446 633 1505 695 pro
1537 611 1786 690 obtrectatione,
1824 611 1921 677 siouti
1953 623 1986 678 ει
2017 615 2129 696 eapti

151 700 229 782 quia
250 699 374 764 soilioet
394 698 504 764 nullos
527 698 623 764 luerit
643 700 713 764 eius
735 699 843 763 timor.
886 697 1052 780 Sequitur,
1168 697 1312 763 diximus
1342 698 1404 764 hoo
1431 719 1502 764 esee
1532 697 1629 762 nimia
1651 698 1692 762 fri
1716 695 1814 762 'dum
1859 698 2035 780 Reponitur
2056 700 2129 780 qui·

1169 781 1243 846 dem
1269 783 1387 849 alieubi
1414 783 1450 848 in
1475 783 1536 848 hoo
1556 801 1666 861 sensu,
1692 717 1802 847 iievir.
1826 783 1866 848 19
1888 783 1931 866 (v.
1957 783 2024 869 lbl:
2051 783 2129 850 Non
2217 849 2218 854 ,

238 870 269 934 4.
292 867 337 933 Et
363 869 415 935 uir
443 890 463 933 a
491 869 571 934 sotio
598 890 653 936 auo
678 874 777 934 caveis
798 868 873 952 (boo
900 881 958 943 εει,
988 875 1116 933 ouvest:
1167 867 1299 934 inoedes
1327 868 1521 934 obtreotator
1542 868 1576 932 in
1598 867 1715 951 populo
1741 878 1814 932 tuo:
1843 867 1898 933 ubi
1919 868 1975 933 alii
1996 881 2131 934 vertunt

152 955 194 1020 ad
218 954 363 1031 verbum,
382 954 544 1020 eustodiat
564 975 608 1020 se.
643 953 767 1020 Oaveat
789 953 889 1036 igitur
907 953 968 1018 sibi
983 953 1117 1035 quisque
1168 973 1386 1019 susurronem.
1431 951 1496 1019 Sed
1524 952 1607 1018 milri
1635 952 1769 1019 dubium
1799 974 1864 1019 non
1888 966 1936 1020 est
1957 954 2036 1036 quin
2057 975 2129 1036 pro-

152 1063 173 1105 a
194 1039 305 1122 sooio),
333 1043 361 1104 et
386 1059 481 1122 super
506 1041 589 1105 omui
613 1039 715 1120 fratre
735 1037 789 1120 (ad
811 1037 960 1121 verbum)
989 1058 1028 1103 ue
1048 1057 1118 1102 eou-
1168 1037 1266 1120 pheta
1296 1040 1348 1105 hio
1375 1039 1566 1106 condemnet
1597 1037 1728 1103 fraudes
1750 1049 1783 1102 et
1804 1058 1974 1120 perversae
1994 1040 2129 1106 astutiae

148 1125 261 1208 fiduie
282 1122 355 1208 (boo
376 1137 434 1200 est,
457 1144 553 1190 nomo
574 1124 714 1190 oonfidat
737 1125 866 1207 proprio
888 1123 1012 1206 fretrilr
1042 1123 1117 1204 quia
1168 1122 1285 1205 quibus
1307 1124 1362 1188 alii
1385 1123 1465 1190 elios
1486 1122 1648 1188 fallebant.
1682 1123 1766 1187 Nam
1783 1108 1843 1191 bnt
1862 1123 2024 1206 signifieat
2045 1144 2129 1189 mor·

151 1211 255 1276 oruuia
274 1210 373 1291 freter
393 1210 621 1292 supplantando
641 1209 834 1293 supplantet,
856 1210 1001 1273 uomuts
1017 1209 1118 1274 eoouus
1169 1221 1320 1284 notorem,
1342 1221 1375 1274 et
1395 1209 1473 1292 quia
1489 1229 1585 1289 saepe
1604 1208 1726 1287 aoeidit,
1748 1220 1785 1273 ut
1799 1209 2016 1292 negotiatores
2031 1209 2129 1274 nimis

150 1295 369 1377 fraudulenter
389 1295 512 1362 inuadit.
1168 1295 1236 1358 sint
1264 1295 1346 1360 ratri
1375 1306 1409 1360 ει
1437 1294 1606 1360 eremitati
1628 1295 1661 1358 in
1683 1293 1778 1358 malis
1799 1295 1932 1370 artibus,
1960 1294 2033 1360 ideo
2056 1279 2128 1362 buu

1168 1378 1311 1446 Hebraei
1334 1385 1451 1446 vooent
1474 1380 1637 1443 hominem
1660 1377 1903 1445 fraudulentum
1924 1389 1957 1444 et
1978 1400 2128 1461 perverse

239 1465 312 1530 Hoe
333 1485 429 1529 versu
451 1463 604 1530 deseribit
624 1463 784 1546 propheta
805 1472 985 1527 extremam
1006 1463 1117 1545 populi
1169 1473 1324 1542 astutum,
1349 1466 1404 1547 qui
1426 1485 1559 1548 prorsus
1580 1463 1621 1527 ad
1643 1463 1819 1529 fallendum
1843 1464 1957 1529 tendit.
2001 1465 2046 1528 Et
2067 1464 2128 1530 hoo

152 1551 320 1615 malitiam.
377 1549 450 1614 Iltei
482 1551 568 1614 enim
601 1549 766 1613 interdum
797 1558 987 1631 grassantur
1019 1548 1117 1630 furta,
1168 1547 1237 1613 looo
1265 1549 1413 1615 videmus
1443 1561 1530 1615 stare
1551 1549 1640 1614 huno
1661 1569 1801 1626 sensum,
1831 1549 1913 1632 quod
1933 1549 2054 1614 eoilieet
2073 1549 2128 1615 ulii

151 1636 331 1714 latrooinia‚
353 1632 492 1717 fraudes,
510 1634 632 1712 eaedes,
647 1633 798 1716 periuria,
816 1632 984 1698 venefieia:
1007 1643 1116 1697 tumen
1168 1633 1248 1699 elios
1277 1635 1538 1700 oiroumveniant.
1589 1633 1685 1698 Dixit
1714 1633 1800 1698 enim
1827 1636 1987 1718 propheta
2014 1634 2128 1700 stultos

153 1722 271 1802 aliquis
299 1733 409 1784 manet
431 1729 597 1802 respeotus
618 1718 794 1800 sanguinis.
838 1717 911 1784 Hoo
933 1716 1019 1781 enim
1041 1738 1116 1800 pro·
1169 1739 1256 1800 esse,
1288 1721 1343 1801 qui
1372 1719 1523 1785 fratribus
1551 1719 1716 1784 oonfidant
1745 1728 1803 1782 aut
1829 1720 1939 1785 sooiisr
1971 1721 2128 1786 rationem

153 1805 316 1888 digiosum
346 1814 406 1882 ast,
436 1803 556 1870 aboleri
583 1825 696 1870 omnes
721 1803 864 1868 effeetus.
909 1802 1018 1883 Quum
1040 1822 1117 1886 ergo
1168 1804 1327 1888 adiungit,
1356 1805 1432 1885 quio
1450 1805 1567 1886 fratrea
1587 1805 1647 1869 olii
1668 1803 1751 1869 alios
1769 1805 1978 1887 supplantant,
2004 1810 2033 1869 et
2053 1805 2129 1871 aooii

152 1893 252 1955 etiam
270 1893 304 1954 iu
321 1888 506 1955 hominibus
522 1888 655 1972 perditis
673 1901 824 1954 maneant
838 1887 965 1969 aliquae
978 1901 1117 1970 etorgee,
1168 1889 1312 1955 erodunt
1330 1889 1552 1970 fraudulenter.
1598 1888 1762 1972 Sequitur,

152 1987 191 2040 ut
221 1975 399 2058 loquuntur
425 1975 615 2059 philosophi,
646 1974 795 2056 sequitur
814 1973 963 2038 homines
985 1992 1118 2054 prorsus

153 2062 366 2144 degenerasse
392 2081 411 2125 u
438 2069 571 2139 natura,
604 2071 637 2124 ει
669 2077 843 2124 eonversos
871 2079 941 2123 esse
970 2058 1003 2121 in
1033 2059 1118 2122 ferae
1253 2060 1284 2124 5.
1307 2059 1351 2126 ut
1371 2060 1421 2124 vir
1436 2058 1581 2140 proximo
1601 2079 1658 2124 auo
1678 2058 1793 2145 (sooio)
1813 2059 1958 2124 mmtitur
1978 2059 2052 2144 (hoo
2069 2070 2128 2138 εει,

151 2147 290 2225 bestiae,
329 2145 384 2210 ubi
421 2146 497 2210 telis
536 2156 653 2228 regnat
692 2144 843 2227 astorgia.
895 2141 986 2207 Haeo
1018 2141 1119 2224 igitur
1169 2146 1318 2229 quiaque:
1340 2165 1416 2208 nam
1434 2159 1497 2212 titt
1518 2144 1648 2225 ponitur
1668 2142 1837 2209 indefinite
1859 2144 1945 2226 apud
1961 2144 2130 2210 Hebraeos

151 2251 281 2295 summa
312 2241 371 2295 est.
424 2230 515 2294 Idem
548 2229 615 2294 fere
647 2230 768 2313 legitur
801 2229 829 2293 Ἰ.
850 2248 918 2311 oap.
950 2226 1118 2292 Miehaeae
1169 2251 1227 2312 pro
1250 2239 1326 2295 nota
1346 2226 1533 2294 universali.
1567 2229 1712 2311 Quisque
1734 2249 1811 2313 ergo
1832 2231 2014 2311 proximum
2033 2251 2126 2295 suum

152 2316 236 2402 (ub
257 2314 328 2401 sq),
350 2335 544 2398 quamquam
567 2316 647 2380 baeo
669 2317 831 2380 sententia
852 2313 955 2378 lueius
977 2312 1043 2377 illio
1060 2334 1118 2376 ex·
1169 2315 1389 2391 oiroumvenit,
1418 2334 1535 2396 nempe
1562 2313 1744 2382 meudaoio:
1775 2335 1851 2380 nam
1873 2301 1939 2382 bun
1967 2314 2130 2397 signifieat

154 2402 311 2484 plioatur:
340 2401 487 2482 adiungit
508 2400 594 2464 euim
616 2400 781 2483 propheta,
807 2399 859 2464 Ab
882 2419 920 2462 ea
941 2418 1023 2479 quae
1044 2398 1118 2463 dor·
1170 2398 1312 2484 mentiri)
1333 2405 1361 2464 et
1381 2401 1536 2466 vestutate
1556 2418 1618 2467 uon
1637 2398 1790 2480 loquitur:
1814 2401 1981 2465 deuterum
2003 2400 2129 2484 liupana

155 2487 218 2550 mit
245 2486 281 2550 in
310 2486 385 2551 sinu
414 2497 470 2550 tuo
497 2485 661 2551 eustodiae
681 2485 822 2550 elaustro
843 2483 908 2547 oris
930 2483 990 2547 tui.
1033 2482 1118 2548 Nam
1168 2505 1245 2552 auos
1266 2486 1352 2566 ioqui
1372 2486 1566 2552 mendatium
1603 2485 1662 2550 boo
1684 2497 1743 2564 est,
1766 2485 1896 2570 linguas
1916 2505 1992 2550 suas
2009 2486 2127 2550 forma·

155 2571 244 2638 filius
272 2569 445 2636 insidiatur
473 2572 567 2652 patri,
595 2583 628 2635 ει
648 2570 716 2636 filia
737 2579 846 2651 aaptat
867 2581 1003 2632 matrem
1025 2588 1117 2632 suam
1170 2580 1247 2634 runt
1267 2571 1307 2634 ad
1330 2570 1518 2655 mendaoia),
1640 2590 1729 2653 opere
1748 2570 1875 2655 suiipub
1890 2574 1962 2636 euru
1979 2569 2054 2654 (boo
2069 2577 2128 2650 eet,

156 2657 198 2721 ad
221 2665 374 2721 mortem:
397 2669 429 2720 et
451 2656 574 2722 inimioi
596 2655 759 2738 praeeipui
781 2653 930 2728 hominis,
953 2652 1119 2718 domestioi
1169 2655 1254 2720 male
1275 2655 1400 2739 egendo
1422 2654 1619 2740 fatigantur).

155 2743 236 2806 eius.
270 2741 478 2808 Conveniunt
499 2761 534 2805 ar
557 2761 576 2804 o
597 2741 683 2805 inter
705 2761 739 2804 ee
757 2739 820 2803 duo
836 2736 1019 2820 prophetae,
1041 2735 1119 2802 dum

156 2825 335 2892 ostendunt
361 2826 440 2889 nihil
464 2762 603 2908 ampiius
623 2825 783 2906 reliquum
805 2844 876 2890 esse
897 2823 1118 2902 humanitatis,
1254 2825 1468 2907 Prosequitur
1490 2823 1626 2890 eandem
1644 2825 1840 2890 sententiam
1858 2823 2027 2890 Ieremias:
2050 2823 2128 2890 dioit

156 2911 233 2994 quia
254 2910 343 2975 filius
366 2910 485 2976 oblitus
507 2909 605 2976 olfioii
622 2911 672 2976 sui
692 2911 841 2992 insurgat
855 2917 969 2974 oontm
983 2919 1118 2991 putrem,
1169 2910 1249 2976 adeo
1271 2910 1403 2994 periisse
1424 2908 1521 2974 fidem
1542 2908 1627 2992 apud
1648 2908 1796 2985 Iudaeos,
1819 2918 1855 2972 ut
1872 2909 2005 2990 quisque
2020 2909 2127 2990 proxi-

156 3010 190 3062 st
212 2997 346 3078 quiaque
367 2995 510 3078 perfidus
530 2997 573 3061 sit
593 3016 672 3079 erga
693 2996 825 3077 sooium,
847 3007 880 3058 et
902 2994 1004 3058 irater
1021 2994 1118 3057 etiam
1170 3017 1259 3060 mum
1290 3016 1383 3061 suum
1412 2994 1525 3059 fallere
1550 3003 1693 3058 mustus.
1741 2993 1827 3059 Hine
1855 2993 2001 3075 sequitur
2028 2993 2128 3060 inisse

154 3083 249 3147 {ratri
278 3101 433 3164 germano
461 3101 526 3146 non
554 3092 676 3164 pareat.
727 3080 785 3144 Vir
805 3100 883 3164 ergo
905 3079 1056 3144 aaudiat
1075 3097 1119 3143 εε.
1170 3081 1276 3146 omnis
1304 3078 1437 3163 pudoris
1465 3079 1591 3144 oblitos.
1634 3078 1718 3145 Num
1747 3076 1861 3144 saltem
1888 3089 1999 3144 manet
2020 3077 2128 3162 eliqua

154 3167 222 3231 Hio
243 3187 309 3232 non
327 3178 376 3231 eet
393 3165 579 3244 admonitio,
603 3167 693 3248 qussi
710 3165 870 3248 propbeta
884 3163 1007 3228 hortari
1023 3162 1120 3228 vellet
1170 3165 1366 3232 vererundia
1397 3165 1432 3229 in
1465 3162 1667 3241 hominibus,
1700 3164 1755 3230 ubi
1782 3163 1949 3247 negotium
1979 3169 2029 3229 eet
2054 3183 2128 3230 oum

154 3251 303 3316 homines
325 3250 366 3315 ad
387 3248 577 3331 eavendum,
598 3251 655 3316 sed
677 3249 867 3331 simplieiter
886 3248 1027 3313 ostendit
1046 3248 1119 3312 nul·
1169 3249 1382 3316 familiaribus
1410 3249 1531 3315 amieis.
1575 3248 1732 3329 Quamvis
1760 3248 1848 3314 enim
1878 3249 1967 3314 luero
1995 3269 2128 3330 prorsus

154 3337 222 3401 lam
252 3355 345 3417 posse
373 3335 472 3400 fidem
498 3335 648 3419 reperiri,
681 3335 831 3418 quoniam
864 3334 1000 3416 quisque
1032 3333 1118 3399 sooio
1169 3335 1235 3402 sint
1269 3334 1401 3413 addioti,
1434 3342 1467 3399 et
1495 3333 1673 3401 meudaoiis
1699 3333 1906 3416 indulgeant:
1939 3343 2048 3398 tamen
2074 3333 2127 3398 ubi

155 3443 216 3487 suo
247 3421 291 3484 eit
322 3420 479 3502 perfidus,
519 3433 551 3486 et
582 3419 792 3504 foedifragus,
825 3429 858 3484 et
889 3419 988 3484 irater
1020 3419 1118 3483 etiam
1169 3430 1303 3487 ventum
1325 3434 1375 3486 εει
1395 3419 1436 3485 ad
1458 3419 1569 3500 eooios,
1598 3419 1740 3485 retinent
1761 3418 1900 3501 aliquam
1922 3417 2126 3500 aequitatem,

155 3507 311 3573 seelerate
333 3514 410 3590 aget
431 3515 545 3573 eontra
563 3505 698 3570 fratrem
720 3524 827 3570 suum.
860 3503 949 3569 Hino
970 3503 1119 3585 sequitur
1168 3519 1202 3572 et
1231 3505 1333 3589 pudor
1365 3504 1480 3570 saltem
1512 3504 1640 3570 eobibet
1670 3505 1812 3588 ipsorum
1846 3505 2011 3568 malitiam.
2061 3502 2127 3570 Ubi

156 3592 282 3657 treduoi
316 3591 455 3657 Iudaeos
495 3593 586 3674 quasi
618 3601 769 3675 portenta
799 3599 946 3655 naturae.
999 3588 1119 3654 Merito
1167 3601 1277 3658 autem
1298 3591 1425 3655 nullum
1447 3598 1497 3654 est
1518 3590 1692 3656 disorimeu
1712 3589 1796 3655 inter
1817 3591 1921 3656 eooios
1941 3599 1974 3653 et
1995 3587 2126 3666 alienos,

156 3678 245 3742 enim
260 3677 465 3742 detestabiles
479 3686 557 3742 sunt
571 3678 753 3759 quiounque
768 3676 814 3739 ita
827 3673 1118 3740 reiioiuntomnsm
1169 3677 1315 3761 sequitur
1344 3675 1500 3740 belluim
1528 3695 1659 3756 prorsus
1683 3695 1753 3740 esse
1774 3695 1889 3739 morse.
1933 3673 2006 3739 Hoo
2027 3673 2127 3756 signi·

155 3781 269 3828 euram
299 3762 421 3845 proprii
450 3762 629 3847 sanguinis,
660 3775 692 3826 et
721 3761 778 3843 qui
807 3758 938 3825 abolent
959 3769 1117 3841 quantum
1167 3763 1243 3828 fioat
1271 3761 1444 3844 propheta:
1478 3769 1510 3823 et
1537 3758 1627 3824 addit
1651 3759 1737 3840 ipsos
1764 3779 1827 3825 uon
1855 3759 1940 3840 ioqui
1960 3758 2127 3824 εενίιαιεεε.

155 3848 192 3911 in
225 3867 261 3912 εε
293 3857 345 3912 εει
376 3866 506 3912 omnem
542 3846 752 3912 humanitatis
784 3856 974 3927 respeotum.
1028 3843 1119 3909 Dioit
1168 3847 1264 3913 Nuuo
1296 3846 1485 3928 pronuntiat
1517 3845 1687 3910 mondaoes
1720 3865 1790 3909 esse
1822 3865 1886 3909 nou
1918 3844 1953 3907 in
1983 3864 2047 3908 uno
2075 3843 2127 3909 vel

156 3937 276 3998 mutuos
306 3931 423 4012 {rause
453 3931 682 4015 erqpleuoudo
713 3930 926 4012 appiam,
967 3927 1027 3994 hoo
1058 3938 1117 4010 est,
1168 3931 1268 3997 altero
1298 3930 1436 4014 negotio,
1468 3929 1525 3996 aed
1552 3930 1630 3997 dioit
1651 3931 1685 3994 iu
1708 3935 1778 3993 totu
1798 3929 1866 3993 vita
1887 3949 1958 3993 esse
1978 3927 2127 4010 perfidos,

159 4017 314 4082 versutiis
335 4016 455 4095 fullero,
478 4029 512 4082 ει
532 4017 767 4082 oiroumvenire
784 4017 901 4080 tratres
916 4035 1002 4079 euos.
1036 4013 1117 4078 Ver·
1169 4026 1201 4082 et
1229 4016 1386 4081 lallaoiter
1414 4035 1541 4097 semper
1568 4035 1674 4098 agere.
1725 4013 1798 4077 Non
1828 4012 1922 4077 debet
1948 4013 2047 4096 igitur
2077 4033 2128 4078 re·

158 4101 235 4167 bum
258 4100 319 4166 hoo
332 4112 394 4190 npy
409 4101 664 4186 metaphorioum
686 4113 749 4166 est:
773 4099 941 4166 deducitur
957 4118 977 4162 a
994 4098 1117 4181 planta,
1168 4102 1287 4185 stringi
1307 4100 1370 4167 hoo
1390 4099 1570 4165 membrum
1592 4100 1633 4165 ad
1655 4109 1759 4166 sertae
1781 4096 1905 4181 aliquas
1925 4109 1958 4162 ει
1973 4097 2127 4182 epeoialee

160 4187 212 4252 val
241 4207 261 4250 a
289 4185 374 4251 salos
403 4186 503 4270 pedis,
532 4197 564 4253 ει
585 4186 745 4270 signifieat
762 4184 972 4270 olandeetinis
995 4184 1118 4249 artibus
1168 4187 1308 4266 fraudes,
1339 4184 1395 4251 sod
1425 4185 1557 4267 perinde
1578 4195 1628 4251 ost
1649 4204 1686 4250 ao
1706 4184 1735 4248 si
1757 4182 1876 4249 dioeret
1897 4183 1983 4264 ipsos
2004 4182 2128 4248 neeoire

158 4355 653 4422 ..a
672 4282 1010 4336 a...
1029 4270 1118 4418 n

159 4462 233 4506 mue
265 4461 333 4524 oap.
363 4441 392 4506 6.
446 4441 532 4506 Nam
571 4441 637 4508 illie
675 4443 773 4506 etiam
810 4440 950 4506 vidimus
981 4440 1117 4505 eandem
1168 4442 1311 4518 lallaoiis,
1334 4461 1394 4506 neo
1415 4441 1516 4521 possit
1536 4441 1625 4507 exire
1647 4439 1716 4505 ulla
1736 4439 1855 4503 veritas
1876 4439 1917 4504 ab
1934 4459 2045 4504 eorum
2060 4458 2127 4504 ore.

159 4527 409 4609 querimoniam:
432 4537 464 4591 et
486 4536 563 4592 tuno
581 4526 737 4609 propheta
754 4525 879 4592 dioebut
892 4525 1030 4591 ludaeos
1048 4545 1118 4591 esee
1168 4529 1214 4593 Et
1244 4526 1356 4593 eodem
1385 4546 1481 4590 sensu
1510 4524 1588 4590 dioit
1614 4525 1699 4606 ipsos
1726 4523 1865 4590 docuisse
1895 4522 2022 4606 liupuee
2050 4543 2127 4588 suos

160 4613 281 4678 similes
302 4612 370 4676 ueri
392 4620 425 4674 et
446 4612 541 4688 forro,
563 4609 645 4693 quod
664 4611 784 4677 soilioet
801 4631 933 4693 prorsus
950 4610 1116 4675 obduruis-
1167 4613 1250 4694 lopui
1270 4611 1470 4678 ειεεᾶαείεει.
1504 4610 1565 4675 blst
1585 4611 1687 4675 maior
1709 4609 1873 4691 expressio
1887 4609 1922 4673 in
1937 4607 1989 4675 hia
2003 4608 2126 4674 verbis:

160 4705 234 4761 sent
250 4696 291 4761 ad
305 4717 433 4762 omnem
449 4697 627 4763 saevitiam.
660 4697 823 4779 Loquutio
839 4695 918 4762 haee
933 4697 1118 4777 frequenter
1168 4718 1245 4763 nam
1276 4695 1431 4779 intelligit
1459 4714 1529 4760 esee
1554 4695 1729 4760 industrios
1758 4695 1798 4758 ad
1826 4692 2019 4772 fallendum,
2053 4692 2127 4773 quia

160 4783 308 4860 ooourrit,
327 4781 385 4847 ubi
399 4781 607 4866 ooniungitur
620 4779 680 4846 hoc
694 4802 813 4848 nomen
831 4767 912 4862 btn't,
929 4801 1002 4846 oum
1019 4779 1118 4847 verbo
1170 4783 1266 4866 longo
1284 4803 1345 4847 ueu
1366 4780 1495 4862 linguae
1516 4799 1592 4846 suas
1613 4779 1833 4845 formaverint.
1877 4779 2009 4862 Lingua
2030 4777 2123 4842 debet

160 4851 238 4953 qbn:
270 4875 304 4931 ει
330 4867 386 4950 qui
416 4867 548 4950 linguae
580 4876 655 4932 sunt
683 4866 871 4949 peritissimi
899 4866 1012 4932 diount
1039 4885 1118 4930 nus
1169 4888 1239 4933 esee
1266 4867 1433 4932 ohareetsr
1461 4866 1589 4949 mentis,
1618 4875 1655 4931 ut
1679 4863 1784 4931 veteri
1811 4862 1980 4948 proverbio
2002 4861 2125 4927 dietum

161 4970 257 5034 quam
286 4951 426 5016 inveniri
453 4954 487 5016 in
517 4963 584 5016 tota
611 4951 772 5034 seriptura
799 4953 860 5018 hoo
884 4972 1010 5031 nomen,
1039 4952 1118 5033 quin
1169 4965 1226 5018 est.
1282 4951 1446 5032 Quorsum
1486 4951 1574 5016 enim
1606 4959 1714 5016 ereata
1746 4960 1795 5014 est
1827 4949 1953 5032 lingua,
1992 4946 2057 5012 nisi
2088 4957 2126 5012 ut

158 5039 313 5121 iungatur
345 5039 443 5102 verbo
476 5038 633 5103 insedere.
687 5035 767 5102 Inde
799 5036 956 5120 eolligunt
994 5034 1119 5117 aliquid
1169 5039 1302 5120 quisque
1334 5055 1408 5102 oum
1434 5035 1507 5101 aliie
1535 5033 1771 5102 eommunioet?
1805 5055 1881 5099 nam
1913 5031 2125 5115 eogitationes

159 5121 322 5206 peouliare
344 5123 458 5198 notari,
480 5122 564 5205 quod
586 5122 707 5188 soilioet
728 5121 784 5186 rel
804 5121 935 5200 relator,
959 5121 1011 5187 vel
1032 5123 1119 5186 frau-
1169 5132 1246 5188 eunt
1275 5120 1433 5188 oooultae:
1461 5121 1620 5204 prodeunt
1647 5131 1754 5185 autem
1779 5119 1813 5183 in
1834 5117 1977 5182 medium
1999 5119 2054 5183 ubi
2076 5116 2123 5181 lo·

161 5206 312 5272 dolentur
342 5206 517 5272 oiroumeat
537 5220 570 5272 ot
591 5209 727 5287 oberret,
755 5216 788 5270 ει
810 5216 847 5270 ut
867 5207 1008 5288 reperiat
1028 5226 1118 5273 oooe·
1170 5207 1299 5290 quimur
1330 5205 1383 5271 alii
1416 5226 1490 5272 eum
1519 5206 1599 5272 aliis.
1647 5205 1736 5270 Dioit
1763 5205 1775 5268 i
1801 5205 1865 5266 'tur
1892 5202 2050 5284 propheta
2075 5203 2124 5267 in·

161 5293 283 5356 sionem
306 5288 474 5358 fraudandi
496 5293 629 5358 cursitet
651 5294 715 5358 huo
737 5303 833 5376 atque
853 5291 940 5358 illue.
972 5293 1037 5358 Hie
1054 5314 1118 5358 non
1169 5312 1300 5359 vorsum
1322 5290 1420 5357 luisse
1441 5290 1565 5357 abillis
1587 5301 1755 5356 naturaeo
1795 5289 1889 5365 inem,
1911 5289 1988 5370 quio
2002 5289 2126 5372 liupues
