5134 6124
206 431 268 496 221
923 425 972 491 IN
995 424 1246 492 leuamen.
1291 424 1392 492 OAP.
1413 425 1490 490 XV.
2144 433 2208 500 222

208 619 293 686 terre
316 616 401 700 quod
424 616 516 682 Deus
538 615 627 682 solus
650 623 727 681 ente
749 613 882 694 solebat,
912 631 1030 696 nempe
1052 617 1090 678 ut
1112 613 1182 677 alli·
1235 612 1401 692 Ieremias,
1430 621 1580 679 uteretur
1603 615 1701 680 etiam
1724 615 1864 682 diversis
1894 616 2024 683 formis:
2055 623 2207 702 quoniam

208 711 297 772 aeret
319 723 374 769 eos
401 703 430 767 si
457 701 572 767 inisset
599 700 710 784 aliqua
736 720 810 783 spes
841 699 1092 780 resipisoentiae.
1136 698 1183 762 Et
1235 698 1349 763 eadem
1381 718 1517 781 prorsus
1550 706 1601 764 est
1632 700 1797 784 syntaxis,
1831 722 1896 767 non
1925 703 2020 770 video
2049 708 2208 788 quomodo

208 791 280 855 ideo
301 788 401 854 etiam
418 785 587 854 subiicitur
609 787 691 853 haee
709 784 772 851 Dei
794 784 984 868 promissio:
1007 804 1082 848 nam
1105 783 1182 850 inde
1236 802 1354 848 nomen
1388 783 1450 850 hoa
1479 785 1581 866 possit
1609 786 1709 868 aeoipi
1738 807 1797 869 pro
1825 787 1946 855 finibus
1973 801 2091 858 terrae.
2134 793 2208 877 Ego

209 875 353 959 oportuit
373 872 513 939 Iudaeos
542 873 668 950 terreri,
699 891 799 954 quum
824 868 974 936 viderent
1002 870 1182 952 prophetae
1235 869 1337 954 igitur
1367 870 1588 952 metaphorioe
1620 873 1761 954 positum
1791 873 1931 938 arbitror
1958 895 2018 957 pro
2047 878 2207 945 oonsiliis:

208 961 335 1029 exitum
356 959 455 1025 talem
483 959 628 1043 promitti
651 978 671 1023 a
692 956 773 1023 Deo.
818 955 904 1020 Nom
933 954 1011 1038 quid
1038 954 1105 1020 illis
1128 973 1181 1020 ae·
1235 957 1329 1037 quasi
1351 954 1482 1034 diaeret,
1504 966 1636 1038 propter
1659 957 1769 1022 omnia
1790 964 1847 1024 tua
1868 960 1998 1038 seelera,
2022 973 2056 1028 et
2072 972 2208 1047 propter

209 1047 316 1116 uidere
338 1046 452 1129 potuit,
482 1045 546 1111 nisi
576 1048 615 1109 ιιι
644 1043 806 1108 sentirent
827 1041 890 1108 Dei
920 1040 1181 1106 maledietionem
1235 1061 1349 1106 omnes
1370 1043 1453 1106 fines
1475 1049 1557 1120 tuos,
1579 1041 1690 1118 idest,
1712 1051 1845 1127 propter
1860 1047 1970 1111 omnia
1987 1051 2044 1112 ιιιι
2062 1049 2205 1130 oonsilio,

208 1134 250 1201 ad
280 1141 466 1198 extremam
499 1128 626 1212 usque?
660 1127 818 1193 Videmus
847 1146 926 1212 ergo
953 1127 986 1191 in
1018 1125 1080 1190 hao
1108 1145 1181 1208 pro·
1234 1145 1286 1210 epo
1314 1147 1431 1208 ponam
1464 1126 1626 1195 thesauros
1657 1133 1726 1194 taos
1764 1133 1792 1194 at
1823 1149 1894 1212 opes
1926 1131 1962 1196 in
1994 1132 2205 1215 direptiones.

231 1218 327 1284 hetae
349 1217 566 1300 querimonia,
594 1221 628 1280 et
649 1215 684 1278 in
707 1213 771 1278 Dei
799 1232 964 1296 responso,
993 1210 1181 1276 oonsultum
1235 1210 1320 1277 Nam
1351 1232 1465 1278 verum
1498 1221 1547 1278 est
1575 1212 1656 1278 illud
1683 1211 1811 1296 profani
1839 1224 1963 1297 poetae,
1994 1218 2056 1284 Est
2083 1220 2206 1304 aliquid

209 1241 309 1372 dhisse
331 1301 443 1386 populi
463 1302 580 1368 saluti:
610 1299 687 1384 quia
709 1299 913 1382 querimonia
934 1297 1014 1364 haee
1037 1296 1182 1362 eontinet
1235 1318 1300 1380 quo
1330 1297 1445 1378 tendis,
1475 1305 1508 1362 et
1537 1299 1570 1362 in
1600 1298 1686 1380 quod
1719 1298 1833 1384 dirigis
1865 1300 2028 1388 areum¹):
2061 1306 2204 1388 quando·

209 1389 438 1476 gravissimam
471 1385 747 1472 obiurgationem:
782 1403 972 1467 responsum
1005 1402 1084 1447 vero
1118 1380 1181 1445 Dei
1233 1384 1366 1467 quidem
1388 1383 1442 1449 ubi
1465 1382 1587 1465 aliquid
1610 1385 1807 1467 sasoipimus
1833 1387 1966 1469 negotii,
1994 1391 2205 1472 proponimus

208 1477 356 1541 minatur
377 1473 599 1540 tristissimum
622 1470 792 1536 interitum
814 1468 933 1552 populo
955 1466 1078 1534 rebelli.
1123 1466 1181 1532 Se·
1235 1469 1328 1536 nobis
1356 1479 1481 1536 eertum
1510 1471 1619 1534 finem.
1665 1468 1798 1536 Scelere
1826 1469 1927 1556 igitur
1955 1475 2101 1540 nominet
2129 1497 2204 1558 pro·

208 1561 329 1645 quitur,
1233 1555 1334 1638 phata
1356 1565 1423 1620 tam
1445 1554 1608 1620 adulteria
1629 1575 1728 1636 quam
1758 1557 1898 1636 lmudes,
1927 1560 2058 1641 rapinas
2081 1570 2113 1627 et
2135 1563 2204 1628 vio·

1233 1641 1367 1718 lentias,
1400 1649 1433 1705 et
1465 1639 1578 1707 oaedes
1612 1648 1645 1705 ot
1677 1642 1837 1708 eiusmodi
1869 1644 2008 1710 seelera:
2045 1648 2204 1714 terminos

297 1731 347 1796 12.
378 1731 432 1794 Aa
453 1733 584 1794 aestuet
605 1727 740 1810 ferrara,
766 1725 889 1806 sarum
910 1724 950 1790 ab
971 1723 1125 1808 aquilam,
1154 1725 1181 1788 et
1233 1736 1341 1792 autem
1365 1732 1459 1792 vooat
1481 1724 1626 1805 eonsilia,
1647 1746 1730 1809 quae
1751 1735 1858 1794 astute
1875 1730 2058 1812 oaptabant.
2082 1733 2116 1798 in
2135 1734 2205 1817 qui-

207 1835 261 1882 aes
283 1817 349 1902 (vel
372 1812 581 1899 ohalybem)l
1234 1811 1293 1877 bus
1324 1832 1389 1877 non
1418 1821 1485 1876 tam
1517 1813 1689 1894 parspioua
1720 1822 1793 1880 erat
1824 1813 1953 1880 illorum
1986 1818 2134 1899 pravitas
2167 1838 2205 1884 ao

508 1903 511 1909 '
1232 1897 1411 1980 turpitudo.
1455 1897 1567 1962 Primo
1589 1897 1690 1982 igitur
1711 1897 1891 1980 denuntiat,
1913 1900 2023 1966 Deum
2045 1904 2114 1968 fore
2136 1905 2203 1971 ius·

293 1986 420 2054 Versus
442 1986 542 2051 etiam
563 1984 618 2049 hio
640 2003 704 2049 non
735 2003 801 2048 uno
829 1981 925 2046 modo
954 1981 1112 2063 aoeipitur
1140 1980 1181 2045 ab
1233 1993 1304 2048 tum
1326 1983 1487 2049 vindiaem
1510 1982 1669 2049 adversus
1698 1982 1830 2064 seelera,
1859 1995 1891 2050 et
1913 1985 2069 2055 adversus
2090 2009 2205 2056 omnes

208 2072 460 2156 interpretibus:
482 2070 614 2154 quidam
630 2069 718 2134 enim
733 2067 958 2150 nemausam,
981 2067 1067 2149 qaod
1090 2086 1179 2150 repe·
1233 2071 1324 2148 tinea,
1354 2090 1433 2152 quos
1455 2069 1518 2152 ipsi
1540 2067 1654 2135 Iudaei
1682 2070 1744 2136 sibi
1766 2083 2022 2153 proposuerant:
2050 2090 2083 2139 et
2105 2074 2202 2141 simul

207 2159 297 2237 titur,
321 2159 356 2224 in
379 2156 508 2224 diverso
528 2175 604 2222 easu
621 2153 801 2236 aoaipiunt:
823 2153 879 2218 An
895 2153 1017 2218 terrum
1034 2160 1181 2218 eonteret
1233 2153 1434 2220 demonstrat
1455 2155 1508 2221 vel
1531 2154 1682 2238 designat
1702 2175 1825 2237 poenae
1849 2158 2005 2240 speeiem:
2035 2160 2120 2242 quod
2142 2163 2204 2228 eoi·

207 2245 334 2344 sermm
339 2243 362 2345 ι.
378 2243 433 2308 alii
455 2249 564 2308 autem
586 2249 706 2340 putant
727 2240 839 2305 deesse
856 2237 1039 2304 subieotum
1062 2239 1097 2302 in
1118 2236 1179 2303 hae
1231 2240 1309 2307 lieet
1330 2239 1598 2340 Dominusfldabit
1624 2241 1659 2304 ia
1681 2241 1838 2322 praedam
1858 2261 1963 2340 emeres
1983 2243 2110 2310 idaeam
2132 2265 2205 2328 opes

207 2324 1102 2491 tttttlttttttttd'ttittttt’tter?
1118 2321 1180 2475 lt:
1232 2325 1928 2496 tntttttf’tttttt‘tttt
1955 2327 2203 2498 tritt:

206 2499 302 2566 modo
323 2499 458 2578 ferrum,
483 2497 541 2564 sed
563 2499 661 2563 etiam
683 2496 866 2581 ohalybem,
888 2493 939 2560 vel
961 2513 1016 2560 aes
1038 2495 1178 2560 mixtum
1232 2506 1270 2562 at
1291 2517 1386 2562 nemo
1404 2497 1559 2581 dignetur
1580 2516 1635 2563 eos
1657 2497 1803 2564 mereari.
1838 2496 1905 2564 Sed
1927 2498 2009 2564 illud
2032 2511 2082 2566 est
2103 2503 2202 2568 nimis

205 2583 313 2652 terro?
357 2585 398 2649 In
427 2585 557 2666 reipsa
577 2582 669 2650 nulla
691 2591 741 2648 est
764 2581 949 2660 diversitas,
971 2579 1028 2646 ead
1051 2587 1178 2646 tentum
1233 2591 1397 2667 argutum.
1448 2583 1522 2648 Non
1552 2581 1664 2648 dubito
1695 2584 1796 2668 igitur
1826 2583 1905 2665 quin
1936 2585 2101 2669 signifieat
2128 2607 2202 2670 pro·

205 2671 242 2738 in
264 2670 383 2738 verbis.
428 2669 466 2736 si
488 2669 535 2734 ita
556 2668 705 2752 legimus,
727 2667 782 2732 An
803 2667 927 2732 terrum
950 2674 1096 2732 oonteret
1116 2667 1180 2731 tar·
1231 2667 1340 2750 pheta,
1363 2671 1544 2750 expositum
1567 2668 1636 2732 tore
1657 2667 1805 2734 hostibus
1828 2670 1860 2732 in
1877 2671 2030 2752 praedam
2046 2671 2202 2758 quidquid

205 2777 279 2822 rum
302 2756 343 2822 ab
358 2755 518 2839 aquilone,
539 2774 656 2820 sensus
671 2753 743 2834 erit,
766 2750 926 2834 Quamvis
949 2770 1069 2836 magna
1086 2752 1129 2816 sit
1143 2751 1177 2816 in
1230 2753 1442 2839 possidebant
1466 2753 1590 2835 Iudaei,
1619 2753 1666 2817 ita
1694 2761 1730 2819 nt
1756 2754 1797 2819 ab
1826 2755 1908 2835 ipsis
1941 2755 2101 2823 alienetur
2131 2759 2203 2822 sine

206 2841 300 2908 vobis
326 2841 472 2919 durities,
501 2840 664 2924 poteritne
686 2845 854 2904 oonterere
883 2836 983 2921 illam,
1013 2857 1095 2919 quae
1118 2837 1180 2902 erit
1231 2840 1340 2920 aliquo
1355 2838 1468 2922 pretio,
1486 2837 1541 2903 vel
1559 2839 1815 2920 permutatione:
1837 2839 1930 2922 quasi
1946 2838 2077 2922 diaeret,
2099 2843 2202 2926 gratie

204 2929 240 2992 in
262 2925 434 3012 Assyriis?
463 2946 569 3010 neque
598 2924 687 2990 enim
709 2943 805 3006 pares
833 2921 941 2988 eritis:
970 2923 1179 3005 magnilaoite
1231 2924 1385 3008 diripient
1411 2924 1520 2989 omnia
1548 2932 1658 2988 vestra
1690 2923 1817 3004 hostes,
1851 2944 1918 2989 non
1948 2925 2202 2993 lioitabuntura

205 3019 242 3078 nt
263 3012 343 3080 libet
364 3018 513 3080 vestrum
534 3009 642 3089 robur,
665 3018 776 3075 ιιιιιιιι
798 3008 946 3074 duriores
962 3016 1060 3073 erunt
1077 3006 1176 3073 Ohal·
1231 3009 1332 3088 vobie‚
1365 3009 1422 3075 sed
1455 3007 1660 3091 oeoupabunt
1691 3019 1847 3091 tanquam
1880 3029 1951 3092 sua,
1984 3031 2102 3096 nempe
2134 3012 2201 3080 vio·

205 3096 277 3164 daei
298 3097 340 3164 ad
363 3119 422 3164 roe
451 3095 660 3181 frangendos,
690 3095 822 3178 quiesi
852 3114 911 3158 vos
939 3092 1016 3158 estis
1045 3093 1178 3170 terram,
1230 3095 1333 3160 toriae
1365 3095 1513 3178 nomine,
1547 3113 1757 3178 quaeeunque
1791 3096 1912 3178 putatis
1944 3096 2032 3179 apud
2065 3118 2122 3164 vos
2154 3098 2202 3166 sio

204 3184 267 3265 ipsi
283 3191 380 3250 erant
394 3181 544 3267 obalyhs:
568 3191 602 3247 et
622 3182 669 3246 ita
684 3180 760 3246 fieri
781 3201 847 3245 non
869 3178 998 3261 poterit,
1020 3186 1057 3242 nt
1079 3178 1177 3244 susti·
1230 3201 1301 3246 esse
1334 3177 1518 3261 raoondite,
1551 3187 1588 3245 ut
1619 3199 1788 3264 nunquam
1822 3181 2026 3248 auferantur.
2080 3183 2202 3250 Postea

205 3271 310 3335 neatis
343 3267 473 3334 illorum
502 3269 652 3349 impetus.
705 3265 870 3346 Quoniam
900 3263 939 3328 de
966 3270 1077 3329 mente
1105 3284 1176 3346 pro-
1230 3266 1369 3350 subiioit,

203 3355 322 3437 phetae
344 3354 424 3419 satia
445 3353 609 3428 eonvenit,
639 3369 698 3435 ego
721 3352 756 3415 in
779 3349 887 3416 verbis
915 3369 981 3414 non
1015 3347 1097 3415 adeo
1126 3349 1175 3414 in·

205 3440 336 3506 sistam:
366 3457 554 3521 quenquam
584 3434 666 3501 mihi
695 3436 800 3520 magis
829 3433 952 3502 arridet
979 3433 1037 3499 illa
1058 3435 1176 3516 versio,
1317 3437 1368 3502 14.
1407 3435 1451 3502 Et
1481 3437 1619 3502 boseira
1648 3437 1768 3518 seeum
1797 3437 1841 3502 ud
1871 3435 1985 3502 Ῑιοιιιιι
2016 3437 2052 3504 ia
2083 3443 2201 3504 ursam

203 3525 260 3590 Aa
280 3529 411 3591 eostam
429 3523 561 3606 serrant,
587 3523 710 3604 ferrum
740 3525 791 3605 (ut
811 3521 855 3588 sit
876 3519 1006 3585 iteratio
1035 3520 1176 3587 nominis
1229 3543 1324 3605 pesam
1344 3541 1407 3587 uon
1427 3523 1596 3606 manaem:
1625 3523 1701 3604 quia
1728 3523 1816 3605 ipais
1843 3541 1989 3588 wasemes
2015 3528 2058 3588 est
2084 3525 2120 3588 ia
2149 3525 2201 3590 ira

205 3608 402 3694 emphatioa)
422 3607 461 3674 ab
482 3607 637 3690 aquileae,
663 3607 790 3673 etaes?
823 3603 984 3671 Videmus
1013 3605 1068 3672 hio
1098 3627 1176 3690 quo·
1228 3628 1298 3675 maa
1318 3606 1387 3694 (alii
1403 3617 1545 3685 vertant,
1565 3609 1600 3671 in
1618 3628 1714 3674 nare:
1739 3621 1796 3676 tatt
1817 3607 1980 3692 signifieat
2002 3609 2200 3695 atrumque),

203 3715 266 3778 que
286 3693 490 3777 propositum
513 3693 614 3760 fuisse
630 3701 741 3758 saneto
755 3692 837 3772 viro,
858 3691 989 3757 Iudaeis
1004 3691 1176 3758 detrahere
1228 3714 1325 3777 saper
1344 3713 1398 3760 uos
1418 3692 1546 3760 ardebit

202 3800 392 3864 perversam
414 3779 578 3862 fiduoiam,
606 3799 670 3861 qua
691 3777 934 3861 superbiebant.
978 3775 1065 3843 Nam
1087 3777 1176 3842 unde

202 3869 325 3932 laetum
348 3874 406 3943 est,
429 3877 465 3930 ut
486 3872 556 3931 tam
578 3871 686 3930 essent
707 3863 889 3948 praetraoti,
919 3861 983 3928 nisi
1005 3862 1093 3945 quod
1114 3862 1174 3929 sibi
1315 3864 1530 3947 Prosequitur
1559 3863 1697 3930 eaodem
1725 3863 1931 3930 sententiam.
1975 3860 2115 3929 Dixerat
2143 3886 2199 3929 ex·

202 3972 269 4017 non
290 3950 481 4018 metuebant
500 3949 541 4017 ab
560 3949 628 4014 ullo
650 3947 877 4015 inoommodol
910 3946 1076 4028 Quoniam
1098 3970 1176 4034 ergo
1228 3951 1351 4032 positos
1372 3949 1440 4016 tore
1463 3948 1610 4015 hostibus
1632 3951 1667 4015 in
1688 3949 1852 4032 praedam,
1877 3957 1913 4012 ut
1933 3966 2046 4014 omnes
2068 3948 2199 4016 illorum

203 4037 308 4104 seouri
327 4043 430 4114 erant,
452 4037 525 4102 ideo
543 4035 629 4117 apud
651 4035 739 4118 ipsos
759 4053 877 4117 perum
899 4032 1054 4115 ponderis
1076 4033 1174 4100 habe·
1228 4055 1305 4119 opes
1319 4035 1454 4118 impune
1470 4034 1663 4118 diriperent:
1682 4035 1748 4099 iam
1764 4032 1924 4118 adiungit,
1938 4029 2008 4117 Ego
2021 4053 2078 4100 aas
2092 4035 2201 4101 truda-

201 4122 280 4188 bant
301 4121 500 4205 prophetiae.
546 4121 635 4204 lltrgo
658 4119 817 4204 prophete
839 4126 876 4185 ut
901 4119 1056 4185 retundat
1085 4120 1174 4185 illam
1228 4119 1482 4200 eamadbostem,
1493 4119 1555 4187 hoo
1565 4131 1625 4199 est,
1637 4119 1720 4186 dabo
1732 4139 1790 4185 vos
1802 4121 1835 4183 in
1848 4119 2146 4199 manumhostium,
2164 4128 2201 4186 ut

202 4205 373 4285 leroeiam,
415 4206 495 4271 diait
528 4207 683 4272 maiorem
715 4206 785 4272 fore
819 4203 973 4280 duritiem
1005 4205 1039 4269 in
1074 4205 1173 4272 Ohal·
1227 4206 1291 4271 alio
1306 4226 1363 4272 vos
1379 4205 1588 4272 transierant.
1611 4206 1731 4271 Postea
1748 4204 1896 4288 adiungit
1911 4205 2198 4292 oireumstantiem,

203 4291 305 4359 desis:
329 4292 406 4376 qaia
428 4300 525 4358 erunt
547 4291 669 4358 similes
691 4291 787 4369 ferro,
818 4291 883 4356 imo
905 4291 1001 4356 etiam
1031 4290 1173 4377 ehalybi.
1228 4312 1311 4374 quaa
1333 4289 1447 4358 debuit
1467 4291 1619 4358 exsilium
1645 4289 1711 4356 illie
1737 4290 1864 4356 tristius
1893 4288 2041 4356 reddere:
2072 4310 2148 4356 nam
2171 4291 2199 4356 ei

202 4375 367 4462 Sequitur,
1227 4379 1301 4461 quis
1322 4377 1428 4443 looum
1451 4387 1565 4456 mutet,
1588 4378 1714 4442 interea
1735 4395 1801 4440 non
1825 4374 1974 4441 trahatur
2005 4376 2041 4441 in
2070 4375 2197 4460 longin-

1227 4483 1324 4547 quam
1350 4462 1657 4547 peregrinationem,
1692 4461 1752 4528 hoo
1785 4463 1848 4528 erit
1879 4460 1987 4544 magis
2014 4461 2198 4528 tolerabile:

289 4550 339 4615 13.
375 4547 456 4630 opes
472 4553 545 4614 tuus
574 4552 601 4612 et
628 4546 789 4614 thusumes
815 4552 883 4614 tuos
911 4548 947 4612 ia
973 4549 1174 4629 direptionem
1227 4569 1344 4614 verum
1367 4549 1396 4614 si
1419 4550 1490 4631 quis
1513 4555 1604 4614 trans
1625 4567 1718 4612 mare
1739 4547 1890 4625 vehatur,
1917 4545 1970 4611 vel
1992 4546 2029 4611 in
2049 4547 2198 4630 longissi-

202 4633 291 4716 dabo,
319 4653 381 4699 aaa
401 4635 437 4699 ia
457 4633 685 4716 permutatione
711 4631 787 4718 (hoe
809 4643 867 4716 est,
896 4632 1017 4715 absque
1045 4632 1173 4719 pretio),
1227 4655 1297 4700 mas
1320 4641 1435 4713 terras,
1457 4633 1519 4699 hoe
1540 4633 1615 4716 plue
1643 4631 1797 4698 tristitiae
1828 4651 1938 4697 seeum
1968 4633 2092 4711 afferet,
2122 4630 2200 4715 quia

202 4725 231 4785 et
246 4725 373 4802 propter
393 4739 482 4786 omae
501 4719 600 4786 sedas
621 4721 717 4800 taum,
745 4723 773 4784 at
791 4723 922 4800 propter
942 4738 1063 4784 omaem
1080 4719 1175 4800 finem
1226 4719 1318 4785 nulla
1339 4726 1390 4785 est
1410 4739 1487 4804 spes
1508 4717 1633 4784 reditus
1651 4718 1686 4784 in
1703 4719 1852 4800 patriam.
1884 4716 2079 4800 Desperatio
2096 4717 2199 4800 igitur

201 4809 291 4870 tuum
323 4803 389 4888 (rel
421 4805 599 4872 terminum
632 4812 737 4880 tuum,
772 4804 808 4868 in
841 4803 993 4870 omnibus
1025 4803 1174 4869 terminis
1226 4812 1399 4887 exasperat
1420 4823 1616 4870 moerorem:
1638 4802 1722 4869 adde
1744 4802 1830 4885 quod
1851 4823 1966 4886 perse
1988 4801 2199 4885 quoquehoo

202 4891 277 4969 tuis,
310 4888 353 4955 ad
382 4891 535 4957 verbum:
568 4889 662 4956 siouti
691 4889 790 4954 etiam
823 4889 857 4952 in
890 4889 1041 4956 omnibns
1073 4888 1173 4956 eoele-
1227 4891 1378 4956 aoerbum
1400 4898 1459 4969 est,
1481 4888 1564 4954 nihil
1587 4888 1700 4955 audire
1718 4887 1759 4955 de
1780 4888 1849 4955 solo
1870 4888 1982 4968 natali,
2005 4908 2043 4954 ao
2063 4887 2092 4954 si
2114 4905 2200 4953 esse-

201 4973 316 5062 ribus).
1226 4994 1300 5041 mas
1332 4976 1366 5040 in
1401 4975 1464 5039 alio
1497 4974 1631 5040 mundo.
1681 4974 1828 5040 Tandem
1861 4971 1992 5040 subiioit
2024 4971 2199 5056 propheta:

1230 5059 2198 5144 Qamiamipaisaeesaaaeestiuirameaetiaeosar-

288 5143 415 5212 Verum
443 5145 497 5212 hia
527 5145 683 5212 dissentio
712 5142 753 5209 ab
787 5143 1021 5226 interpretibus
1049 5144 1085 5208 in
1114 5167 1171 5213 no·
1225 5145 1314 5212 debit.
1359 5144 1532 5230 Signifieat
1553 5144 1662 5211 Deum
1684 5145 1750 5211 illis
1772 5147 1840 5211 lore
1861 5143 2112 5227 implaeabilem,
2142 5143 2198 5210 do·

201 5231 288 5296 mine
311 5216 387 5300 Stat.
430 5231 552 5297 Fateor
602 5231 710 5297 uidem
739 5249 869 5312 semper
894 5229 996 5312 eooipi
1025 5249 1085 5311 pro
1107 5238 1171 5297 ter·

203 5315 308 5381 mino:
346 5315 403 5382 sed
436 5336 509 5381 meo
542 5253 676 5395 iudidio,
710 5317 738 5382 si
771 5314 901 5381 diversa
933 5314 1033 5382 vallet
1066 5315 1173 5383 dioere
1313 5333 1336 5403 ¹)
1352 5334 1429 5388 Pers.
1447 5331 1502 5387 sat.
1521 5331 1545 5399 t,
1563 5331 1625 5386 to..
