5038 6118
313 370 374 437 135
1125 368 1513 438 PRsuuaoutottus
2258 369 2321 433 136

312 559 363 625 Tu
385 557 544 624 haetenus
567 558 721 642 pugnasti
743 565 821 622 oum
841 555 1043 639 mortalibus,
1068 565 1102 622 st
1123 557 1291 624 oonlassus
1344 560 1515 625 mitutibus
1538 558 1689 626 atiliotoa:
1712 559 1777 625 iam
1798 578 1878 626 -varo
1901 559 1987 625 serio
2004 557 2219 643 pugnandum
2238 579 2320 636 esso,

311 665 348 711 ae
370 653 402 711 to
431 665 502 711 asse
530 645 689 726 imparem
722 642 913 709 certamini:
947 663 1034 708 nuno
1063 642 1207 708 audesne
1237 664 1291 708 me
1343 646 1498 728 quoniam
1527 647 1632 710 maior
1662 645 1817 712 violentia
1843 644 1909 710 illia
1937 644 2114 729 impendat.
2161 644 2320 727 ριιιιιιιο

312 732 420 816 ipsum
442 727 595 814 aggredi,
630 731 686 813 qui
710 729 806 812 longe
829 729 933 793 maior
953 749 1028 795 sum
1054 739 1121 794 toto
1143 728 1290 794 mundo?
1343 751 1414 814 arpo
1435 731 1580 798 miscebis
1601 736 1629 796 to
1650 730 1832 814 equitibus?
1855 731 1972 814 inquit.
2016 731 2136 796 Postea
2158 729 2318 812 adiungit,

312 817 439 899 pedites
461 825 496 881 ta
516 815 714 899 fatigarunt,
745 815 800 898 qni
823 813 1035 880 ambulabant
1056 815 1090 879 in
1114 823 1219 880 terre:
1254 827 1291 880 tu
1343 815 1386 881 Iu
1407 821 1494 882 terro
1510 817 1604 900 petia
1629 821 1663 882 tu
1690 816 1827 899 conflata
1855 837 1906 899 as,
1939 822 1967 882 et
1998 816 2149 899 quomodo
2180 835 2254 899 epea
2283 816 2319 879 iu

314 913 426 968 autem
459 921 547 968 neno
577 901 696 968 misoas
730 909 763 966 ta
795 900 978 984 equitibus,
1013 901 1076 966 boo
1098 909 1165 981 est,
1199 901 1291 966 mibi.
1342 901 1509 968 elevatione
1542 902 1723 968 Iordanis?
1768 902 1905 967 Terram
1939 904 2027 986 paois
2060 901 2228 985 ascipiunt
2258 921 2319 985 pro

313 987 380 1054 Sed
403 987 470 1052 iam
493 987 637 1052 ostendit
660 986 852 1070 prophetam
876 1007 942 1051 non
964 986 1145 1068 sussepisse
1168 997 1292 1052 temere
1343 987 1462 1073 oppido
1485 988 1668 1064 Anathotb,
1691 988 1749 1054 ubi¹
1770 988 1928 1072 propbeta
1951 986 2127 1070 tranquilla
2148 985 2318 1072 aget-ada·

312 1092 446 1140 eausam
470 1072 571 1154 illam,
594 1092 701 1154 neque
723 1091 819 1138 oaaoo
841 1072 967 1155 impetu
988 1071 1090 1138 foisse
1105 1072 1292 1154 abreptum,
1342 1073 1474 1153 boaret,
1501 1075 1653 1158 quoniam
1677 1073 1815 1159 degebat
1836 1074 1904 1140 illio
1926 1075 2014 1138 inter
2035 1083 2191 1157 segnatos
2214 1079 2249 1137 et
2269 1072 2318 1136 ai·

312 1168 351 1225 nt
373 1159 630 1225 eontrovarsiam
652 1169 801 1224 moveret
815 1157 898 1236 Deo,
921 1158 978 1223 sed
1001 1158 1071 1223 zelo
1092 1158 1227 1241 spiritus
1245 1159 1291 1225 sio
1341 1161 1435 1224 fines.
1479 1160 1654 1241 Aooipiunt
1688 1171 1800 1225 autam
1833 1161 2050 1226 elevationem
2076 1158 2229 1224 Iordanis
2259 1177 2318 1240 pro

312 1244 484 1328 loquutam
508 1262 598 1312 essa:
631 1244 697 1309 imo
719 1244 820 1310 fuisse
843 1242 1004 1310 divinitus
1026 1244 1222 1327 impulsum,
1254 1255 1292 1309 ut
1342 1246 1496 1311 violentis
1518 1246 1688 1312 fluetibus:
1723 1245 1780 1311 sed
1802 1246 1863 1311 ιιι
1885 1246 1968 1310 nihil
1996 1244 2036 1310 ad
2067 1266 2145 1311 ram.
2190 1244 2229 1309 Si
2258 1264 2318 1326 ago

312 1330 375 1396 hae
397 1331 559 1413 loquendi·
575 1332 681 1414 figura
706 1329 812 1412 magis
839 1340 974 1412 urgerat
1003 1329 1204 1396 obstinatum
1234 1351 1291 1412 po·
1343 1329 1512 1415 probarem
1535 1352 1669 1397 sensum
1688 1330 1790 1408 illum,
1812 1333 1920 1415 potius
1934 1332 2149 1397 elevationem
2167 1329 2319 1396 Iordanis

313 1416 440 1501 pulum.
483 1414 577 1481 Nihil
610 1436 689 1500 ergo
723 1435 806 1500 opus
838 1416 902 1480 luit
934 1417 1043 1497 ipsum
1077 1435 1292 1498 oompeaoara,
1343 1418 1523 1500 aeeiperem
1547 1417 1739 1499 profante:
1770 1420 1893 1483 seimus
1922 1417 2008 1481 anim
2037 1416 2210 1481 Iordanem
2240 1415 2319 1480 oriri

301 1503 389 1585 ‚qaia
412 1521 479 1565 non
502 1500 591 1566 aliud
622 1503 732 1566 inerat
758 1502 962 1585 propositum
993 1521 1089 1583 quam
1118 1500 1292 1567 ostendere
1343 1524 1385 1568 ex
1418 1502 1548 1567 Libano
1583 1512 1710 1583 monte,
1750 1503 1807 1585 qui
1839 1503 2060 1587 lerosolymaa
2095 1501 2224 1567 vicinus
2257 1510 2317 1566 ιιι.

313 1587 406 1670 quasi
428 1587 464 1652 in
486 1586 617 1669 pietura
632 1587 742 1652 Deum
764 1585 907 1651 inditam
929 1585 1070 1672 Iudaeis,
1093 1588 1150 1669 qui
1173 1587 1291 1653 doetri·
1343 1588 1416 1672 Ego
1438 1587 1540 1672 igitur
1562 1589 1608 1654 sio
1630 1588 1864 1670 interpretarer
1885 1587 1966 1654 haee
1989 1588 2103 1664 verba,
2139 1597 2172 1651 et
2200 1585 2318 1672 probe-

312 1693 391 1746 nam
414 1672 623 1755 spernebant,
646 1693 685 1738 ao
706 1673 775 1737 lare
797 1672 960 1738 duoebant
982 1692 1041 1754 pro
1064 1673 1178 1738 nihilo.
1224 1672 1293 1736 Alii
1343 1674 1418 1739 bilis
1440 1687 1527 1739 assat
1548 1673 1629 1740 baso
1652 1674 1827 1757 expositio:
1849 1675 1906 1739 sod
1928 1675 2083 1756 quoniam
2106 1683 2195 1738 serto
2211 1681 2319 1738 statuo

313 1767 431 1842 putant
452 1759 525 1823 fieri
547 1759 828 1840 comparationem
849 1757 937 1823 inter
957 1759 1046 1824 oivas
1063 1756 1238 1823 Anathoth
1260 1767 1294 1822 et
1344 1759 1426 1825 heae
1449 1759 1549 1825 verba
1571 1781 1636 1825 non
1659 1757 1756 1843 dirigi
1778 1760 1820 1824 ad
1842 1759 2045 1842 prophetam,
2074 1757 2132 1824 sed
2153 1756 2195 1822 ad
2217 1777 2319 1842 popu·

312 1845 401 1909 inter
422 1844 511 1912 aives
533 1842 764 1929 lerosolymae.
799 1844 924 1908 Putant
946 1864 1024 1928 ergo
1045 1844 1187 1909 animari
1209 1843 1294 1908 Iere-
1344 1844 1423 1921 lum,
1448 1866 1513 1911 non
1537 1844 1650 1910 dubito
1672 1847 1751 1927 quin
1772 1851 1857 1910 ιιιτι
1872 1846 1966 1927 potia
1989 1854 2139 1910 sumator
2155 1863 2214 1926 pro
2229 1853 2320 1908 tarra

312 1931 413 1995 miam
450 1949 493 1994 ne
534 1929 727 1995 suooumbat
766 1930 1020 2012 tentationibus,
1061 1951 1143 2014 quae
1183 1930 1292 2011 ipsum
1344 1932 1492 2013 exposita
1513 1929 1549 1994 in
1572 1931 1735 2013 praedam,
1759 1931 1820 1995 hoo
1842 1939 1901 2010 ιιι,
1922 1950 2003 2012 quae
2027 1951 2092 1994 non
2115 1929 2318 1994 sitmunita:

312 2015 508 2082 manebant:
540 2015 636 2097 quasi
657 2015 704 2079 ιιι
727 2014 848 2082 diotum
872 2023 974 2094 assat,
1008 2014 1109 2082 Cives
1137 2017 1202 2092 tui,
1235 2025 1294 2079 eut
1344 2015 1439 2082 siouti
1471 2025 1560 2080 terra
1589 2016 1665 2082 belli
1700 2025 1835 2082 voantur
1868 2035 1951 2099 quas
1984 2016 2091 2080 oioota
2123 2023 2173 2079 ast
2205 2013 2320 2079 multis

313 2104 489 2185 populares
510 2112 590 2166 sunt
610 2100 734 2166 similes
754 2100 938 2184 peditibus,
973 2102 1037 2167 iam
1067 2100 1159 2168 vidae
1187 2119 1292 2182 quan·
1344 2100 1533 2184 praesidiis:
1561 2102 1639 2168 urbs
1662 2100 1747 2178 belli,
1778 2121 1860 2184 quae
1882 2101 1992 2167 oioeta
2012 2112 2063 2166 est
2085 2101 2198 2165 meltis
2220 2100 2319 2164 turri·

313 2197 386 2251 tum
409 2195 442 2251 ta
459 2187 689 2271 fatigaverint:
712 2207 818 2269 neque
834 2185 922 2251 anim
938 2197 1031 2268 potes
1045 2188 1130 2252 ferra
1144 2188 1292 2269 ipsorum
1345 2189 1405 2252 bns
1426 2196 1461 2252 ιι
1482 2187 1579 2253 fossis
1601 2195 1635 2252 et
1656 2189 1840 2271 aggeribus.
1874 2185 1927 2251 Ita
1947 2199 2035 2254 terra
2049 2187 2138 2268 paois
2153 2199 2212 2260 est,
2235 2205 2320 2268 quaa

311 2272 546 2354 petulantiam:
580 2271 660 2354 quid
683 2270 786 2356 igitur
809 2275 874 2352 fiet,
899 2270 956 2337 ubi
977 2271 1213 2357 lerosolymam
1236 2290 1293 2335 ve·
1344 2293 1410 2337 non
1426 2283 1532 2356 potest
1547 2273 1660 2338 hostes
1674 2294 1750 2338 auos
1765 2273 1965 2356 propulsare.
1999 2271 2139 2336 Deridet
2157 2271 2321 2355 propbeta

310 2357 425 2422 naris?
449 2359 525 2440 qnia
547 2357 614 2424 illio
636 2358 732 2424 siouti
754 2358 830 2440 plus
852 2367 902 2423 est
923 2358 1099 2440 potentiae,
1122 2359 1169 2422 ita
1191 2356 1291 2421 etiam
1345 2357 1492 2434 ludaeos,
1515 2359 1601 2442 quod
1624 2358 1724 2424 nullis
1747 2359 1985 2423 munitionibus
2003 2358 2076 2422 irati
2096 2365 2208 2420 ιιιιιι
2227 2367 2321 2422 tanta

311 2443 385 2526 plus
407 2443 626 2527 arrogantiae.
671 2443 747 2507 Erit
769 2443 829 2508 tibi
858 2453 1024 2509 eortamsn
1055 2462 1129 2510 oum
1155 2461 1234 2525 rege
1260 2451 1292 2506 at
1345 2443 1532 2528 arrogantia
1551 2453 1721 2527 turgeant:
1751 2443 1815 2509 Vos
1829 2444 1911 2521 estis,
1928 2443 2043 2526 inquit,
2062 2444 2099 2506 iu
2116 2446 2202 2508 tetra
2215 2443 2321 2524 pecie,

313 2534 385 2592 tota
408 2528 495 2611 aula,
517 2536 552 2594 et
573 2549 648 2593 oum
671 2527 903 2607 saeerdotibus,
931 2536 964 2591 ιι
986 2549 1059 2594 oum
1084 2525 1203 2610 popolo
1225 2527 1292 2602 illo,
1346 2529 1408 2593 boo
1430 2538 1488 2608 ιιι,
1511 2530 1589 2594 estis
1611 2529 1767 2609 imbelles,
1790 2537 1823 2594 st
1844 2549 1909 2593 non
1933 2539 2113 2611 suppetunt
2129 2527 2223 2592 vobis
2241 2547 2321 2609 opas

311 2613 368 2697 qni
402 2612 580 2697 splendore
613 2633 674 2680 suo
708 2621 901 2679 exaeeoatus
934 2620 993 2678 est.
1048 2613 1160 2678 Erunt
1191 2613 1293 2696 igitur
1345 2621 1380 2678 et
1407 2614 1519 2696 eopiaa
1548 2634 1633 2697 quea
1662 2617 1817 2680 resistant
1844 2613 1994 2679 hostibus
2022 2613 2152 2678 vestris.
2204 2611 2320 2692 Quum

312 2698 448 2782 equitas,
471 2709 504 2764 ιι
526 2700 591 2764 erit
613 2699 672 2764 tibi
695 2709 861 2764 oerteman
884 2709 1051 2781 equestre:
1082 2717 1160 2782 argo
1181 2697 1293 2764 videas
1345 2719 1423 2782 argo
1445 2707 1538 2764 tanto
1560 2700 1646 2765 fastu
1674 2702 1710 2764 in
1741 2700 1802 2765 bae
1832 2709 1943 2766 vestra
1971 2708 2116 2782 egestate
2145 2710 2178 2762 ιι
2209 2697 2322 2778 inopia

313 2790 350 2849 ut
369 2792 403 2849 ta
425 2805 605 2869 oomperes,
628 2784 706 2866 quia
728 2785 809 2850 heeo
831 2792 909 2850 sunt
931 2783 1095 2848 duntaxat
1114 2782 1293 2867 praeludia,
1346 2784 1513 2868 tergeatis,
1535 2785 1613 2867 quid
1632 2785 1718 2866 timet
1737 2787 1769 2851 ai
1790 2786 1896 2851 essetis
1909 2787 1946 2849 iu
1960 2785 2125 2850 eleuetioue
2140 2782 2321 2848 Iordanis?

313 2869 354 2936 de
386 2869 505 2953 quibus
535 2881 647 2935 tamen
680 2881 748 2934 tam
782 2869 930 2954 graviter
962 2870 1181 2952 oonquereris.
1225 2867 1293 2934 Sed
1346 2869 1408 2936 boo
1431 2883 1495 2947 ast,
1527 2871 1556 2935 si
1591 2870 1687 2936 urbes
1719 2880 1850 2937 restrae
1882 2871 1965 2936 sitae
1997 2875 2108 2935 assent
2140 2868 2181 2932 ed
2213 2869 2320 2951 ripam

314 2954 393 3019 dum
416 2956 529 3020 omnia
550 2957 686 3039 propius
707 2955 872 3038 expendo,
903 2956 1008 3039 magia
1035 2954 1157 3022 inolino
1186 2955 1222 3019 in
1244 2953 1293 3018 di·
1347 2953 1503 3032 Iordanis,
1528 2957 1583 3021 ubi
1606 2956 1729 3024 seilieat
1751 2956 1815 3021 lata
1838 2955 2044 3035 diffunditur,
2066 2956 2114 3019 ita
2135 2967 2173 3018 ιι
2196 2974 2262 3019 ιιι
2279 2955 2323 3018 ιιι

314 3059 445 3106 versem
469 3042 684 3118 sententiam,
718 3059 815 3122 quam
839 3049 871 3106 ιι
891 3040 1119 3124 Hieronymus
1149 3040 1293 3122 attingit,
1346 3040 1519 3108 assessus?
1559 3041 1645 3107 Nam
1668 3041 1808 3108 elevatio
1831 3042 1885 3107 hio
1907 3042 2064 3123 aooipitur
2085 3060 2145 3122 pro
2167 3037 2322 3123 amplitu-

316 3132 350 3189 at
371 3122 536 3188 Ionathan
559 3125 674 3188 etiem:
708 3125 765 3189 sod
789 3123 925 3188 obseura
947 3124 1005 3201 illi,
1035 3134 1069 3188 at
1090 3127 1138 3190 ita
1159 3127 1294 3190 eontuse
1347 3127 1423 3192 dine
1452 3129 1541 3210 ipsa,
1581 3127 1634 3193 val
1668 3127 1911 3211 magnitudine:
1950 3145 2028 3190 nam
2061 3139 2122 3213 ttttt
2157 3125 2323 3208 signifieat

316 3216 444 3273 utnon
477 3209 580 3290 possit
608 3217 697 3275 reeta
726 3209 866 3290 intelligi
896 3208 1076 3292 prophetae
1106 3210 1294 3274 eonsilium:
1347 3213 1545 3294 superbiam,
1571 3222 1605 3277 et
1627 3212 1848 3297 metaphorioe
1871 3213 1970 3278 ιιιιιι
1993 3211 2152 3294 aooipitur
2173 3231 2234 3292 pro
2257 3210 2322 3274 ole-

317 3292 435 3359 deinda
458 3293 570 3370 etiam,
600 3293 766 3375 quianon
790 3294 955 3376 assequuti
979 3306 1057 3358 sunt
1078 3313 1161 3375 quea
1186 3295 1294 3359 baete·
1347 3297 1494 3362 vatione:
1529 3297 1584 3362 sad
1608 3299 1662 3363 bio
1684 3311 1733 3364 est
1756 3297 1939 3380 amplitudo
1967 3298 2039 3380 ipsa
2059 3295 2230 3374 Iordanis,
2260 3295 2322 3360 hoo

315 3398 379 3445 nus
407 3379 633 3461 exposuimus,
666 3378 739 3444 ideo
770 3399 885 3443 sensus
913 3396 1011 3459 qnam
1041 3378 1198 3458 afferunt,
1229 3399 1295 3443 non
1346 3393 1405 3459 ιιι,
1427 3382 1481 3446 ιιι
1505 3382 1655 3449 Iordanis
1677 3383 1808 3448 videtur
1829 3383 1949 3448 babere
1971 3402 2135 3450 summam
2151 3383 2206 3445 vel
2228 3401 2322 3464 prae·

315 3463 450 3530 videtur
477 3463 648 3547 quadrare.
694 3461 762 3530 Sed
793 3483 858 3528 non
885 3462 999 3527 dubito
1029 3463 1109 3544 quin
1136 3463 1296 3545 propbeta
1347 3467 1476 3546 eipeam
1500 3466 1648 3548 gloriam.
1698 3467 2074 3551 Quidfacerea,inquit‚
2104 3468 2236 3547 inipso
2258 3485 2323 3530 am-

316 3550 371 3615 bio
400 3549 559 3634 populum
589 3549 746 3632 eastigat,
779 3559 875 3630 atque
904 3544 1065 3630 improbet
1101 3548 1148 3612 eis
1184 3567 1295 3629 super·
1342 3549 1500 3628 ptitudine
1522 3551 1695 3616 Iudaeis?
1728 3553 1790 3619 hoo
1816 3564 1879 3632 ιιι,
1912 3554 1940 3618 ιι
1962 3564 2049 3618 esset
2074 3553 2166 3616 vobis
2196 3552 2323 3616 flumen

191 3691 196 3698 .
318 3635 423 3701 biam:
446 3636 523 3718 quia
546 3633 683 3718 putabat
705 3653 740 3698 se
761 3634 810 3699 ita
830 3632 943 3697 multis
965 3629 1138 3716 praesidiis
1159 3650 1230 3696 asse
1245 3632 1295 3696 in·
1348 3654 1407 3716 pro
1429 3632 1619 3700 defensione
1641 3637 1798 3702 adversus
1816 3639 1948 3703 hostes?
1972 3659 2049 3704 nam
2068 3637 2152 3702 nihil
2166 3648 2219 3702 est
2234 3635 2322 3719 qnod

318 3729 489 3803 atruotem,
512 3729 549 3785 ut
571 3717 727 3784 iuditium
751 3719 814 3784 Dei
835 3728 1068 3783 oontemnarat.
1101 3716 1131 3780 ll
1195 3716 1297 3798 igitur
1348 3717 1504 3800 impediat
1524 3717 1635 3784 hostes
1657 3730 1794 3798 vestros,
1817 3727 1989 3805 quominus
2004 3724 2044 3789 ad
2061 3732 2173 3807 portas
2192 3733 2322 3788 vestras

317 3805 381 3872 hoe
403 3806 526 3887 aooipio
551 3807 586 3868 in
616 3823 758 3887 persona
788 3803 890 3884 ipsius
920 3801 1001 3878 Dei,
1032 3801 1109 3883 quia
1163 3810 1296 3865 antenus
1334 3802 1513 3880 eamdent,
1535 3807 1710 3886 quominus
1732 3806 1852 3872 feriant
1874 3829 1987 3875 muros
2009 3824 2137 3874 vostros
2160 3809 2229 3872 suis
2252 3827 2322 3872 ma.

318 3899 488 3959 aoousator
510 3891 572 3954 suit
592 3889 768 3964 Ieremias,
798 3896 832 3951 at
860 3888 988 3968 peregit
1009 3894 1122 3983 tutem¹
1138 3884 1296 3968 populum
1348 3885 1470 3967 obinis,
1503 3896 1536 3953 ιι
1558 3898 1669 3957 aman
1697 3911 1755 3958 vos
1788 3893 1982 3977 gloriamini.
2028 3893 2146 3974 Qualis
2176 3905 2228 3958 est
2257 3893 2323 3958 isra

318 3997 412 4045 reum
435 3994 545 4043 eoram
562 3974 646 4053 Deo,
669 3982 703 4039 st
724 3973 787 4038 luit
810 3972 909 4038 etiam
922 3989 1040 4053 praeeo
1055 3970 1184 4035 iudteii:
1206 3986 1296 4032 neno
1348 3969 1523 4053 dementia,
1538 3995 1638 4056 quum
1655 3997 1720 4041 non
1737 3979 1865 4043 sentitis
1876 3989 2021 4044 vestram
2037 3977 2322 4044 imbeoillitateml

318 4085 383 4150 quo
405 4062 479 4146 plns
501 4060 676 4145 gravitatis
696 4059 817 4124 babeat
838 4055 1009 4132 sententia,
1031 4054 1125 4119 Deus
1139 4056 1207 4136 ipsa
1222 4073 1295 4135 pro·
1347 4056 1508 4123 Videmus
1529 4079 1608 4142 argo
1628 4071 1697 4127 toto
1716 4062 1778 4128 boo
1795 4084 1894 4127 versu
1913 4065 2046 4130 retundi
2062 4065 2180 4129 stultas
2198 4063 2323 4129 innuen.

318 4149 424 4215 <1535ss
448 4146 605 4223 medium,
634 4153 668 4208 θι
689 4144 735 4208 lit
756 4143 916 4224 l0q¹1st¹¹rs
949 4140 999 4204 Tu
1019 4139 1168 4238 'totiena-⁹
1186 4157 1296 4237 mr·
1347 4141 1411 4204 tias
1433 4143 1558 4223 populi,
1587 4147 1740 4226 qnoniam
1764 4148 1953 4228 superbient
1974 4151 2044 4215 aine
2066 4167 2183 4215 eausa:
2217 4170 2323 4232 quum

318 4229 669 4313 attemptaturus,
691 4227 1018 4310 etfuiotifetipatua:
1039 4223 1117 4305 quid
1140 4224 1193 4288 ιιι
1218 4243 1296 4288 von·
1348 4225 1471 4290 soiliaet
1499 4226 1613 4293 nudati
1643 4232 1710 4295 sint
1738 4234 1887 4297 omnibus
1915 4237 2087 4316 praesidiis
2117 4247 2152 4300 ιι
2178 4235 2324 4300 auxiliis,

318 4332 391 4387 tum
424 4318 521 4384 luerit
554 4315 595 4380 ad
628 4321 793 4382 ιιιιιιιιιι
828 4307 1003 4394 equestre?
1047 4307 1221 4392 Signifioat
1244 4307 1296 4370 hie
1348 4308 1448 4374 Hune
1469 4331 1547 4394 ergo
1569 4314 1720 4379 existimo
1739 4335 1810 4380 esse
1828 4320 2006 4400 genuinum
2025 4340 2171 4386 sensum,
2203 4319 2325 4386 Poste,

318 4405 429 4475 verbis
452 4405 576 4468 instare
598 4400 703 4465 multo
725 4399 883 4462 maiorem
907 4397 986 4470 vim,
1015 4390 1296 4476 quam·baotenua
1347 4395 1503 4476 sequitur,

320 4489 447 4575 experti
468 4487 592 4554 inerint
612 4483 745 4551 Iudaei:
779 4483 900 4547 afflieta
925 4481 1034 4544 luerat
1062 4496 1174 4541 aorom
1197 4475 1296 4558 regio,

318 4579 398 4646 orba
421 4574 520 4640 etiam
543 4591 644 4655 prope
667 4569 708 4635 ed
731 4577 917 4634 extremum
947 4564 1121 4630 diserimen
1149 4568 1296 4659 venerat,
1434 4564 1464 4628 6.
1490 4563 1576 4630 Getta
1596 4566 1691 4631 etiem
1710 4569 1828 4650 fratrea
1848 4573 1911 4651 tui,
1940 4577 1969 4637 et
1996 4574 2106 4640 domm
2126 4577 2239 4657 pam,
2266 4579 2325 4660 tui,

318 4665 425 4732 inerat
448 4658 532 4726 illud
554 4657 646 4741 quasi
661 4654 814 4739 pedestre
829 4661 1007 4718 oertamen:
1030 4667 1121 4714 nuno
1135 4645 1298 4743 signifieat
1349 4648 1444 4712 ιιιιιιι
1465 4649 1532 4728 ipsi
1554 4649 1675 4730 perfide
1701 4656 1859 4736 opuntia
1887 4661 1930 4737 te,
1963 4661 2058 4725 etiosa
2086 4662 2154 4743 ipsi
2182 4663 2327 4730 alemant

319 4750 428 4826 Deus,
458 4745 583 4811 instare
606 4741 794 4825 graviorem
817 4737 1004 4820 protollam,
1027 4733 1083 4799 ubi
1105 4738 1230 4828 equttoa
1251 4750 1296 4794 rr-
1343 4737 1417 4812 post
1448 4737 1476 4831 ιι
1502 4732 1600 4814 pase
1630 4755 1699 4801 vote
1730 4737 1797 4822 (vel
1825 4743 1992 4807 turmatim
2016 4730 2084 4812 aba
2117 4747 2209 4812 enim
2232 4751 2326 4815 varie

320 4845 433 4903 ruent:
468 4831 547 4915 quia
578 4827 703 4894 soilioet
735 4821 924 4892 ooneitandi
955 4829 1052 4885 erent
1074 4815 1232 4883 Chaldaei
1251 4823 1298 4912 Ιιι
1348 4817 1553 4901 exponitur),
1584 4838 1622 4884 ne
1642 4822 1778 4902 confides
1799 4825 1895 4906 ipsis,
1922 4828 2015 4892 ιιιιιι
2036 4832 2067 4894 ιι
2088 4831 2260 4914 emuntur
2282 4835 2328 4900 aa

319 4919 451 5005 Assyrii
473 4917 597 4983 maiora
619 4911 789 4989 violantia,
812 4916 849 4974 ut
872 4913 1042 4972 vastarent
1062 4911 1166 4967 totam
1189 4918 1297 4982 ragio·
1347 4899 1474 4984 ιι(ιοι
1494 4911 1562 4981 ιιι,
1592 4906 1712 4992 tetum)
1740 4908 1819 4973 tona
1840 4907 1887 4992 (id
1910 4923 1975 4989 ega,
2005 4916 2109 4982 amieo
2139 4929 2251 4984 ,geum
2281 4920 2327 4985 10,

319 5027 406 5088 nam,
428 5013 527 5087 atqrm
549 4999 663 5066 urbem
685 4998 791 5082 ipsam
814 4991 999 5077 perderent.
1034 4988 1108 5053 Ηοι
1130 5005 1208 5068 ergo
1231 5003 1296 5048 non
1348 4985 1512 5071 quantur).

320 5091 474 5176 dirigitur
496 5087 538 5153 ad
566 5085 779 5170 prophetam,
813 5078 871 5146 aad
904 5076 1014 5176 potins
1046 5071 1088 5136 ad
1122 5068 1296 5154 populum:
1472 5154 1478 5168 ι

320 5178 415 5262 qnasi
438 5175 561 5242 dioerat
583 5173 700 5238 leviter
721 5167 897 5253 proeliatos
927 5164 1029 5227 ιιιιιι
1052 5155 1193 5222 Iudaeos
1220 5173 1297 5219 oum
1434 5153 1500 5219 Ηιι
1522 5155 1713 5238 prophetam
1736 5179 1832 5224 suum
1855 5161 2031 5248 alloquitur
2054 5171 2157 5256 Deus,
2187 5183 2225 5238 nt
2247 5195 2328 5241 eon·

319 5261 486 5349 Assyriis,
515 5267 550 5325 et
573 5267 683 5325 temen
705 5256 808 5322 fuisso
830 5249 993 5326 devietos,
1023 5253 1056 5310 at
1077 5241 1191 5306 multia
1213 5238 1298 5304 aala-
1350 5237 1458 5301 firmet
1497 5247 1599 5304 totam
1643 5263 1760 5307 eaesae
1802 5246 1977 5331 astionem,
2021 5275 2119 5339 quem
2164 5258 2328 5327 vidimus·
