5038 6118
181 429 222 496 35
907 419 957 486 IN
983 419 1232 488 IllRIIhIIAhI.
1277 421 1377 488 OAP.
1398 423 1442 490 X.
2133 424 2176 490 86

181 616 336 700 quonism
359 613 456 699 peule
479 622 547 694 pest
571 613 628 678 fiet
650 611 773 676 mentio
793 619 971 694 pastorum,
990 604 1063 674 ideo
1082 628 1152 690 pre·
1203 608 1320 692 phetes
1342 631 1410 676 nen
1427 611 1651 678 extenuabant
1672 621 1803 694 peeeeta
1823 609 1945 694 pepuli,
1968 629 2072 694 neque
2090 613 2176 680 vele·

181 704 281 788 phou
298 699 427 765 videtur
449 699 595 764 alludere
615 697 656 762 ed
675 695 807 781 tuguria
829 705 1006 777 pasterum.
1040 692 1152 774 Quan-
1203 695 1283 760 bant
1314 695 1482 762 absolvere
1515 697 1637 780 vulgus
1673 697 1791 778 ipsum.
1847 694 1915 766 Sed
1947 697 2102 780 quonism
2139 706 2175 764 nt

181 778 1024 939 ἓὲἱῗθὶἱῖῑξὶἱξὶἱῒ533ἱὶὶὶἐὶᾚὶἳὶ
1035 779 1152 944 ttlt
1201 779 1391 932 {ittet
1408 781 2174 952 ttttdtllttttltttttmtt

181 921 355 1044 quominn’s
387 955 428 1021 ed
457 964 602 1039 pastores
634 951 801 1036 respiciat,
834 951 875 1016 de
903 951 1020 1032 quibus
1054 948 1151 1031 paule
1203 971 1333 1018 neeesse
1355 951 1418 1018 tuit
1439 951 1613 1035 prophetes
1635 965 1749 1020 uetere
1771 952 1853 1018 illud
1876 952 2004 1020 vitium.
2044 953 2090 1020 Et
2111 953 2172 1020 sei·

181 1053 256 1131 pest
277 1043 447 1126 loquetur:
470 1051 504 1105 et
525 1041 648 1106 interea
671 1039 810 1104 retinent
830 1056 1036 1102 eemmnnem
1058 1035 1149 1100 illem
1202 1057 1275 1103 mus
1304 1038 1402 1104 etiem
1435 1049 1559 1120 quante
1590 1038 1633 1104 sit
1665 1039 1819 1122 superbia
1849 1039 1884 1104 in
1914 1037 2046 1122 regibus
2075 1048 2108 1104 et
2138 1039 2173 1106 in

180 1133 334 1214 figurem,
368 1148 453 1211 quae
484 1125 606 1210 passim
638 1123 780 1191 eeeurrit
812 1120 898 1207 epod
929 1143 1043 1187 omnes
1076 1142 1149 1205 pro·
1201 1121 1438 1206 seoerdetibus,
1474 1134 1507 1189 et
1539 1122 1611 1189 eliis
1643 1125 1888 1207 quibuscunque
1922 1122 1980 1207 qui
2012 1122 2173 1210 dignitate

180 1217 305 1301 phetas.
334 1214 425 1279 Dioit
441 1213 542 1296 igitur
558 1209 789 1276 teter-tenedum
805 1228 900 1276 suum
917 1227 983 1274 osse
998 1207 1149 1289 demum,
1201 1207 1309 1291 alique
1338 1207 1471 1291 pellent.
1516 1209 1643 1276 Putant
1667 1209 1756 1275 enim
1780 1230 1816 1273 se
1837 1209 1962 1275 solutes
1990 1229 2061 1276 esse
2082 1211 2172 1276 omni

180 1309 208 1368 et
236 1321 340 1368 emese
368 1300 463 1381 furtes
493 1316 570 1364 estes
600 1300 717 1377 reptes.
774 1293 870 1376 Quod
903 1291 1149 1359 tebernmulum
1200 1293 1417 1378 legesvelunt
1438 1293 1501 1360 sibi
1523 1295 1613 1379 parei
1629 1315 1668 1362 ee
1685 1296 1713 1360 ei
1730 1303 1840 1362 essent
1861 1297 2068 1362 eaeressneti.
2098 1295 2172 1362 Hse

180 1387 313 1471 quidam
334 1385 499 1468 aeeipiunt
521 1383 560 1448 de
582 1379 662 1447 urbe
683 1380 894 1465 lerosolymn,
918 1387 1068 1448 eeeetum
1091 1387 1149 1454 est.
1200 1379 1303 1462 igitur
1320 1381 1445 1446 retieue
1464 1381 1623 1463 propheta
1640 1380 1868 1446 vehementius
1885 1391 1919 1446 et
1934 1381 2041 1448 serius
2058 1393 2172 1448 nenne

180 1494 285 1556 neque
318 1471 485 1537 eosvenit:
520 1479 552 1532 et
580 1467 645 1532 ism
681 1465 839 1546 diximus,
874 1463 1066 1548 prophetem
1095 1463 1149 1530 hie
1200 1463 1282 1530 telos
1317 1465 1469 1549 insurgit
1523 1466 1703 1549 Propteree
1739 1464 1817 1530 dieit
1846 1471 1994 1546 pastores
2026 1486 2091 1532 esse
2123 1467 2172 1532 ie·

179 1559 265 1642 leqni
290 1559 323 1622 in
345 1573 484 1639 persone
506 1555 606 1621 totins
629 1552 747 1636 pepuli.
771 1550 906 1634 perinde
928 1569 966 1616 ee
985 1549 1013 1616 si
1030 1549 1149 1615 feneret
1197 1550 1354 1632 salomes:
1384 1551 1431 1618 sie
1464 1551 1551 1617 enim
1586 1560 1666 1617 tune
1697 1551 1836 1634 populns
1870 1549 2063 1636 repudiebet
2095 1571 2170 1635 pre·

178 1645 335 1729 populum
357 1641 495 1708 similem
519 1641 589 1704 vire
611 1649 645 1704 et
666 1636 891 1720 petrilemilies
913 1635 970 1719 qui
992 1635 1026 1699 in
1046 1636 1149 1700 taber·
1200 1636 1331 1719 phetas,
1365 1646 1402 1701 ut
1431 1633 1527 1702 hodie
1557 1636 1704 1703 videmus
1735 1637 1806 1702 lieri
1839 1639 1873 1702 in
1904 1647 2035 1720 papatu.
2084 1635 2169 1704 Nem

179 1728 305 1797 naeniis
326 1727 460 1792 hotias.
503 1725 602 1800 Dieit,
633 1721 714 1788 Filii
735 1723 797 1788 moi
818 1723 933 1806 epreesi
954 1725 1028 1786 estet
1049 1743 1071 1786 e
1091 1740 1147 1786 ete.
1199 1723 1297 1786 etiem
1320 1721 1348 1786 si
1370 1723 1555 1806 praefertur
1584 1721 1672 1788 olere
1701 1731 1734 1788 et
1756 1722 1926 1805 perspicue
1949 1722 2011 1787 Dei
2036 1723 2169 1800 veritos,

178 1815 400 1898 Conqueritur
422 1832 499 1894 erge
521 1809 659 1893 populus
681 1829 716 1875 se
733 1808 883 1874 erbetum
905 1827 976 1874 esse
998 1806 1148 1872 omnibns
1198 1807 1295 1872 multi
1326 1819 1437 1874 tamen
1470 1813 1509 1874 ut
1536 1808 1687 1891 elypeum
1719 1807 1890 1888 ebiioiant,
1924 1806 2105 1874 obtendunt
2135 1829 2170 1873 se

178 1902 264 1976 filiis,
297 1919 404 1981 neque
426 1897 459 1962 id
483 1895 587 1972 mede,
620 1892 798 1960 sedetiam
829 1894 893 1958 hue
914 1905 948 1957 et
969 1890 1048 1958 illue
1076 1911 1147 1958 esse
1198 1893 1295 1958 tidem
1326 1891 1448 1960 habere
1475 1893 1732 1976 episeopislsnis
1753 1901 1787 1958 et
1807 1893 1961 1975 preelatis
1983 1903 2016 1958 et
2037 1893 2169 1978 regibus

178 1986 350 2068 disperses,
382 1982 468 2068 qned
501 1982 650 2047 miserius
672 1988 723 2046 est
743 2000 840 2062 quam
863 1981 891 2043 si
914 1989 1018 2042 merto
1047 1974 1147 2042 nblsti
1199 1985 1233 2044 et
1255 1979 1326 2044 eliis
1349 1977 1459 2046 larvis.
1493 1977 1605 2059 Quum
1627 1999 1705 2062 erge
1728 1977 1854 2044 videret
1874 1978 2031 2052 Ieremias
2054 2002 2169 2064 puram

177 2080 298 2138 essent.
343 2071 459 2134 Postea
484 2067 642 2150 adiungit,
672 2065 717 2130 Et
736 2064 845 2130 ordire
865 2069 910 2130 eet
929 2064 985 2146 qui
1006 2063 1148 2128 mundet
1201 2065 1262 2130 Dei
1285 2063 1465 2130 deotrinnm
1487 2065 1533 2128 ite
1554 2065 1693 2147 opprimi
1715 2063 1803 2131 inani
1826 2063 1882 2129 ille
1903 2065 2083 2147 splendere,
2112 2087 2168 2134 ne-

177 2156 410 2223 tnbemotatlum
444 2173 562 2234 metet,
598 2157 630 2216 et
658 2151 713 2234 qui
744 2151 847 2233 erigat
881 2149 1017 2214 eertiaoe
1051 2168 1146 2214 mma.
1198 2170 1288 2216 essse
1311 2149 1426 2215 hebuit
1447 2149 1599 2234 detegere
1621 2151 1729 2215 suoum
1752 2149 1845 2214 illum
1864 2161 1897 2214 et
1915 2152 2112 2235 abstergere,
2131 2163 2168 2218 nt

177 2242 354 2327 Signiflont
374 2241 547 2315 Ieremias,
581 2238 737 2321 populum
771 2239 816 2301 sie
849 2235 998 2300 erbetum
1027 2235 1079 2310 iri,
1111 2243 1148 2298 ut
1197 2236 1244 2299 ite
1266 2235 1389 2318 loquer.
1434 2235 1507 2302 Hee
1528 2235 1631 2318 igitur
1653 2235 1778 2302 ratione
1801 2235 1879 2302 dieit
1897 2237 2080 2317 ,infatuatos
2101 2259 2168 2304 esee

177 2348 275 2394 neme
303 2326 463 2393 suxilinm
493 2325 591 2406 leret,
623 2331 657 2388 et
682 2320 828 2404 indigent
857 2331 968 2384 temen
999 2319 1146 2384 emnium
1191 2327 1345 2401 pastores.
1376 2320 1470 2402 Quod
1489 2320 1517 2386 si
1536 2319 1616 2387 heeo
1634 2322 1808 2388 nenessitas
1826 2321 1973 2388 ineubuit
1990 2323 2167 2406 prophetis,

176 2414 310 2479 suxilio.
355 2411 459 2476 Nemo
482 2419 559 2475 tune
587 2415 734 2490 putesset
755 2406 817 2472 hee
844 2408 923 2482 fore,
954 2415 987 2468 et
1009 2403 1147 2471 ludibrio
1199 2405 1295 2472 hodie
1324 2405 1402 2488 quid
1431 2406 1594 2490 agendum
1617 2415 1676 2484 est,
1710 2405 1765 2473 ubi
1789 2405 1938 2472 videmus
1967 2428 2023 2474 ees
2044 2429 2166 2488 omnes,

175 2499 310 2564 habitus
339 2498 399 2561 luit
427 2495 598 2562 Ieremias:
632 2494 688 2559 elii
717 2494 814 2558 etiem
848 2491 1005 2556 adversus
1038 2491 1145 2572 ipsum
1198 2493 1253 2573 qni
1276 2492 1382 2574 plenis
1404 2492 1513 2560 buoeis
1541 2492 1665 2558 ieetent
1687 2513 1722 2558 se
1743 2512 1816 2560 esse
1840 2491 2009 2560 eoelesiem
2038 2515 2167 2576 repres-

176 2583 387 2650 frendebent:
422 2581 478 2646 sed
502 2593 610 2646 temen
639 2579 783 2644 ostendit
811 2577 889 2660 quid
916 2577 1063 2642 futurum
1093 2576 1145 2641 sit.
1198 2579 1404 2652 sentativem,
1428 2587 1536 2642 temen
1554 2597 1625 2643 esee
1643 2599 1751 2644 meres
1768 2578 1971 2660 impostores,
1989 2589 2022 2644 et
2038 2579 2167 2648 trabere

175 2671 221 2736 Et
244 2690 308 2753 que
330 2668 402 2751 plus
425 2667 650 2733 vehementiae
672 2664 790 2730 hebeat
814 2663 926 2739 oratio,
957 2667 991 2726 et
1012 2662 1056 2727 sit
1076 2659 1146 2728 elfi-
1198 2663 1335 2728 miseras
1358 2663 1540 2728 enimenin
1563 2663 1718 2728 exitium:
1748 2663 1825 2746 quid
1848 2662 1981 2729 ebseere
2004 2665 2166 2750 agendum

175 2758 297 2834 oeoier‚
333 2753 479 2836 loquitur
510 2753 604 2834 qussi
637 2771 680 2816 ox
711 2769 822 2816 eornm
856 2767 1010 2832 porsena:
1047 2766 1086 2810 ao
1118 2748 1145 2812 si
1199 2748 1293 2814 nobis
1310 2758 1369 2827 est,
1389 2768 1485 2830 quem
1504 2748 1588 2830 qued
1608 2768 1627 2812 e
1644 2748 1812 2833 prophetis
1832 2747 2028 2842 dIdioimns?
2051 2748 2167 2820 deinde

175 2861 318 2907 numum
340 2839 470 2922 quidem
493 2849 587 2922 peets
609 2835 924 2919 repraesentaretis
948 2833 1085 2910 theatro,
1113 2841 1147 2898 et
1198 2854 1293 2916 quem
1317 2834 1417 2900 stulte
1435 2840 1469 2898 et
1486 2833 1654 2918 pueriliter
1674 2834 1839 2918 ineptiunt
1860 2835 1995 2918 papales
2016 2837 2166 2921 episoepi,

174 2933 369 3011 suggereret
394 2945 478 3006 qnae
500 2925 569 2990 eine
597 2941 754 3004 personae
776 2931 853 3004 epte
873 2929 991 2996 essent,
1022 2938 1145 2984 eeoem·
1198 2919 1276 2984 dum
1299 2919 1414 2985 velunt
1436 2940 1471 2984 se
1492 2918 1627 2986 reddere
1656 2919 1820 2986 immunes
1850 2918 1891 2984 sb
1918 2919 2007 2985 omni
2036 2921 2166 3000 iudieie,

173 3011 326 3079 mederet
348 3012 448 3076 rerba
469 3017 503 3075 et
525 3015 646 3094 gestus,
668 3008 715 3072 ite
737 3016 773 3070 ut
790 3016 898 3088 posset
919 3004 975 3069 ille
998 3003 1090 3086 quasi
1112 3004 1144 3070 in
1196 3005 1348 3087 quonism
1373 3025 1472 3086 penes
1493 3005 1582 3086 ipses
1604 3005 1649 3070 sit
1670 3013 1815 3088 potestas
1837 3014 1871 3070 et
1887 3005 2052 3073 ordinarie
2073 3008 2166 3074 iuris·

173 3097 308 3182 speonle
342 3097 524 3180 perspieere
556 3115 665 3160 meres
698 3113 773 3158 sues
803 3102 837 3156 et
865 3091 1043 3175 ingenium.
1090 3087 1145 3156 Sie
1171 3088 1172 3122 ¹
1197 3088 1318 3156 diotie?
1352 3089 1437 3156 Nem
1466 3101 1555 3156 oerte
1585 3110 1652 3156 nen
1680 3101 1816 3174 pessunt
1846 3089 1907 3156 sibi
1937 3091 2010 3174 plus
2037 3112 2166 3160 sumere

173 3186 275 3250 etiem
306 3182 359 3248 hie
387 3180 546 3264 prophete
578 3199 679 3262 quum
702 3176 793 3242 videt
824 3176 965 3258 simplici
998 3174 1146 3239 doctrine
1170 3125 1174 3255 l
1198 3195 1297 3257 quem
1330 3175 1512 3242 seeerdotes
1544 3175 1666 3243 levitiei
1693 3175 1788 3242 elim:
1821 3176 1912 3242 Deus
1941 3177 2027 3243 enim
2061 3199 2166 3262 genus

173 3291 244 3334 non
273 3269 364 3352 tongi
397 3268 562 3350 stupidum
596 3264 687 3330 illum
721 3263 887 3346 populum,
920 3260 1000 3328 dieit
1031 3279 1146 3324 omnes
1170 3258 1173 3307 l
1197 3259 1277 3327 illud
1307 3261 1368 3328 sibi
1397 3261 1550 3346 elegerat,
1582 3270 1615 3328 et
1643 3261 1827 3345 quiounque
1860 3271 1954 3328 erent
1982 3264 2167 3332 seeerdetes

173 3355 295 3421 debere
316 3367 349 3418 et
370 3353 406 3416 in
428 3352 547 3416 animis
580 3351 642 3415 hoe
671 3349 806 3424 sentire,
840 3359 873 3412 et
894 3346 1012 3428 ,lingue
1045 3345 1144 3410 etiem
1170 3332 1173 3451 l
1197 3347 1317 3430 legulos
1348 3357 1497 3430 peterent
1525 3348 1646 3413 ieoture
1668 3367 1704 3412 se
1725 3358 1851 3414 mestos
1873 3348 1974 3414 fuisse
1997 3349 2164 3418 divinitus.

171 3441 299 3518 testari,
322 3458 436 3522 nempe
458 3436 544 3520 qued
566 3435 634 3502 sint
654 3434 801 3513 solitarii,
823 3433 890 3498 sint
908 3431 1027 3497 deserti
1044 3452 1064 3496 a
1079 3432 1145 3496 suis
1170 3470 1172 3485 ·
1197 3433 1300 3516 Atqui
1331 3432 1479 3499 ridemus
1515 3433 1587 3518 eegi
1622 3433 1710 3516 ipses
1741 3431 1776 3498 in
1810 3433 1956 3499 ordinem
1993 3446 2027 3500 et
2060 3438 2167 3502 veneri

171 3525 338 3601 omnibns,
367 3544 427 3590 nee
448 3524 515 3586 iam
537 3522 709 3604 quisquam
737 3520 801 3584 illis
822 3539 916 3600 opem
940 3518 1033 3582 feret.
1078 3515 1144 3584 Sed
1197 3519 1315 3584 fatuos.
1361 3517 1472 3600 Quum
1497 3529 1579 3601 'ergo
1606 3538 1692 3602 pape
1721 3537 1797 3584 eum
1825 3521 1977 3586 omnibus
2006 3522 2074 3587 suis
2101 3543 2168 3588 nen

196 3610 386 3692 reseqnitnr
426 3607 649 3694 metephoram
689 3606 778 3670 illem
816 3603 856 3668 de
891 3624 953 3686 qua
992 3602 1145 3668 diximus.
1198 3605 1297 3671 fuerit
1326 3616 1455 3672 oreatus
1485 3625 1504 3668 s
1531 3605 1613 3680 Dee,
1648 3623 1753 3688 neque
1786 3603 1891 3670 ullum
1925 3603 2042 3672 hebeat
2075 3609 2167 3674 teeti·

205 3718 275 3762 uno
296 3696 454 3778 sequitur,
1199 3690 1341 3756 monium
1360 3710 1438 3755 suae
1453 3690 1641 3766 venetienis,
1659 3691 1756 3754 etiem
1775 3690 1804 3755 si
1818 3690 1929 3755 emnia
1946 3691 2008 3758 sibi
2026 3702 2166 3776 arroget,

1198 3774 1296 3858 idque
1319 3775 1467 3842 videatur
1495 3776 1566 3839 iure
1595 3775 1717 3840 faeere:
1752 3796 1816 3841 nen
1841 3786 1949 3840 temen
1979 3788 2083 3859 petest
2109 3799 2167 3844 ex·

261 3868 313 3932 21.
340 3867 422 3948 Quin
443 3863 596 3947 insolenti
616 3867 689 3928 sent
704 3866 858 3944 pareres,
878 3859 1067 3925 etIelteeem
1084 3879 1146 3924 nee
1197 3862 1315 3928 sollers
1344 3881 1421 3944 pree
1452 3859 1597 3944 entiquis
1630 3859 1860 3927 seeerdetibns.
1911 3861 2001 3945 Ergo
2034 3883 2166 3930 neeesse

168 3954 403 4037 inquisierunt:
433 3971 493 4033 pre
559 3969 596 4014 eo
631 3968 693 4014 noe
725 3951 849 4030 eportert
881 3964 1032 4028 prospero
1068 3943 1145 4029 (elii,
1198 3961 1257 4026 ost,
1288 3958 1325 4012 nt
1346 3946 1460 4012 subeat
1489 3946 1655 4024 indioium‚
1688 3945 1774 4028 qued
1803 3945 1977 4011 denuntiat
1998 3947 2051 4014 hio
2073 3948 2165 4016 Dens

168 4060 238 4105 nen
263 4038 525 4118 intellexerunt,
559 4040 588 4101 ot
609 4054 697 4099 erano
713 4033 958 4114 paeteritorum
989 4028 1064 4115 (hee
1086 4040 1145 4109 est,
1198 4054 1256 4117 per
1278 4053 1314 4098 es
1336 4031 1514 4115 prophetes
1536 4032 1596 4096 sui.
1641 4030 1781 4096 Censem
1804 4032 1911 4097 reddit
1933 4054 1992 4098 our
2013 4032 2166 4100 infatuati

168 4122 332 4210 quidquid
354 4124 387 4187 in
410 4123 538 4206 paeonis
560 4141 671 4186 eorum
694 4117 1074 4202 mansuetissimum
1198 4121 1280 4198 sint,
1312 4118 1389 4201 quie
1416 4137 1479 4184 een
1506 4117 1718 4198 inpotentiae
1737 4116 1851 4182 Deum.
1898 4118 2057 4184 Videmus
2088 4141 2165 4205 erge

1198 4225 1239 4269 ex
1260 4205 1416 4287 opposite,
1443 4203 1528 4268 hene
1549 4222 1619 4268 esee
1641 4223 1751 4268 vorem
1774 4203 1967 4285 sapientiam
1990 4203 2044 4268 ubi
2066 4226 2165 4288 quee-

261 4295 372 4359 Prime
400 4292 471 4359 leee
499 4310 632 4358 oensem
665 4290 811 4373 assignet
843 4286 1026 4354 horrendae
1058 4286 1145 4353 illius
1198 4291 1282 4354 riter
1305 4290 1404 4355 Deus.
1448 4286 1591 4353 Proinde
1624 4288 1678 4354 ubi
1708 4286 1834 4354 nullum
1863 4300 1914 4354 ost
1940 4289 2085 4356 studium
2115 4293 2165 4358 in·

167 4379 377 4455 vastationis,
399 4376 440 4442 de
461 4397 524 4460 qus
547 4376 701 4458 loquutus
723 4383 782 4454 est,
803 4376 879 4457 qnia
900 4374 1025 4440 seilioet
1046 4393 1144 4440 sensu
1198 4374 1347 4460 quirendi
1370 4373 1443 4452 Dei,
1471 4393 1602 4441 neeesse
1623 4383 1682 4450 eet,
1712 4374 1809 4440 etlenn
1836 4375 1892 4456 qui
1915 4373 2069 4442 videntur
2089 4395 2165 4444 seu·

169 4474 205 4532 et
222 4464 444 4550 intelligentta
460 4463 624 4528 eernerint
641 4471 797 4545 penteres.
820 4459 940 4526 Adhne
957 4468 1145 4541 perseveret
1199 4461 1314 4526 tissimi
1335 4481 1415 4538 esse,
1444 4479 1577 4541 prorsus
1606 4458 1761 4541 desipere.
1805 4459 1879 4525 Hee
1901 4460 2035 4526 oonsilio
2063 4463 2165 4528 etiem
2224 4463 2227 4472 '

168 4554 205 4618 in
230 4571 291 4618 sue
318 4549 524 4631 metaphere,
554 4557 591 4614 ut
611 4547 770 4612 ridemus.
815 4544 911 4626 Quod
942 4547 1145 4628 restringunt
1198 4553 1292 4612 veeet
1325 4545 1469 4611 insulsos
1504 4543 1558 4609 vel
1593 4543 1748 4627 insipidos
1783 4544 1941 4611 Ieremias
1980 4547 2165 4632 quieunque

169 4637 307 4720 quidam
340 4636 401 4700 hee
430 4633 471 4700 ed
500 4654 593 4717 reges
620 4633 732 4710 Israel,
766 4632 848 4697 mihi
882 4650 946 4695 neu
980 4630 1143 4712 probetur.
1197 4632 1305 4698 Deum
1329 4651 1394 4697 neu
1417 4630 1638 4712 inquisierant.
1676 4629 1741 4695 Hie
1762 4629 1851 4696 loeus
1873 4630 1967 4698 deeet
1988 4631 2073 4696 bano
2094 4634 2165 4698 uni·

170 4723 382 4805 Compleeter
414 4721 502 4786 enim
529 4718 590 4784 sub
617 4717 678 4785 hee
708 4717 838 4784 nemine
870 4723 937 4782 tem
972 4736 1080 4800 regem
1111 4725 1145 4782 et
1197 4738 1268 4783 oum
1290 4737 1361 4782 esse
1383 4716 1488 4798 legem
1512 4716 1573 4780 rite
1602 4714 1821 4798 gubernandi,
1855 4717 1909 4782 ubi
1931 4717 1984 4799 qui
2007 4726 2165 4799 praesunt

169 4809 245 4874 eius
267 4807 467 4873 eonsiliaries
489 4825 587 4888 quem
605 4803 789 4870 seoerdotes
807 4813 841 4868 et
858 4801 1042 4884 prophetes.
1071 4801 1143 4867 Non
1196 4802 1330 4868 student
1363 4801 1440 4866 dare
1473 4801 1610 4884 gloriam
1643 4799 1732 4876 Dee,
1770 4810 1803 4866 et
1836 4802 1981 4867 referunt
2014 4801 2054 4866 ed
2088 4823 2163 4868 enm

170 4893 249 4960 vult
281 4901 390 4958 eutem
422 4891 579 4956 Ieremias
615 4889 771 4973 populum
808 4889 953 4953 eximere
985 4909 1005 4952 s
1036 4887 1143 4970 oulpn,
1195 4888 1306 4953 emnia
1336 4886 1443 4954 studia
1464 4907 1525 4953 sue
1546 4894 1579 4952 et
1601 4887 1760 4952 aetienee:
1795 4885 1850 4952 ubi
1872 4897 1981 4952 entem
2011 4887 2073 4952 elie
2096 4899 2163 4952 tre·

170 4981 255 5044 dum
277 4978 482 5062 peonlieriter
504 4989 634 5042 eoeuset
663 4983 825 5057 pastores:
858 4971 915 5039 sed
937 4981 1065 5038 tentum
1088 4971 1142 5038 de·
1196 4973 1321 5040 huntur
1343 4992 1472 5038 neeesse
1494 4983 1544 5038 est
1566 4971 1713 5055 desipere
1735 4981 1768 5037 et
1784 4972 1948 5048 inletunri,
1969 4992 2163 5057 quoeunque

169 5073 339 5132 monstret
373 5064 513 5146 primum
550 5062 709 5144 originem
743 5065 776 5124 ot
807 5078 939 5126 oausam
973 5059 1142 5137 melorum,
1218 5058 1368 5124 rudentis
1390 5058 1541 5141 polleant.
1584 5057 1673 5122 Hine
1694 5056 1774 5122 dioit
1795 5077 1856 5122 nen
1881 5058 1979 5142 speses
2003 5078 2162 5142 prospere.

169 5149 262 5234 qued
288 5149 412 5216 seilieet
436 5168 530 5232 reges
552 5158 586 5213 et
607 5145 783 5229 prophetes
804 5154 838 5209 et
859 5145 1041 5210 saeerdetos
1071 5165 1141 5210 eae·
1195 5080 1263 5222 epm
1285 5144 1447 5228 signifieat
1475 5142 1668 5227 intelligere,
1698 5143 1859 5226 signifieat
1888 5144 1988 5208 etiam
2009 5164 2163 5228 prospere

168 5237 363 5318 entirerint,
385 5241 483 5316 atque
503 5235 550 5298 ite
570 5231 773 5315 perdiderint
793 5249 927 5315 gregem
946 5230 1019 5295 Dei.
1053 5228 1142 5296 Alibi
1195 5251 1301 5314 agere.
1353 5228 1426 5296 Neu
1459 5227 1554 5295 rideo
1587 5228 1762 5306 mtienem,
1799 5249 1858 5294 our
1891 5227 1944 5295 hio
1977 5241 2163 5296 vertamus:

169 5323 276 5389 etiem
304 5320 447 5387 uidimus
479 5318 602 5386 similes
635 5316 789 5401 loquendi
820 5315 948 5395 modes,
983 5315 1038 5381 ubi
1067 5336 1142 5398 pre·
1193 5315 1273 5382 Idee
1302 5335 1369 5381 nen
1402 5323 1540 5400 egerunt
1573 5312 1759 5396 prudenter.
1809 5313 1882 5379 Heo
1916 5315 2006 5380 enim
2034 5315 2163 5383 videtur

1923 5415 1957 5470 6⁸
