5176 6118
341 395 405 462 539
1147 385 1534 454 Paauuuoulottus
2276 390 2342 456 540

341 581 467 666 pressit,
490 578 608 645 deiude
630 576 750 644 restitit
768 577 913 642 animose
931 573 1152 641 sacerdotibus
1170 583 1203 639 et
1224 574 1315 640 taleis
1366 574 1469 642 fuisse
1490 575 1611 666 lactum
1634 574 1669 639 in
1691 574 1830 659 gratiam
1854 573 2033 659 prophatae
2053 575 2168 659 ipsius,
2191 596 2256 660 quo
2277 577 2340 644 sui·

339 665 518 750 prophetis,
537 666 607 731 ideo
624 684 739 730 ιιιιιιιιιι
756 663 833 740 eiua,
855 662 887 726 id
908 669 957 727 est
974 661 1145 741 auxilium,
1166 659 1229 743 fuit
1245 680 1315 728 cum
1366 660 1443 726 licet
1464 660 1605 727 alacrius
1634 671 1805 745 perageret
1832 681 1950 726 munus
1979 681 2088 740 suum,
2117 680 2221 743 quum
2250 672 2340 728 certo

343 751 493 830 Ierermo,
530 772 572 816 ne
608 749 730 815 scilicet
760 749 937 814 trodmter
972 747 1007 811 m
1042 767 1170 812 mursam
1201 745 1314 828 plebia.
1366 757 1575 830 cognosceret
1596 745 1683 829 quod
1706 768 1801 812 nemo
1824 767 1968 829 unquam
1998 754 2145 829 putasset
2174 767 2268 830 posse
2290 769 2341 814 aa·

341 839 431 906 Hine
453 837 551 901 etiam
581 845 726 918 apparet,
755 831 1028 917 quemadmodum
1059 833 1130 898 heri
1160 831 1314 910 diximus,
1366 832 1490 898 cidere:
1524 842 1557 896 et
1589 840 1677 898 certe
1706 853 1758 898 res
1786 841 1857 898 erat
1885 830 2095 896 incredibilis.
2139 831 2232 898 Deus
2260 853 2339 916 ergo

342 945 408 989 non
431 922 531 988 luisse
558 921 667 987 statim
699 918 912 1004 compositum
943 917 1134 997 tumultum,
1162 919 1313 1000 qnoniam
1367 916 1472 982 voluit
1492 919 1586 1000 quasi
1609 938 1755 983 seorsum
1779 918 1958 1000 prophetae
1982 938 2043 983 suo
2072 919 2105 984 io
2135 937 2249 983 aurem
2280 919 2340 986 hoe

341 1007 555 1075 virulentiam
577 1027 670 1072 suam
694 1007 739 1071 ita
761 1012 950 1088 sparserant
978 1004 1052 1070 falsi
1082 1003 1259 1087 prophetae
1282 1012 1315 1068 et
1366 1002 1483 1080 dicere,
1512 1013 1549 1068 nt
1571 1003 1685 1085 procul
1707 1005 1866 1086 aspiceret
1887 1023 1970 1086 quas
1993 1021 2090 1067 nemo
2113 1023 2257 1086 unquam
2279 1025 2340 1086 pu-

343 1093 537 1170 saeerdotes‚
561 1101 598 1157 ut
619 1093 686 1156 fere
709 1089 923 1173 implacabilis
946 1097 1033 1155 esset
1051 1090 1197 1174 populus.
1231 1090 1314 1153 Pro·
1367 1097 1477 1168 tasset,
1500 1089 1596 1156 sicuti
1619 1110 1724 1172 nuper
1743 1089 1810 1154 dixi
1834 1109 1926 1172 posse
1948 1089 2026 1154 fieri.
2061 1088 2153 1157 Haec
2175 1090 2258 1156 ratio
2279 1100 2338 1168 ast,

342 1181 476 1263 ponitur
498 1179 598 1262 igitur
619 1177 674 1242 hic
695 1174 789 1244 nobis
811 1175 999 1260 exemplum
1022 1174 1260 1258 magnitudinis
1282 1183 1315 1237 et
1367 1195 1439 1239 meo
1462 1172 1590 1253 iudicio,
1613 1196 1672 1241 our
1692 1196 1758 1240 nou
1780 1175 1892 1241 statim
1915 1173 1995 1238 haec
2016 1172 2188 1258 prophetia
2207 1174 2341 1258 vulgata

344 1263 562 1332 constantiae:
587 1265 664 1346 quia
686 1263 852 1328 nonsatis
875 1271 924 1326 est
945 1261 1000 1326 ubi
1029 1261 1120 1326 nobis
1153 1261 1216 1325 erit
1244 1269 1315 1326 tuto
1367 1260 1474 1337 luerit,
1505 1259 1561 1325 sed
1584 1261 1688 1325 instar
1710 1259 1858 1326 thesauri
1880 1259 2028 1342 deposita
2049 1260 2149 1325 fuerit
2171 1261 2205 1324 in
2228 1261 2338 1326 sinum

342 1350 484 1416 liberum
503 1359 536 1414 et
558 1350 735 1433 integrum,
764 1347 962 1430 patrocinari
987 1345 1075 1411 bonis
1105 1346 1220 1421 oensis,
1251 1345 1316 1410 nisi
1367 1345 1556 1428 prophetae,
1574 1347 1677 1412 donee
1692 1356 1858 1411 maturum
1870 1345 1998 1410 adesset
2013 1355 2151 1427 tempus.
2175 1343 2338 1412 Differam

344 1437 443 1502 etiam
463 1444 654 1516 contempta
682 1437 772 1500 omni
803 1431 929 1497 invidia
955 1440 989 1497 ιι
1017 1433 1134 1514 spretis
1163 1431 1315 1514 periculis
1367 1431 1471 1515 igitur
1493 1432 1527 1497 in
1550 1433 1728 1498 crastinum
1750 1452 1911 1498 summam
1934 1430 2032 1496 huius
2053 1431 2207 1497 vaticinii.

343 1522 537 1605 opponimus
566 1541 624 1584 nos
657 1519 878 1603 improborum
910 1518 1023 1596 furori,
1055 1528 1088 1582 et
1120 1516 1315 1599 suscipimus

343 1606 523 1671 certamina
545 1619 578 1670 ιι
600 1604 743 1688 pericula
766 1625 824 1687 pro
845 1603 908 1670 Dei
932 1603 1047 1682 servis,
1078 1604 1203 1686 quoties
1233 1623 1315 1684 opus
1452 1601 1535 1668 Heri
1559 1602 1770 1685 exposuimus
1791 1623 1849 1668 cur
1877 1601 2005 1668 circiter
2033 1600 2128 1667 initia
2149 1601 2243 1684 regni
2265 1599 2340 1664 Ioa-

345 1701 404 1758 est.
435 1689 565 1755 Deinde
587 1691 684 1756 simul
700 1692 798 1754 etiem
814 1689 969 1754 doeemur
984 1699 1143 1771 quantum
1159 1687 1314 1753 momenti
1367 1687 1437 1752 kim
1461 1687 1572 1754 datum
1590 1688 1689 1753 luerit
1703 1687 1896 1753 mandatum
1913 1686 2100 1771 prophetae,
2122 1686 2208 1769 quod
2228 1696 2338 1751 tamen

344 1778 486 1860 positum
509 1777 552 1840 sit
574 1775 607 1840 in
631 1775 795 1859 gravitate
819 1776 914 1840 unius
937 1773 1009 1850 viri,
1038 1774 1066 1839 si
1088 1772 1184 1839 modo
1215 1775 1314 1838 intre·
1368 1796 1432 1838 non
1449 1772 1559 1840 debuit
1574 1775 1665 1856 prius
1680 1775 1822 1856 exsequi,
1839 1793 1936 1857 quam
1952 1773 1993 1838 ad
2009 1770 2339 1854 tempusZedeohiae.

345 1862 421 1946 pide
443 1863 603 1927 sustineat
626 1863 743 1928 bonam
763 1882 904 1937 causam,
928 1880 1032 1943 neque
1054 1858 1148 1924 cedat
1165 1861 1316 1925 vesaniae
1368 1858 1510 1924 Volebat
1531 1858 1619 1924 enim
1643 1861 1734 1924 Deus
1756 1860 1862 1942 ipsum
1885 1860 2010 1925 interca
2040 1857 2149 1924 fulciri
2172 1857 2232 1922 hoo
2255 1857 2339 1922 vati-

344 1947 515 2028 malorum,
548 1945 605 2012 sed
635 1947 822 2028 experiatur
850 1954 998 2011 extrema
1027 1965 1170 2028 quaeque
1201 1945 1317 2028 potius,
1368 1945 1462 2024 einio,
1494 1967 1534 2011 ne
1564 1945 1715 2012 deficeret
1745 1946 1777 2008 in
1812 1965 1920 2011 cursu
1964 1943 2060 2010 Nono
2083 1943 2259 2009 videndum
2290 1950 2341 2006 est

346 2053 443 2116 quam
468 2041 505 2098 ut
527 2033 643 2115 prodat
665 2040 733 2097 tam
756 2035 927 2098 veritatem
951 2030 1014 2096 Dei
1037 2050 1132 2115 quam
1157 2030 1227 2098 eius
1256 2031 1316 2094 mi·
1369 2051 1527 2112 quorsum
1559 2031 1756 2114 spectaverit
1785 2031 1847 2096 hoc
1878 2029 2087 2110 vaticinium,
2116 2039 2150 2094 et
2178 2049 2340 2111 quaenam

346 2119 478 2184 nistros.
524 2117 682 2200 Sequitur
705 2139 801 2197 nunc,
1369 2117 1412 2182 sit
1433 2117 1502 2182 eius
1525 2136 1662 2182 summa.
1709 2114 1849 2182 Videtur
1879 2115 2035 2198 propheta
2062 2114 2183 2196 alloqui
2206 2115 2340 2196 legatos,

1369 2202 1425 2284 qni
1459 2200 1536 2268 hino
1565 2201 1642 2266 inde
1669 2223 1687 2266 a
1711 2202 1827 2268 vicinis
1860 2202 1991 2285 regibus
2022 2201 2111 2265 missi
2140 2201 2271 2264 fuerant
2299 2199 2341 2264 ad

1369 2307 1479 2372 regem
1510 2286 1719 2352 Zedeohiam:
1754 2298 1786 2353 et
1815 2287 1944 2352 iubetur
1972 2286 2039 2351 illis
2072 2287 2270 2368 praecipere,
2304 2293 2341 2348 ut

1370 2372 1565 2438 denuntient
1592 2374 1713 2457 singuli
1742 2371 1883 2438 dominis
1910 2374 1986 2449 suis,
2021 2371 2227 2437 subeundum
2260 2371 2341 2453 ipsis

501 2514 639 2583 ciro
663 2515 906 2584 vostro
932 2513 1164 2584 storin.
1370 2459 1520 2609 ιιιιι
1541 2457 2101 2628 ιιιιιιιιιιιιιιι
2134 2456 2341 2622 utrm

1372 2630 1509 2694 voluerit
1530 2630 1725 2696 Zedeohism
1746 2639 1780 2694 ιι
1803 2629 1941 2695 Iudaeos
1963 2628 2085 2705 dooere,
2109 2629 2185 2711 quia
2207 2626 2341 2710 legatio·

434 2717 461 2778 1.
493 2713 658 2796 Principio
686 2714 775 2798 regni
805 2713 980 2779 Ieboioleim
1012 2712 1076 2794 filii
1105 2713 1209 2780 Isaiae
1236 2713 1318 2796 repis
1370 2736 1427 2780 nes
1449 2715 1540 2791 istae,
1564 2737 1701 2797 quarum
1725 2717 1763 2780 fit
1785 2715 1919 2792 mentio,
1950 2717 1995 2780 sic
2019 2735 2165 2780 reereare
2187 2721 2340 2795 poterant

346 2799 507 2878 Iehudab,
539 2799 604 2880 fuit
639 2819 740 2865 sermo
768 2799 819 2864 hio
854 2800 897 2865 od
927 2798 1096 2864 Ieremiom
1124 2821 1145 2864 e
1174 2798 1317 2878 Iehomb,
1370 2820 1481 2864 eorum
1516 2801 1657 2879 animos,
1692 2811 1729 2865 ut
1768 2802 1929 2866 contentis
1967 2800 2119 2865 omnibus
2153 2796 2341 2880 prophetiis,

344 2886 483 2967 diemde,
955 2955 958 2964 ,
1370 2893 1525 2966 putarent
1546 2906 1581 2952 se
1603 2907 1673 2951 esse
1698 2897 1792 2951 extra
1813 2884 2003 2970 periculum.
2040 2883 2227 2950 Notandum
2251 2883 2340 2948 enim

430 2971 460 3035 2.
487 2969 540 3038 ste
560 2971 636 3036 dicit
659 2970 794 3036 lebovoh
815 2970 858 3035 od
878 2989 926 3034 me
948 2968 1055 3057 (mihi)
1084 2968 1152 3036 Fae
1172 2970 1230 3035 tibi
1250 2970 1316 3036 oim-
1369 2983 1418 3036 est
1440 2990 1593 3054 quorsum
1617 2972 1734 3036 missae
1756 2972 1878 3036 fuerint
1905 2971 2082 3049 legationes
2104 2990 2124 3032 a
2147 2989 2223 3052 roge
2245 2967 2341 3034 Sido·

344 3055 416 3122 melu
438 3061 466 3120 et
487 3057 572 3138 iupa,
595 3061 720 3140 etpone
740 3077 777 3122 eu
798 3076 893 3136 super
914 3055 1024 3121 collem
1044 3061 1142 3121 tuum.
1370 3057 1431 3138 nis,
1461 3078 1480 3122 a
1502 3077 1578 3140 rege
1606 3057 1696 3142 Tyri,
1726 3079 1746 3121 a
1768 3079 1843 3142 rege
1866 3057 1973 3136 Moab,
2003 3066 2036 3121 et
2058 3059 2212 3132 Ammon,
2240 3073 2341 3135 quum

432 3140 463 3206 3.
487 3140 530 3205 Et
551 3143 634 3206 mitte
655 3141 697 3205 cd
717 3161 818 3225 regem
840 3139 955 3223 Edem,
977 3145 1005 3206 et
1026 3141 1069 3206 od
1089 3161 1192 3225 regem
1215 3141 1317 3222 Moab,
1369 3142 1493 3209 seilicet
1526 3142 1675 3208 viderent
1706 3163 1818 3227 regem
1851 3142 2059 3228 babylonium
2093 3139 2154 3205 sibi
2189 3141 2256 3204 lore
2289 3140 2342 3202 in·

346 3225 438 3290 etad
458 3245 561 3309 regem
586 3225 726 3307 filiorum
747 3227 893 3304 Ammon,
923 3232 952 3292 et
978 3227 1021 3290 od
1048 3247 1149 3310 regem
1173 3227 1262 3310 Tyri,
1291 3233 1319 3292 et
1370 3227 1584 3312 tolerabilem,
1606 3241 1782 3312 coeperunt
1803 3229 1887 3294 viros
1905 3249 1981 3293 suas
1999 3225 2205 3309 coniungere.
2244 3224 2341 3290 Prin·

345 3311 389 3377 ud
410 3330 510 3395 regem
532 3310 662 3376 Sidonis
678 3331 738 3392 per
758 3313 1101 3396 murmurationem,
1124 3313 1179 3394 qui
1199 3313 1320 3380 emieat
1370 3314 1453 3398 cipio
1477 3315 1613 3396 quisque
1631 3317 1780 3398 propriae
1799 3313 1931 3380 utilitati
1947 3311 2106 3387 studebat,
2131 3331 2236 3393 neque
2253 3309 2341 3375 vide·

346 3396 523 3462 Ierusalem
545 3397 588 3462 od
610 3397 795 3463 Zedeehs'om
815 3416 917 3478 regem
939 3395 1093 3462 Iehmdulr.
1371 3399 1425 3464 bat
1446 3399 1507 3464 sibi
1530 3421 1611 3482 opus
1633 3421 1703 3466 esso
1720 3408 1834 3465 mutuo
1849 3400 1986 3465 auxilio:
2009 3399 2056 3462 ita
2078 3398 2196 3463 lactum
2220 3409 2279 3474 est,
2303 3400 2343 3460 ιιι

433 3483 463 3548 4.
487 3481 530 3546 Et
551 3483 704 3548 mundato
726 3482 816 3549 dubis
842 3482 910 3550 illia
930 3483 974 3548 od
993 3482 1133 3550 dominos
1161 3503 1244 3566 suos,
1270 3486 1317 3550 di·
1371 3484 1529 3553 Chaldaei
1565 3485 1660 3552 laoile
1693 3484 1867 3568 dissipatos
1905 3484 2073 3568 lrsgarint.
2128 3481 2342 3564 Experientia

345 3571 448 3651 remo,
473 3567 527 3632 Sic
547 3568 622 3636 dicit
644 3567 779 3634 lebeoelr
800 3568 997 3649 exercituum,
1018 3569 1108 3636 Deus
1130 3568 1241 3646 reae.
1265 3568 1319 3637 Sic
1370 3569 1501 3636 tandem
1525 3570 1633 3637 docuit
1660 3592 1764 3654 nsque
1793 3591 1902 3654 regem
1925 3568 2085 3647 Iehudab,
2114 3589 2219 3650 neque
2241 3566 2343 3632 alium

345 3656 454 3722 dicetis
475 3653 518 3719 od
539 3654 679 3720 ἀοιιιιιιοι
699 3659 823 3719 emmer.
1370 3655 1556 3739 quempiam
1578 3678 1620 3722 ex
1643 3656 1760 3722 vicinis
1782 3656 1889 3722 solum
1920 3677 2013 3739 posse
2041 3653 2202 3721 sustinere
2224 3652 2343 3716 molem

432 3739 462 3805 5.
486 3738 555 3823 Epo
574 3739 636 3822 feci
655 3744 782 3822 terram
807 3737 962 3806 homiuem
990 3745 1019 3805 et
1047 3740 1218 3807 iumentum
1239 3742 1320 3824 quod
1371 3740 1457 3820 belli,
1491 3741 1553 3808 nisi
1587 3743 1673 3806 inter
1705 3762 1740 3808 sc
1774 3741 1899 3808 coirent
1931 3740 2045 3806 foedus
2078 3752 2110 3805 et
2143 3739 2342 3804 societatem.
2445 3784 2449 3792 .

344 3845 440 3907 super
467 3824 584 3906 faeiem
608 3830 708 3890 terroe
739 3829 793 3907 est,
825 3827 860 3889 in
891 3826 1003 3890 virtute
1034 3846 1103 3891 meo
1135 3846 1259 3910 mopso,
1293 3832 1321 3892 et
1371 3825 1429 3892 Sio
1462 3847 1541 3909 ergo
1574 3827 1694 3894 factum
1728 3836 1787 3902 est,
1822 3837 1859 3893 ιιι
1892 3847 1950 3892 rex
1983 3825 2071 3906 Tyri,
2105 3846 2163 3890 rex
2198 3822 2343 3902 Sidonis,

347 3910 475 3976 brechio
495 3929 560 3976 meo
581 3915 713 3977 mono:
745 3910 868 3976 eldedi
889 3930 957 3975 eom
985 3911 1035 3976 illi
1062 3911 1119 3993 qui
1141 3911 1265 3992 puceis
1285 3913 1320 3977 ιιι
1371 3934 1430 3978 rex
1481 3913 1596 3994 Moab,
1648 3935 1707 3980 rex
1755 3917 1896 3978 Ammon
1947 3913 2104 3977 offerrant
2152 3911 2260 3992 copias
2310 3915 2345 3973 et

346 3995 445 4063 amis
465 3995 552 4062 mma.
1180 4065 1182 4070 s
1372 3998 1543 4081 pecuniam
1571 3999 1642 4084 regi
1673 3998 1838 4065 Iehudah:
1868 3999 1937 4081 ipse
1966 3998 2064 4064 etiam
2095 3995 2239 4063 vicissim
2269 4014 2343 4078 pro·

1372 4085 1519 4149 mitteret
1551 4107 1587 4151 se
1620 4094 1749 4167 praesto
1781 4084 1867 4163 iore,
1901 4083 1928 4148 si
1962 4103 2017 4150 cos
2050 4103 2225 4167 aggressus
2258 4089 2344 4146 esset

435 4166 608 4232 Praefatur
637 4166 793 4234 Ieremias
822 4167 883 4232 hoc
911 4165 1102 4230 vaticinium
1131 4168 1192 4231 sibi
1221 4167 1320 4234 luisse
1373 4168 1571 4234 Chaldaeus.
1613 4171 1696 4235 Erat
1723 4170 1826 4253 igitur
1858 4190 1943 4236 nova
1971 4171 2097 4236 occasio
2125 4167 2265 4233 fiduciae
2287 4166 2344 4230 Iu·

348 4254 558 4318 commissum
589 4251 750 4336 principio
788 4251 882 4335 regni
915 4250 1110 4316 Iehoiahim.
1165 4252 1321 4318 Diximus
1373 4253 1472 4333 daois,
1493 4262 1531 4318 ιιι
1552 4255 1686 4338 spiritus
1711 4254 1912 4339 colligerent,
1941 4263 1976 4320 et
1996 4255 2044 4320 ita
2066 4274 2138 4320 sese
2160 4254 2345 4319 animarent

347 4345 458 4402 autem
499 4338 695 4420 principium
731 4337 791 4402 hoc
828 4336 961 4402 extendi
995 4335 1035 4401 ad
1070 4347 1190 4401 statum
1226 4339 1320 4421 regni
1373 4339 1414 4403 ad
1448 4339 1674 4419 resistendum,
1707 4340 1781 4406 frati
1815 4341 1937 4406 seilicet
1970 4347 2018 4404 ιιι
2052 4340 2182 4424 regibus
2215 4337 2344 4404 vicinis.

348 4441 539 4508 prosperum
569 4430 602 4486 et
625 4422 801 4506 integrum.
846 4420 957 4502 Quum
988 4442 1066 4505 ergo
1096 4422 1202 4488 adhuc
1223 4422 1319 4488 Ieho·
1373 4425 1543 4490 Hactenus
1566 4429 1750 4508 superiores
1771 4427 1904 4492 fuerant
1926 4425 2093 4504 Chaldaei,
2124 4445 2242 4506 nempe
2265 4443 2344 4506 quo·

348 4508 453 4573 iakim
493 4506 649 4571 retineret
689 4505 899 4590 tranquillam
943 4509 1034 4591 regni
1074 4510 1320 4592 possessionem,
1373 4511 1462 4575 niam
1495 4531 1641 4578 seorsum
1674 4532 1938 4595 unumquemque
1973 4522 2258 4596 oppugnaverant:
2287 4507 2345 4574 sed

349 4607 429 4660 tuno
463 4593 570 4656 iussus
598 4600 649 4656 est
674 4592 830 4658 Ieremias
856 4593 1000 4676 perferre
1029 4592 1093 4659 hoc
1121 4594 1320 4670 mandatum,
1373 4617 1473 4679 quum
1507 4617 1620 4663 omnes
1663 4597 1844 4663 coniunctis
1872 4598 1995 4663 viribus
2029 4597 2133 4680 parati
2164 4606 2277 4662 essent
2308 4614 2344 4660 se

349 4701 414 4745 non
438 4677 479 4744 ad
501 4679 608 4760 ipsum
631 4677 826 4758 Iehoiakim,
856 4689 892 4742 ut
921 4678 1018 4764 paulo
1048 4693 1122 4763 post
1150 4679 1321 4746 subiicitur
1373 4702 1535 4764 opponere
1567 4701 1679 4748 eorum
1714 4683 1890 4766 potentiae,
1927 4694 1959 4748 ιι
1991 4681 2141 4748 cohibere
2174 4683 2344 4764 impetum,

349 4767 446 4830 tertio
468 4783 583 4830 versu:
606 4761 663 4828 sed
684 4763 724 4826 ad
746 4762 952 4848 Zedeehiam,
976 4765 1030 4847 qui
1053 4787 1095 4831 no
1117 4765 1228 4832 statim
1250 4765 1321 4847 qui·
1374 4767 1432 4832 vix
1453 4767 1607 4833 credibile
1629 4777 1700 4834 erat
1721 4789 1832 4833 omnes
1854 4769 1952 4835 simul
1975 4789 2069 4851 posse
2092 4767 2191 4833 vinci.
2229 4765 2346 4832 Voluit

349 4851 424 4916 dem
447 4851 603 4914 suffectus
626 4849 689 4912 luit
709 4849 744 4913 in
771 4851 840 4916 eius
868 4851 984 4928 locum,
1014 4852 1070 4916 sed
1101 4850 1232 4916 tandem
1264 4873 1322 4916 rex
1372 4852 1475 4935 igitur
1496 4852 1587 4919 Deus
1614 4864 1821 4936 prosternere
1847 4854 1963 4920 falsam
1989 4853 2074 4919 hano
2101 4852 2344 4928 confidentiam,

349 4937 413 5002 luit
433 4943 562 5001 oreatus
584 4943 657 5019 post
675 4936 782 5002 varias
800 4937 1004 5001 mutationes.
1038 4936 1198 5019 Deposuit
1220 4937 1322 5020 igitur
1373 4947 1407 5001 et
1427 4958 1562 5004 monere
1578 4939 1773 5006 chechiam
1792 4947 1825 5005 et
1847 4949 1952 5005 totum
1974 4939 2141 5022 populum,
2163 4959 2205 5003 ne
2227 4938 2346 5004 talibus

349 5019 442 5088 Deus
475 5020 560 5086 hanc
593 5020 798 5104 prophetiam
832 5020 918 5104 apud
951 5041 1083 5086 servum
1116 5044 1227 5099 suum,
1262 5044 1321 5088 uec
1372 5022 1533 5090 illecebris
1551 5037 1753 5109 saporantur,
1774 5025 1830 5092 sed
1846 5026 1970 5091 scirent
1984 5025 2144 5107 patienter
2159 5023 2222 5090 sibi
2237 5024 2344 5088 leren-

349 5106 454 5170 voluit
475 5109 581 5189 primo
596 5126 722 5189 qnoque
740 5105 793 5170 die
814 5106 1025 5190 promulgari.
1064 5106 1101 5173 Si
1123 5109 1195 5191 quis
1217 5117 1320 5192 roget,
1373 5106 1446 5173 dam
1482 5131 1552 5178 esse
1584 5132 1729 5194 poenam,
1764 5131 1848 5193 quae
1877 5110 2034 5176 divinitus
2063 5109 2242 5194 infligenda
2264 5117 2343 5176 erat.

348 5212 409 5258 our
430 5191 532 5256 latere
555 5192 693 5257 voluerit
720 5191 812 5258 Deus
841 5200 932 5256 tanto
961 5200 1105 5274 tempore
1133 5192 1218 5276 quod
1249 5203 1321 5258 tan·
1373 5193 1466 5262 Haeo
1488 5196 1590 5280 igitur
1612 5197 1693 5261 ratio
1716 5204 1767 5262 est
1784 5217 1842 5262 cor
1864 5197 1984 5262 missus
2003 5195 2101 5261 luerit
2121 5194 2281 5279 propheta
2302 5192 2344 5258 ad

349 5276 425 5343 dem
454 5275 587 5342 volebat
616 5279 651 5340 in
680 5277 784 5344 lucem
812 5279 962 5361 proferri,
994 5279 1161 5360 responsio
1194 5289 1253 5356 est,
1287 5278 1321 5343 id
1374 5279 1510 5364 legatos,
1533 5284 1587 5364 qui
1609 5281 1846 5365 lerosolymam
1870 5292 2038 5348 venerant.
2083 5281 2156 5347 Non
2187 5283 2250 5346 fuit
2278 5280 2344 5345 illis
