5158 6124
366 461 435 528 459
1183 457 1570 528 Pnannnonlotlns
2312 459 2378 525 460

367 649 424 716 aed
453 648 584 732 respicit
617 667 755 730 poenam
784 665 868 729 quae
898 646 963 712 illia
992 646 1151 720 instabat,
1186 647 1344 729 quoniam
1396 649 1559 729 praesenti
1578 648 1712 712 fortuna
1727 646 1918 712 statuebant
1933 648 2010 730 quid
2026 657 2113 712 esset
2128 649 2253 713 melius.
2283 645 2375 712 Deus

368 736 472 801 maior
501 736 611 800 lutura
639 741 711 798 erat
733 733 796 798 Dei
826 731 987 798 severitas
1016 753 1094 816 erga
1124 731 1198 797 illos
1227 732 1345 813 quibus
1396 733 1531 817 corrigit
1563 732 1626 799 boc
1659 743 1905 817 praeposterum
1940 733 2111 816 iudicium,
2145 734 2223 815 quia
2251 734 2375 798 scilicet

371 830 571 905 pepercerat,
601 829 634 884 et
656 828 770 884 contra
792 838 873 901 quos
903 839 968 882 non
998 819 1110 885 statim
1141 829 1344 900 exsequutus
1397 816 1577 883 debuerant
1607 819 1714 899 potins
1743 827 1891 900 spectare
1921 819 2030 897 linem,
2061 831 2094 882 et
2122 820 2197 901 qnia
2227 829 2375 884 maneret

369 907 484 972 luisset
515 926 606 970 suam
639 904 825 969 vindictam.
877 904 1042 969 Tenemus
1069 904 1242 970 consilium
1271 923 1344 987 pro·
1396 903 1504 968 exitus
1538 917 1603 968 tam
1634 904 1763 970 exsules
1792 913 1827 968 et
1854 905 2013 985 captivos,
2043 924 2142 986 quam
2171 923 2225 969 ece
2253 905 2374 987 quibus

368 991 497 1078 phetae.
532 990 674 1073 Reliqua
693 990 880 1055 differemus
903 992 937 1053 in
958 991 1142 1073 proximam
1162 988 1343 1054 lectionem.
1397 1007 1456 1053 rex
1486 989 1668 1073 Babylonis
1698 989 1738 1053 ad
1769 988 1851 1054 illud
1880 1009 1984 1072 usque
2014 999 2145 1072 tempus
2175 1001 2374 1071 pepercerat

1398 1074 1471 1138 Etsi
1498 1085 1608 1140 autem
1637 1075 1796 1158 propheta
1819 1075 1925 1140 voluit
1953 1075 2054 1140 lenire
2083 1096 2195 1140 eorum
2229 1075 2374 1142 dolorem

455 1163 484 1228 3.
515 1161 890 1228 matermortua
918 1183 977 1245 me,
1011 1161 1094 1243 Quid
1122 1165 1156 1224 lu
1185 1160 1271 1225 uides
1294 1158 1345 1224 Ie·
1397 1161 1451 1241 qui
1483 1160 1622 1227 traducti
1656 1171 1751 1225 erant
1783 1161 1818 1225 in
1846 1160 2059 1237 Obaldaeam,
2090 1162 2234 1225 maxime
2263 1173 2376 1228 tamen

368 1249 495 1315 rania?
526 1249 655 1328 eldiai,
684 1247 792 1328 tans,
819 1246 900 1328 fieus
920 1248 1028 1324 banaa,
1058 1245 1154 1312 bonas
1181 1247 1290 1312 name:
1319 1251 1346 1310 d
1398 1249 1543 1328 respexit
1579 1268 1635 1313 eos
1672 1246 1789 1328 quibos
1826 1247 2009 1328 praefectus
2041 1257 2113 1312 erat
2147 1247 2305 1330 magister
2335 1267 2374 1316 ac

368 1335 481 1419 molus,
514 1334 619 1400 molas
649 1333 749 1410 noble,
783 1353 863 1415 quae
898 1353 962 1399 aaa
993 1333 1191 1400 comedantur
1216 1336 1346 1413 propter
1397 1330 1519 1397 doctor.
1565 1333 1658 1397 'lune
1684 1340 1755 1396 erat
1785 1332 2020 1416 lerosolymac:
2055 1332 2119 1396 iarn
2149 1333 2271 1398 scimus
2299 1353 2374 1399 cnm

301 1455 322 1468 ·-
369 1421 536 1486 malitiam.
1397 1416 1513 1498 quibus
1543 1417 1685 1502 ingeniis
1715 1417 1905 1482 certandum
1933 1417 1981 1482 illi
2010 1416 2118 1483 luerit.
2163 1417 2256 1482 Nihil
2285 1419 2374 1485 enim

455 1507 486 1572 4.
509 1503 554 1570 at
573 1505 636 1586 fuit
656 1523 757 1570 emmo
777 1503 909 1570 aduae
930 1505 973 1570 ad
993 1525 1050 1585 me,
1072 1504 1210 1582 amado,
1397 1503 1601 1584 pervicacius
1623 1504 1686 1569 luit
1708 1511 1806 1588 gente
1828 1503 1894 1567 illa.
1938 1503 1983 1568 Et
2004 1502 2161 1585 quoniam
2183 1503 2276 1569 Deos
2296 1525 2374 1588 poe·

455 1592 485 1658 5.
510 1589 564 1656 Sic
591 1591 668 1656 dicit
696 1589 843 1673 Ieboonb,
873 1590 962 1656 Deua
992 1590 1106 1670 Israel,
1141 1588 1242 1654 Sintai
1267 1588 1347 1670 fiaes
1398 1607 1475 1652 nam
1505 1589 1693 1664 distulerat,
1726 1590 1886 1671 putabant
1915 1609 1950 1654 se
1977 1609 2049 1654 esse
2078 1589 2208 1671 penitus
2238 1589 2373 1672 elapsos,

370 1678 466 1744 bonae
487 1679 575 1758 ulae,
598 1677 645 1742 eie
666 1695 833 1760 opaoacom
854 1677 1061 1759 captivitatem
1076 1675 1229 1753 Iebadols,
1252 1694 1348 1758 quam
1397 1676 1590 1756 praesertim
1614 1696 1714 1758 quom
1739 1676 1809 1759 regi
1829 1675 1962 1756 captivo
1978 1673 2074 1740 datus
2088 1685 2176 1740 esset
2191 1676 2375 1741 avunculos

371 1764 463 1830 saniei
493 1783 531 1828 ea
558 1761 612 1828 boa
640 1762 702 1828 loco
730 1761 766 1827 ia
794 1765 909 1827 mnam
932 1760 1160 1828 Chaldaeorum
1187 1763 1231 1828 ud
1260 1762 1346 1827 bene·
1399 1779 1574 1826 successor.
1619 1761 1707 1826 Hinc
1729 1761 1829 1844 igitur
1854 1760 2016 1826 micarum
2047 1771 2266 1844 contemptos,
2297 1760 2375 1828 hinc

366 1849 532 1931 limodiam.
1399 1845 1438 1910 ad
1463 1845 1663 1928 peccandum
1687 1847 1790 1911 maior
1812 1845 1953 1922 licentia,
1976 1845 2062 1928 quod
2084 1845 2247 1927 putabant
2264 1847 2374 1913 Deum

1399 1949 1537 2015 poenam
1560 1933 1739 2014 sumpsisse
1761 1932 1801 1996 de
1823 1931 2000 2008 exsulibus,
2025 1953 2060 1996 se
2083 1953 2161 1996 vero
2182 1933 2283 1998 fnisse
2304 1953 2373 1998 ser·

457 2021 631 2086 Postrema
652 2017 791 2085 lectione
817 2017 983 2100 coepimus
1006 2037 1168 2100 exponere
1189 2037 1345 2101 quorsum
1399 2023 1494 2082 vatos
1525 2028 1679 2100 tanquam
1713 2018 1871 2082 eximium
1897 2018 2022 2082 florem.
2075 2016 2243 2099 Propheta
2272 2019 2375 2101 igitur

369 2105 519 2170 tenderet
534 2105 618 2170 visio
636 2104 693 2168 illa
708 2124 805 2187 quam
821 2104 983 2189 propbeta
998 2103 1155 2169 recitavit.
1192 2103 1346 2168 Diximus
1399 2114 1435 2168 ut
1463 2103 1631 2188 frangeret
1659 2104 1743 2168 banc
1772 2103 1975 2186 superbiam,
2007 2123 2107 2185 quam
2140 2104 2273 2168 flectere
2304 2125 2373 2170 non

370 2191 508 2256 miseros
526 2191 667 2267 exsules,
690 2210 830 2273 qnorum
848 2199 977 2272 poterat
991 2188 1097 2257 videri
1113 2189 1255 2256 deterior
1270 2209 1344 2255 con·
1398 2195 1534 2272 poterat,
1554 2191 1705 2272 exposuit
1730 2191 1814 2254 banc
1835 2188 2005 2266 visionem,
2028 2209 2112 2271 quae
2134 2188 2244 2254 oblata
2265 2188 2374 2256 fuerat

371 2275 460 2352 ditio,
483 2277 621 2341 conferri
645 2284 754 2341 tamen
777 2277 872 2342 bonis
902 2277 1045 2343 ficubus:
1075 2295 1131 2340 eos
1159 2285 1267 2342 autem
1289 2275 1345 2358 qui
1397 2275 1565 2339 divinitus.
1610 2274 1706 2341 Nunc
1734 2295 1812 2358 ergo
1841 2273 1988 2340 videmos
2017 2273 2200 2340 doctrinam
2229 2276 2374 2342 maxime

370 2362 477 2427 adhoc
498 2360 686 2427 residebant
708 2364 741 2426 in
764 2362 872 2445 patria
893 2363 1034 2428 conierri
1055 2363 1182 2427 ficubus
1200 2361 1295 2427 malis
1313 2370 1346 2425 et
1397 2361 1537 2442 positam
1559 2381 1630 2426 ease
1652 2363 1686 2424 in
1710 2361 1762 2426 bis
1785 2358 1902 2436 verbis,
1939 2359 2027 2441 Quod
2048 2359 2138 2425 Date
2165 2366 2306 2444 amasset
2329 2362 2375 2426 od

371 2448 502 2514 amaris.
537 2448 760 2531 Exposoimus
779 2467 838 2512 our
857 2448 942 2514 banc
958 2449 1117 2513 visionem
1131 2447 1224 2513 Deus
1239 2457 1344 2512 osten·
1398 2445 1626 2526 beneficentiam
1647 2447 1798 2530 captiuos:
1819 2445 1911 2529 quasi
1935 2447 2057 2510 diceret
2075 2457 2282 2529 praepostere
2298 2447 2373 2512 fieri

371 2533 456 2598 derit
470 2552 565 2598 servo
580 2532 819 2612 suoleremiae,
835 2554 953 2618 nempe
968 2535 1045 2617 quia
1059 2541 1209 2615 poterant
1223 2532 1345 2614 captivi
1397 2531 1552 2597 indicium
1576 2532 1617 2596 de
1638 2531 1825 2598 calamitate
1846 2550 2022 2613 paucorum
2041 2551 2212 2611 annornm,
2234 2531 2292 2598 sed
2313 2553 2374 2598 ex·

371 2617 527 2696 deiicere,
557 2619 747 2700 praesertim
774 2619 815 2684 ob
838 2638 947 2684 morae
977 2617 1134 2700 taedium,
1162 2620 1237 2701 quie
1259 2617 1347 2684 vide
1397 2618 1611 2701 spectandum
1633 2637 1705 2683 ease
1727 2619 1835 2682 linem.
1882 2615 2052 2700 Sequitur,

372 2703 453 2770 bant
474 2703 593 2769 fratres
615 2723 691 2769 snos
713 2702 819 2771 ιάΙιιιι
842 2706 905 2769 lrui
924 2704 1125 2770 haereditate
1147 2705 1207 2770 sibi
1226 2703 1345 2769 divini·
1518 2781 1523 2789 ,

370 2797 424 2856 tns
445 2789 624 2872 promissa:
654 2790 716 2871 ipsi
745 2799 854 2855 sotem
882 2789 1014 2856 abducti
1041 2799 1136 2855 erant
1158 2791 1194 2854 in
1216 2789 1346 2873 longin-
1484 2790 1514 2854 6.
1537 2787 1718 2870 Etpastum
1738 2788 1806 2875 (vel
1824 2787 1988 2873 adiiciam)
2011 2787 2132 2853 casum
2152 2807 2256 2853 meum
2276 2808 2375 2872 saper

371 2895 452 2959 quas
475 2884 590 2954 terras,
612 2883 645 2940 et
666 2875 760 2958 quasi
782 2874 1002 2957 exhaeredati,
1025 2885 1064 2940 ut
1086 2897 1181 2940 nemo
1199 2884 1347 2941 censeret
1399 2893 1449 2940 eos
1470 2875 1505 2938 ia
1526 2875 1760 2956 beneficentiam,
1785 2880 1812 2940 et
1833 2875 1981 2940 rodanum
2002 2893 2052 2939 eoa
2073 2875 2117 2938 ad
2138 2880 2257 2939 mum
2277 2873 2376 2940 boae:

370 2961 458 3046 ipsos
488 2962 523 3025 in
557 2960 676 3044 popolo
706 2960 779 3027 Dei.
832 2962 994 3042 Quoniam
1025 2965 1134 3045 itaque
1164 2961 1347 3045 desperatio
1398 2960 1615 3042 alcedilieobo
1636 2981 1696 3044 eos,
1727 2966 1756 3026 at
1774 2979 1839 3026 aaa
1859 2961 1996 3038 diruam,
2026 2959 2231 3041 dplonlabo
2258 2979 2317 3038 ece,
2346 2965 2377 3026 et

370 3055 499 3128 poterat
521 3046 658 3112 obruere
678 3046 813 3112 illorum
834 3049 969 3128 animos,
991 3048 1096 3113 voluit
1113 3048 1206 3113 Deus
1223 3046 1347 3130 aliquid
1398 3065 1460 3113 aaa
1481 3047 1615 3113 evellam.

372 3131 479 3196 solatii
510 3130 597 3196 dare.
642 3132 697 3196 Ex
727 3133 831 3197 altera
863 3145 966 3217 parte,
999 3134 1054 3216 qui
1084 3133 1192 3201 adbuc
1224 3132 1347 3198 residui

371 3216 560 3296 manebant,
588 3237 654 3281 non
677 3226 808 3282 tantum
837 3218 1040 3284 insultabant
1067 3219 1197 3286 miseris
1225 3219 1347 3285 exsoli-
1484 3218 1667 3284 Confirmat
1689 3217 1774 3300 qnod
1798 3218 1882 3284 dixit
1903 3221 2052 3302 proximo
2074 3237 2183 3294 verso,
2213 3225 2247 3282 et
2268 3217 2376 3282 utitur

372 3300 445 3380 bus,
466 3300 524 3366 ssd
547 3301 721 3366 tolerantia
738 3302 802 3366 Dei
825 3303 1054 3381 abutebantur,
1076 3315 1114 3369 nt
1135 3305 1348 3388 pervicaciter
1399 3306 1471 3372 aliis
1498 3304 1625 3370 verbis:
1660 3307 1737 3388 quia
1769 3303 1903 3371 difficile
1937 3305 1999 3369 luit
2028 3323 2187 3388 persuasu
2216 3301 2375 3368 feliciores

370 3387 563 3453 resisterent
584 3387 736 3454 omnibus
758 3389 864 3467 minis,
887 3399 984 3473 atque
1002 3391 1049 3454 ita
1066 3391 1172 3475 megia
1187 3411 1224 3457 ac
1243 3391 1348 3474 magis
1398 3412 1469 3458 esse
1498 3394 1552 3473 qni
1581 3403 1677 3456 erant
1710 3391 1832 3456 similes
1865 3391 2011 3474 perditis,
2046 3409 2143 3472 qnam
2176 3389 2232 3471 qui
2266 3388 2376 3453 adbuc

371 3473 624 3538 obdurescerent
653 3471 695 3537 ad
716 3473 783 3537 Dei
811 3474 977 3540 indicium.
1022 3474 1119 3555 Quod
1141 3496 1220 3560 ergo
1243 3496 1348 3541 remo·
1399 3477 1585 3542 retinebant
1606 3475 1804 3543 mediocrem
1832 3485 1965 3542 statum.
2013 3477 2151 3540 Dixerat
2174 3473 2273 3554 prius,
2303 3471 2376 3556 Epo

371 3558 538 3624 tissimum
569 3567 640 3622 erat
669 3561 875 3625 acommnni
905 3583 1014 3644 sensu,
1036 3559 1130 3628 Deus
1160 3561 1348 3643 pronuntiat
1399 3582 1564 3647 opimatam
1596 3582 1660 3627 eos:
1693 3583 1782 3628 nunc
1814 3562 1922 3643 addit,
1963 3560 2085 3628 Ponam
2117 3559 2240 3624 omium
2272 3579 2377 3624 meum

371 3645 478 3728 magis
500 3643 677 3728 optabilem
699 3665 770 3709 esee
792 3666 905 3711 eorum
934 3658 1065 3726 sortem,
1094 3647 1149 3730 qui
1173 3647 1258 3730 apud
1281 3647 1347 3712 Ba·
1398 3668 1494 3729 super
1513 3669 1573 3714 eos.
1618 3647 1733 3714 Utitur
1755 3649 1861 3731 figura
1882 3667 1966 3731 quse
1995 3649 2182 3730 frequenter
2207 3645 2243 3709 in
2272 3649 2376 3728 scrip·

371 3729 523 3813 bylcnioe
552 3730 674 3812 captivi
703 3728 843 3814 degunt,
874 3753 973 3816 quam
1005 3753 1117 3828 aorpm
1151 3734 1206 3816 qni
1241 3733 1348 3800 adbuc
1399 3734 1481 3798 turia
1503 3735 1652 3798 occurrit.
1697 3733 1829 3798 Dicitur
1850 3735 1937 3798 enim
1961 3731 2053 3799 Dens
2081 3742 2229 3797 avertere
2258 3729 2376 3796 faciem

373 3814 476 3898 quieti
498 3825 634 3880 manent
656 3815 689 3881 in
713 3835 773 3881 suo
796 3817 883 3884 nido.
921 3818 1077 3884 Diximus
1099 3819 1258 3884 malitiam
1281 3839 1348 3884 non
1398 3839 1500 3892 suam,
1529 3818 1584 3884 ubi
1608 3819 1753 3884 lavarem
1783 3841 1879 3885 snum
1911 3817 2096 3884 abscondit:
2125 3816 2247 3883 dicitur
2276 3817 2377 3882 etiam

373 3899 492 3966 debere
509 3903 628 3983 exponi
647 3903 686 3967 de
702 3901 807 3985 culpe,
830 3903 887 3968 sed
904 3902 943 3969 de
961 3925 1079 3989 poena:
1103 3916 1138 3970 et
1159 3904 1221 3971 hoc
1238 3907 1347 3988 ipsum
1399 3905 1512 3972 eodem
1535 3927 1633 3970 senso
1655 3903 1813 3985 oblivisci,
1836 3906 1997 3986 recedere,
2028 3925 2095 3968 non
2124 3923 2250 3979 curare,
2282 3923 2375 3985 aper·

368 3986 546 4052 confirmat
568 3987 725 4052 Ieremias
754 4008 856 4070 quum
885 3989 972 4067 dicit,
1003 3989 1103 4056 Smne
1122 3992 1251 4073 fueruat
1269 3991 1349 4071 ficas
1399 4010 1488 4068 nere,
1510 3991 1659 4056 abiicere.
1703 3989 1868 4072 Quoniam
1895 4011 1973 4074 ergo
1996 3988 2101 4054 videri
2131 3997 2259 4071 poterat
2282 3988 2376 4054 Deos

371 4071 479 4147 bonae,
501 4071 546 4135 ilo
569 4092 734 4156 opacarum
755 4075 790 4138 in
812 4075 933 4153 bonurn,
961 4076 1015 4140 vel
1037 4076 1072 4141 in
1099 4077 1347 4142 beneficentiam
1399 4077 1523 4142 nullam
1556 4077 1699 4160 amplios
1732 4098 1844 4142 coram
1877 4077 1998 4142 habere
2026 4074 2118 4140 illins
2146 4072 2257 4156 populi
2287 4073 2376 4152 dicit,

372 4155 480 4242 (natm)
502 4158 722 4240 captiuitatem.
757 4157 847 4226 Satis
870 4173 984 4226 notum
1007 4176 1057 4226 est
1075 4183 1193 4228 nomen
1212 4163 1347 4244 captivi·
1399 4163 1468 4246 Epo
1489 4162 1593 4229 aedos
1613 4183 1697 4228 meos
1712 4183 1831 4244 ponam
1851 4165 1887 4228 ia
1908 4161 2030 4244 mnam,
2053 4161 2168 4243 inquit.
2214 4157 2281 4225 Sed
2306 4159 2376 4224 lon-

372 4244 452 4307 tatis
473 4243 575 4326 accipi
597 4264 657 4326 pro
678 4245 759 4327 ipsis
781 4245 987 4312 hominibus:
1010 4255 1108 4329 atque
1130 4249 1176 4313 ita
1199 4269 1272 4313 esse
1294 4269 1349 4314 no
1399 4252 1474 4332 gius
1510 4250 1608 4313 etiam
1645 4247 1866 4333 progreditur,
1905 4249 1983 4332 quia
2020 4247 2139 4329 repetit
2175 4248 2377 4310 sententiam

370 4348 447 4392 men
471 4328 686 4396 collectivum.
727 4333 903 4414 Apaoacam
925 4333 1027 4416 igitur
1047 4334 1186 4416 captiuos
1206 4333 1349 4398 Ietudca
1400 4354 1496 4416 qnam
1519 4337 1675 4416 attigerat
1701 4335 1851 4417 proximo
1872 4353 1987 4401 versu:
2019 4333 2148 4397 dixerat
2169 4351 2204 4396 ee
2226 4339 2375 4396 autorem

372 4433 449 4495 quoa
471 4415 579 4495 expuli
601 4435 641 4479 em
661 4415 715 4482 boo
737 4416 808 4500 Deo,
830 4418 878 4482 ita
900 4428 939 4483 ut
956 4419 1111 4502 incipiam
1134 4439 1248 4484 rursus
1269 4418 1349 4500 ipsis
1400 4439 1472 4484 esse
1493 4419 1611 4497 exsilii,
1640 4421 1713 4504 Ego
1734 4421 1813 4486 eieci
1836 4440 1891 4486 cca
1913 4420 1948 4483 iu
1977 4428 2099 4484 terram
2121 4415 2375 4483 Chaldaeorum.

372 4498 571 4564 benefacere.
621 4501 692 4565 Iam
722 4503 876 4584 quoniam
908 4504 1057 4571 doctrina
1090 4503 1170 4569 haec
1198 4510 1270 4569 erat
1298 4506 1348 4568 in·
1399 4505 1496 4571 Nunc
1517 4525 1595 4588 ergo
1624 4505 1712 4571 idem
1735 4507 1917 4588 confirmet,
1947 4503 2005 4570 sed
2028 4505 2103 4569 aliia
2126 4503 2246 4584 verbis,
2275 4523 2376 4584 qnam

373 4584 555 4668 credibilis,
592 4584 666 4650 ideo
702 4599 836 4654 revocat
870 4590 959 4655 Deus
995 4589 1134 4654 Iudaeos
1170 4588 1211 4654 ed
1247 4590 1347 4654 finem
1401 4591 1488 4674 dicit,
1519 4591 1622 4656 onoma
1647 4611 1730 4657 meos
1754 4611 1872 4672 ponam
1899 4593 1935 4656 ia
1963 4590 2083 4655 bonum
2127 4589 2259 4654 Dicitur
2288 4590 2375 4652 enim

372 4671 497 4752 ipsum:
521 4671 614 4753 qnasi
637 4672 759 4738 diceret
781 4673 869 4755 ipsos
891 4695 1010 4752 errare,
1033 4675 1111 4758 quia
1132 4674 1349 4740 subsisterent
1400 4677 1535 4742 visitare
1568 4676 1660 4742 Dens
1692 4676 1842 4741 homines
1876 4697 1942 4742 non
1981 4684 2111 4742 tantum
2144 4695 2247 4756 quum
2281 4693 2375 4738 snam

372 4758 408 4820 in
431 4759 596 4841 praesenti
619 4777 729 4822 rerum
752 4758 884 4837 intuitu,
900 4780 976 4828 non
998 4769 1110 4825 autem
1132 4758 1349 4826 extenderent
1400 4762 1540 4845 gratiam
1563 4781 1641 4845 erga
1663 4762 1750 4844 ipsos
1772 4763 1904 4848 exserit,
1936 4762 1992 4827 sed
2025 4760 2081 4826 nbi
2103 4779 2159 4825 cos
2178 4760 2321 4843 castigat
2342 4773 2376 4824 et

372 4843 499 4908 animos
522 4863 599 4908 auos
621 4841 663 4908 ad
685 4863 777 4927 spem
800 4845 1050 4912 misericordiae.
1083 4847 1168 4912 Nam
1188 4846 1234 4911 ita
1253 4847 1348 4911 ratio·
1400 4848 1568 4913 ulciscitur
1597 4867 1710 4912 eorum
1740 4847 1871 4914 scelera.
1922 4848 2081 4913 Posuerat
2109 4845 2215 4930 igitur
2243 4844 2375 4911 oculum

373 4928 578 5006 sinebantur,
602 4927 715 4994 Satias
733 4936 783 4994 est
801 4951 934 4996 manere
956 4933 990 4997 io
1013 4933 1129 5014 patria,
1153 4931 1208 4997 ubi
1230 4931 1348 4997 colitur
1399 4953 1495 4998 suum
1527 4930 1569 4997 ad
1596 4932 1793 5017 infligendas
1819 4952 1955 5016 poenas:
1985 4953 2074 4998 nunc
2104 4931 2183 4997 dicit
2211 4951 2247 4995 se
2275 4931 2375 4995 alium

373 5011 475 5090 Dece,
499 5013 555 5079 ubi
579 5023 628 5080 est
644 5015 802 5099 templum
818 5025 852 5080 et
867 5016 979 5094 altare,
1001 5037 1099 5098 quam
1122 5016 1161 5083 de
1186 5038 1240 5082 ere
1261 5017 1348 5082 inter
1399 5018 1478 5095 lore,
1501 5037 1619 5100 nempe
1641 5026 1679 5082 ut
1700 5019 1876 5085 clementer
1893 5019 2098 5086 calamitosos
2117 5016 2194 5081 illos
2211 5017 2374 5098 respiciat.

373 5111 489 5182 gentes
511 5101 678 5184 profanas:
709 5101 811 5168 satius
833 5113 883 5166 eet
904 5102 958 5168 bic
980 5101 1130 5167 libertate
1152 5039 1260 5186 abque
1283 5103 1348 5167 lrui
1398 5104 1518 5168 Postea
1541 5103 1641 5180 addit,
1674 5103 1837 5170 Reducem
1856 5125 1915 5171 eoa.
1960 5105 2045 5170 Nam
2067 5103 2096 5169 si
2117 5103 2189 5185 ipse
2211 5103 2374 5178 emiserat,

373 5205 470 5266 qnam
494 5205 565 5252 esse
586 5187 646 5253 snb
669 5186 860 5272 tyrannide:
883 5188 986 5253 satius
1005 5201 1056 5253 est
1074 5188 1182 5255 adhuc
1203 5188 1347 5254 retinere
1397 5189 1460 5254 fnit
1491 5188 1591 5253 etiam
1622 5191 1656 5255 in
1685 5192 1756 5255 eins
1785 5189 1921 5256 arbitrio
1949 5189 2112 5256 reducere.
2156 5187 2272 5270 Quum
2299 5209 2375 5272 ergo

373 5270 505 5352 aliquod
537 5291 658 5337 nomen
692 5273 820 5356 populi,
854 5292 948 5356 quam
981 5295 1052 5339 esse
1085 5271 1250 5358 dispersos
1282 5273 1348 5338 huc
1398 5273 1521 5339 vulnus
1547 5295 1665 5341 sanare
1695 5284 1803 5358 posset
1833 5296 1933 5342 mano
1962 5297 2023 5342 sua
2051 5275 2230 5352 inflictum,
2266 5275 2375 5340 valere

373 5371 471 5441 atque
492 5357 579 5441 illuc,
603 5360 648 5424 ita
670 5369 709 5424 ut
731 5359 860 5425 nullum
885 5358 986 5426 simus
1013 5379 1140 5443 corpus.
1184 5360 1275 5442 Ergo
1305 5379 1346 5424 ex
1398 5359 1509 5425 debuit
1531 5358 1611 5426 haec
1634 5360 1816 5444 promissio,
1840 5372 1877 5425 nt
1898 5383 1964 5428 non
1984 5361 2172 5428 dubitarent
2189 5361 2312 5445 captivi
2337 5359 2376 5424 de
