5158 6124
206 476 269 544 509
904 477 953 542 IN
974 476 1222 543 latratuum.
1267 474 1372 542 OAP:
1388 475 1502 543 XXV.
2135 481 2200 548 510

207 664 336 744 addere,
365 665 442 747 quia
464 665 622 748 propheta
650 663 735 731 nihil
766 663 831 728 tale
859 665 1043 746 exprimere
1065 661 1178 736 voluit,
1231 661 1448 744 Prosequitur
1474 684 1566 730 suam
1595 665 1830 747 metaphoram.
1875 667 1983 732 Siouti
2005 669 2091 733 enim
2115 689 2202 736 oom-

206 752 553 902 ttttttttttt
574 748 748 900 ttelt
777 745 1178 900 “ttttt‘tltlttttt
1231 746 2082 918 tttltttttstultt⁰tt.t⁰¹t¹ltt⁵⁰t⁰‘
2099 773 2203 906 'tt

205 921 396 988 interleetos
427 921 529 986 tuisse
561 921 602 985 ab
634 920 767 999 exteris,
799 940 917 1003 nempe
944 939 965 982 a
993 916 1178 984 Chaldaeis.
1230 917 1384 1002 intelligit
1411 927 1532 984 statum
1563 885 1766 985 eomrirunem
1798 922 1886 987 urbis
1908 933 1942 987 et
1965 858 2201 1007 teiraeffiasi

205 1005 293 1072 lllud
316 1025 395 1090 ergo
416 1015 563 1072 eoaotum
590 1015 649 1085 est,
678 1004 795 1070 deinde
823 1013 987 1088 repugnat
1015 1001 1178 1069 historiae.
1231 1001 1353 1070 dioeret
1375 1003 1532 1070 haetenus
1555 1007 1654 1071 fuisse
1672 1004 1854 1072 dominatos
1872 1009 1907 1072 in
1927 1023 2014 1074 terra
2031 1009 2097 1087 illa,
2119 1030 2201 1092 quae

205 1087 325 1157 Addit:
353 1091 398 1156 Et
418 1091 628 1172 dispersiones
648 1095 767 1156 vestrae
790 1091 884 1156 etiem
910 1087 1076 1170 completae
1096 1092 1178 1170 eunt,
1230 1087 1337 1170 opima
1360 1101 1429 1154 erat
1449 1099 1482 1155 et
1500 1090 1627 1170 fertilis,
1649 1100 1683 1156 et
1699 1091 1734 1156 in
1755 1112 1817 1173 qua
1840 1091 2003 1176 pollebant
2026 1093 2200 1178 dignitate:

205 1177 258 1243 vel
280 1176 526 1244 eontraetiones.
559 1188 615 1272 pte
637 1196 704 1240 non
727 1185 855 1240 tantum
874 1176 1038 1258 signifieat
1053 1173 1178 1255 disper·
1229 1172 1286 1239 sed
1309 1195 1397 1240 nune
1420 1183 1557 1241 exutum
1578 1175 1620 1240 iri
1644 1177 1737 1242 honis
1760 1178 1919 1244 omnibus.
1960 1178 2079 1245 Postea
2101 1179 2200 1262 addit,

206 1282 283 1346 gere
305 1262 358 1331 val
388 1261 558 1344 dissipare,
587 1261 644 1327 sed
671 1260 837 1344 signifieat
866 1261 1011 1344 affligere
1040 1267 1073 1322 et
1102 1278 1177 1323 oon·

205 1357 329 1414 terere:
361 1355 394 1412 et
425 1347 509 1412 milri
532 1347 637 1430 magis
658 1347 767 1429 plaeet
794 1366 915 1411 nomen
938 1344 1176 1412 eonlraetionis.
1314 1343 1366 1409 37.
1397 1343 1442 1408 Et
1456 1345 1604 1428 perdant
1632 1345 1710 1434 (vel,
1733 1346 1950 1428 sueeidentur,
1973 1357 2107 1413 vertunt
2129 1350 2199 1438 alii)

204 1433 325 1498 Postea
338 1431 440 1508 addit,
458 1431 586 1498 Oedetta
600 1437 750 1512 tanquam
764 1450 821 1496 eos
829 1431 1011 1512 pretiosam.
1038 1429 1177 1493 Videtur
1223 1449 1347 1510 peseao
1363 1431 1457 1511 pacis
1489 1429 1634 1516 (teguria
1656 1433 1755 1516 paeis,
1785 1432 1847 1498 hee
1869 1439 1928 1512 eat,
1958 1433 2145 1521 tranquilla)
2178 1457 2199 1501 a

204 1519 286 1584 haee
308 1517 487 1584 similitudo
508 1536 624 1599 pamm
647 1528 723 1599 apta
745 1534 826 1584 esse.
872 1517 941 1582 Gur
962 1515 1046 1580 enim
1069 1514 1178 1598 potius
1226 1512 1309 1594 faeie
1329 1515 1605 1597 erooudeeeerrtioe,
1627 1517 1674 1582 eet
1692 1518 1816 1600 fareris
1837 1516 1917 1603 (irae
1939 1517 2104 1606 Iahovae).

205 1623 260 1669 eoa
290 1623 356 1668 non
386 1612 553 1686 eomparat
581 1603 651 1668 vasi
681 1611 830 1682 testaeeo,
863 1600 948 1684 quod
976 1600 1099 1666 nullius
1128 1609 1178 1664 est

203 1687 316 1772 pretii,
349 1700 383 1752 et
415 1688 509 1752 laoile
541 1685 734 1768 proiieitur?
775 1686 948 1754 (laetorum
983 1684 1087 1750 veluit
1120 1704 1178 1749 no·
1313 1685 1461 1752 Eandem
1492 1688 1688 1753 sententiam
1718 1690 1936 1771 prosequitur,
1966 1710 2084 1773 nempe
2110 1691 2198 1773 quod

203 1781 275 1838 tare
295 1773 518 1841 diversitatem
542 1773 630 1838 inter
652 1772 733 1837 duos
754 1781 868 1850 status,
890 1791 1008 1854 nempe
1026 1771 1177 1854 quamvis
1229 1770 1445 1849 tabernaeula,
1467 1790 1549 1854 quae
1567 1772 1746 1855 tranquilla
1763 1775 1856 1856 prius
1874 1775 2012 1856 tuerent,
2032 1776 2197 1859 peribunt,

204 1859 359 1942 dignatus
389 1868 475 1924 esset
504 1856 643 1923 Iudaeos
675 1857 773 1941 longo
805 1867 951 1940 tempore
983 1855 1075 1921 Deus
1107 1856 1176 1937 ipse
1227 1856 1279 1924 vel
1297 1857 1486 1938 perdentur.
1514 1855 1673 1923 Consulto
1692 1870 1800 1924 autem
1820 1867 1933 1942 paeata
1947 1875 2038 1926 voeat
2056 1863 2198 1946 tuguria,

203 1942 424 2029 singularibus
455 1942 654 2027 privilegiis:
684 1942 770 2025 quod
800 1951 869 2008 tota
898 1941 955 2006 illa
983 1939 1176 2008 exeellentia
1227 1942 1380 2023 quoniam
1398 1941 1511 2006 Iudaei
1533 1962 1631 2025 quum
1654 1942 1803 2008 viderent
1824 1944 1936 2010 hostes
1958 1965 2020 2010 non
2044 1967 2114 2012 esse
2135 1947 2197 2012 sibi

203 2049 268 2094 nen
299 2029 478 2112 praestabit
505 2029 592 2110 ipsos
621 2028 749 2107 salves,
782 2031 859 2110 quia
886 2047 982 2110 saepe
1010 2027 1175 2108 eontinget
1226 2027 1371 2104 infestos,
1399 2026 1635 2110 pollicebantur
1656 2028 1718 2094 sibi
1740 2029 1877 2094 eundem
1902 2030 2066 2095 fortunam
2089 2032 2123 2096 in
2147 2032 2196 2096 tu·
2319 2105 2322 2112 Ι

204 2134 260 2180 aaa
276 2113 454 2196 quamlibet
469 2115 646 2196 pretiosum
662 2113 778 2196 frangi.
813 2113 887 2177 Non
905 2111 1052 2194 loquitur
1067 2120 1173 2176 antem
1226 2120 1338 2176 turam
1360 2121 1498 2195 tempus.
1541 2113 1586 2178 Et
1607 2112 1720 2179 fideles
1742 2114 1874 2196 quidem
1898 2114 1960 2180 hoo
1980 2117 2104 2198 optimo
2124 2117 2197 2181 iure

203 2199 243 2265 de
266 2199 356 2264 vasis
378 2200 487 2264 aureis
510 2197 564 2264 ael
593 2200 769 2281 argenteis,
798 2197 854 2263 sed
879 2197 924 2260 de
941 2199 1030 2263 vasis
1052 2197 1172 2278 tragili-
1227 2197 1359 2278 taeiuut,
1380 2204 1413 2261 et
1435 2208 1521 2262 reete
1544 2199 1828 2284 exsuperioribus
1851 2198 1916 2264 Dei
1945 2201 2110 2266 benefieiis
2132 2201 2197 2268 eol-

202 2285 274 2362 hus,
304 2304 442 2367 quorum
465 2304 584 2367 magua
606 2282 682 2348 olim
706 2284 768 2348 tuit
790 2284 981 2349 aestimatio.
1026 2282 1117 2366 Ergo
1139 2289 1175 2345 ut
1226 2283 1333 2367 ligunt
1362 2283 1502 2348 eundem
1532 2303 1610 2366 erga
1640 2305 1674 2349 se
1705 2285 1781 2360 lore,
1814 2284 1876 2350 hoe
1907 2291 1972 2366 est,
2005 2285 2197 2362 benefieum,

202 2369 336 2454 gravium
369 2389 423 2435 eos
456 2369 626 2444 vulneret,
659 2369 738 2433 dieit
770 2370 870 2434 tuisse
903 2369 1061 2432 haetenus
1095 2385 1175 2432 vasa
1226 2366 1353 2450 qualem
1383 2369 1612 2450 repraestitit.
1659 2367 1724 2434 Sed
1755 2379 1963 2452 praepostere
1995 2371 2196 2454 hypocritae,

201 2456 357 2538 pretiosa,
395 2461 452 2519 aut
484 2475 543 2521 aas
575 2453 765 2536 pretiosum.
820 2454 985 2536 Loquitur
1018 2452 1105 2518 enirn
1139 2453 1173 2516 in
1200 2503 1202 2535 ,
1226 2453 1281 2536 qui
1302 2453 1373 2518 siue
1394 2453 1462 2518 ulla
1483 2455 1684 2536 poenitentia
1707 2455 1898 2519 existimant
1915 2457 2024 2521 Deum
2044 2457 2106 2521 sibi
2125 2477 2196 2522 esse

201 2539 361 2624 singulari
396 2560 531 2606 numero
558 2538 598 2604 de
631 2539 799 2605 omnibus:
832 2548 942 2604 tumen
972 2538 1173 2604 eontreetum
1225 2539 1429 2620 obstrictum,
1458 2546 1492 2602 et
1512 2560 1611 2620 quum
1635 2540 1705 2604 eius
1726 2539 1809 2604 iram
1833 2541 1978 2622 quotidie
2006 2551 2196 2623 provocent,

201 2627 259 2690 iri:
280 2634 315 2691 et
336 2626 398 2691 hoe
415 2623 512 2690 modo
527 2625 698 2690 eonfirmat
713 2623 801 2706 quod
816 2625 885 2688 dixi
900 2624 1050 2707 proximo
1065 2643 1175 2699 versu,
1226 2634 1336 2688 tamen
1364 2644 1477 2688 seeure
1506 2625 1650 2689 resident
1678 2625 1713 2689 in
1738 2625 1859 2691 fiduoia
1887 2627 1985 2710 paeis.
2030 2624 2195 2707 Quoniam

201 2731 319 2793 nempe
352 2713 473 2776 trustra
506 2709 697 2794 hypoeritaa
727 2710 890 2774 eonfidere
916 2709 1081 2794 praesenti
1111 2708 1174 2772 lor·
1226 2729 1302 2792 ergo
1336 2708 1426 2774 Deus
1462 2711 1656 2792 gravitatem
1693 2710 1762 2775 irae
1794 2730 1872 2775 suae
1904 2710 1945 2776 ad
1978 2712 2059 2776 illud
2094 2733 2196 2794 usque

200 2805 291 2875 tuna,
319 2805 377 2860 ant
405 2795 623 2878 superioribus
645 2793 709 2859 Dei
739 2794 917 2872 benefieiis,
948 2793 1026 2877 qnia
1056 2793 1175 2875 poterit
1225 2803 1355 2878 tempus
1388 2793 1567 2873 distulerat,
1601 2792 1759 2878 propheta
1786 2792 1872 2873 dieit,
1902 2798 2052 2877 quamvis
2081 2806 2196 2879 paeata

200 2881 236 2945 in
274 2880 488 2964 ignominiam
523 2891 713 2946 convertere
749 2879 904 2963 quidquid
938 2879 1062 2961 gloriae
1093 2879 1173 2964 ipsis
1226 2881 1348 2944 tuerint
1369 2900 1479 2944 eorum
1503 2880 1720 2959 tabernacula,
1750 2889 1860 2945 tamen
1890 2903 1955 2944 non
1979 2902 2072 2964 posse
2093 2883 2195 2946 eximi

201 2967 392 3032 eontulerat.
437 2964 604 3047 Sequitur,
1226 2964 1266 3029 ab
1288 2964 1423 3029 interitu
1452 2965 1548 3030 simul
1578 2986 1616 3031 ae
1645 2965 1802 3048 prodierit
1831 2965 2098 3032 exeandeseentie
2127 2968 2195 3032 irae

1224 3049 1298 3115 Dei.
1342 3048 1475 3115 Poterat
1496 3050 1646 3117 sufficere
1668 3050 1807 3115 alterum
1830 3070 1871 3114 ex
1894 3050 2018 3116 duobus
2040 3064 2118 3149 pun,
2140 3052 2194 3116 vel

286 3135 339 3201 35.
368 3132 412 3200 Et
437 3134 553 3218 peribit
578 3135 659 3218 supa
684 3155 705 3200 o
729 3133 919 3216 pasteribus,
948 3139 977 3198 et
1003 3135 1106 3200 masio
1134 3132 1173 3198 ab
1224 3146 1285 3234 qu:
1317 3134 1373 3199 sed
1396 3134 1573 3218 duplieavit
1596 3135 1756 3218 propheta
1777 3137 1859 3200 iram
1883 3135 1935 3202 vel
1956 3136 2194 3203 extendesoen·

200 3223 328 3288 eximiis
350 3221 464 3305 prepia.
1224 3228 1304 3284 tram
1327 3217 1405 3303 Dei,
1440 3241 1502 3303 qno
1525 3219 1599 3304 plus
1620 3221 1755 3288 terroris
1777 3221 1938 3286 ineuteret
1962 3221 2116 3305 reprobis,
2140 3222 2194 3305 qui

1225 3311 1262 3371 ut
1283 3313 1362 3370 aaut
1384 3305 1539 3371 obstinati
1560 3308 1594 3370 iu
1617 3327 1677 3372 sua
1698 3305 1832 3383 malitia,
1862 3307 1907 3371 sio
1930 3327 1995 3371 non
2018 3317 2193 3374 moventur

286 3391 440 3473 Explieat
473 3391 559 3474 qued
593 3410 682 3456 nuno
710 3390 863 3455 vidimus.
912 3389 1054 3455 lubebat
1085 3389 1171 3454 enim
1224 3391 1288 3456 nisi
1308 3387 1403 3456 Dens
1428 3391 1610 3474 ingeminet
1631 3393 1725 3471 ietus,
1755 3402 1789 3456 et
1810 3393 1892 3457 iram
1916 3411 2008 3456 suam
2030 3395 2134 3477 magis
2156 3413 2195 3459 ao

200 3482 348 3570 pastores
370 3474 507 3554 ululare,
530 3484 563 3542 et
580 3474 717 3540 eximios
737 3475 847 3558 gregis
868 3493 940 3540 sese
961 3494 1092 3540 versere
1115 3481 1171 3538 aut
1222 3476 1328 3560 magis
1350 3474 1522 3558 exprimat.
1566 3476 1733 3562 Sequitur,

199 3565 407 3646 prosternere
424 3561 458 3624 in
477 3561 626 3644 pulvere:
649 3581 739 3625 nuno
756 3578 887 3627 oausam
906 3558 1064 3643 adiungit,
1087 3559 1171 3642 quod

199 3647 323 3714 seilieet
346 3667 412 3712 non
434 3655 589 3728 poterunt
611 3645 713 3711 vitam
736 3666 828 3711 suam
854 3645 1071 3730 ignominiosa
1092 3645 1172 3728 tuga
1307 3645 1359 3712 38.
1388 3645 1565 3728 Dereliqait
1593 3651 1742 3729 tuaquom
1763 3647 1808 3712 leo
1830 3646 2065 3712 tetenaeutem
2085 3666 2195 3712 mam:

199 3753 341 3800 servare.
385 3731 459 3796 Hoe
480 3732 545 3797 iam
568 3731 641 3815 plus
663 3733 743 3797 satis
765 3731 919 3797 miserum
942 3739 1000 3808 est,
1028 3729 1082 3796 ubi
1104 3752 1170 3795 non
1222 3732 1301 3814 quie
1328 3731 1455 3798 reddata
1484 3737 1528 3797 est
1557 3735 1641 3796 terro
1669 3751 1775 3797 eorum
1804 3732 1839 3797 iu
1866 3733 2040 3798 uastitatem
2067 3752 2087 3796 a
2112 3731 2195 3813 forie

198 3827 306 3902 potest
335 3817 496 3901 quispiam
525 3816 620 3882 aliter
649 3816 819 3887 eousulere
846 3816 1044 3900 aaronitae,
1074 3835 1170 3898 quam
1221 3818 1292 3881 dae
1313 3817 1506 3900 oppressoris
1535 3813 1613 3902 (ant,
1639 3816 1826 3903 praedonis)
1852 3821 1881 3881 et
1901 3838 1922 3880 a
1941 3816 2025 3898 fecie
2047 3817 2192 3883 escande-

198 3903 227 3970 si
248 3902 400 3970 exsilium
422 3912 569 3985 quaerat,
593 3901 648 3968 ubi
669 3902 800 3968 futurus
821 3901 865 3967 ait
886 3902 980 3984 ineps
998 3912 1032 3966 et
1049 3921 1171 3985 egenus
1221 3901 1353 3968 soeatioe
1374 3901 1444 3966 irae
1465 3901 1543 3968 eius.

199 3997 235 4054 et
262 3987 527 4072 oontemptibilis.
579 3985 646 4054 Sed
675 3987 737 4052 hoe
766 4006 893 4070 quoqne
925 3986 1065 4070 deneget
1096 4006 1170 4068 pro·

199 4073 301 4158 pheta
321 4084 388 4139 tam
411 4073 481 4156 regi
503 4084 538 4138 et
557 4075 626 4138 eius
656 4071 852 4138 eonsiliariis
884 4090 980 4154 quam
1014 4070 1170 4137 divitibus
1306 4071 1381 4138 Hoo
1409 4071 1525 4136 ultimo
1550 4093 1649 4138 versu
1683 4072 1836 4136 admonet
1868 4071 2037 4154 propheta,
2070 4071 2193 4137 trustra

197 4160 298 4225 tetius
320 4160 410 4224 urbis
433 4168 466 4224 et
489 4167 604 4223 terrae.
648 4155 769 4223 Peribit
795 4157 897 4239 igitur
918 4155 958 4223 ab
978 4157 1061 4238 ipsis
1080 4156 1169 4240 sepo,
1221 4156 1361 4222 ludaeos
1383 4156 1546 4222 eonfidere
1569 4155 1632 4223 Dei
1654 4156 1827 4240 praesidio,
1858 4157 2009 4238 quoniam
2033 4156 2191 4240 templum

196 4245 314 4326 inquit.
359 4244 526 4325 Loquutio
553 4242 634 4308 haee
662 4244 743 4308 satis
772 4242 850 4306 trita
877 4252 928 4307 est
954 4242 1086 4325 linguae
1112 4241 1169 4306 he·
1222 4262 1318 4307 sunm
1341 4240 1468 4308 deseret
1489 4263 1557 4306 nna
1578 4263 1652 4308 eum
1675 4243 1764 4306 urbe.
1808 4241 1882 4307 Hoe
1905 4241 1965 4305 luit
1986 4243 2078 4324 quasi
2101 4240 2192 4307 labu-

196 4330 341 4396 braieae:
363 4329 468 4394 Periit
491 4329 567 4411 luga
588 4347 687 4408 ame,
704 4329 783 4393 dieit
798 4326 906 4392 David
928 4325 1029 4412 (Paal.
1044 4327 1114 4404 142,
1127 4326 1169 4413 b),
1220 4325 1335 4393 losum.
1381 4327 1520 4393 Dixerat
1541 4328 1638 4407 enim,
1665 4327 1758 4392 Haeo
1778 4327 1908 4410 requies
1930 4346 2003 4391 mea
2025 4328 2058 4391 in
2081 4347 2192 4393 saeuu-

195 4413 260 4481 hoe
286 4422 347 4494 est,
379 4435 445 4478 non
474 4414 600 4495 reperio
627 4414 731 4478 ullum
762 4412 930 4496 effugium.
974 4411 1031 4478 Sie
1061 4414 1169 4490 etiam,
1220 4413 1289 4478 lum
1310 4413 1439 4480 saeculi.
1485 4411 1550 4478 Sed
1574 4411 1764 4496 hypoeritae
1786 4433 1852 4478 nou
1875 4414 2073 4495 reputabant
2098 4433 2192 4495 posse

192 4500 311 4586 peribit
330 4500 421 4584 sapa,
449 4498 511 4564 hoe
533 4508 591 4578 est,
621 4497 698 4562 dum
720 4498 914 4580 speetabunt
941 4497 1006 4564 hue
1029 4507 1062 4562 et
1082 4497 1169 4578 illue,
1220 4499 1327 4581 ipsum
1350 4507 1437 4564 stare
1459 4499 1526 4564 suis
1549 4497 1727 4581 promissis,
1749 4506 1786 4562 ut
1807 4507 1917 4562 temen
1940 4518 2006 4562 non
2029 4496 2190 4580 relinque·

196 4598 237 4652 ut
253 4604 325 4651 aeae
346 4585 489 4668 eripiant
509 4605 528 4650 a
546 4583 698 4665 perieulo,
720 4583 863 4666 undique
885 4591 983 4648 erunt
1004 4584 1169 4648 eonstrieti
1219 4592 1272 4648 ret
1293 4583 1379 4665 ipsos
1401 4584 1587 4666 impunitos.
1631 4582 1707 4648 Non
1730 4591 1882 4666 poterant
1904 4583 2005 4664 igitur
2027 4581 2107 4648 haee
2127 4582 2190 4648 duo

196 4671 232 4736 in
255 4671 357 4738 tanda
379 4670 540 4754 augustiis
562 4673 600 4732 ut
620 4687 752 4733 neeesse
778 4669 822 4733 sit
844 4668 973 4734 tandem
1001 4669 1169 4753 porrigere
1220 4669 1318 4732 simul
1352 4670 1568 4752 eoninngere,
1605 4668 1713 4733 Deum
1750 4687 1879 4750 semper
1913 4669 1982 4733 fore
2014 4688 2191 4733 memorem

196 4755 348 4840 iugulum
370 4755 528 4822 hostibus.
575 4752 740 4837 Sequitur,
1221 4753 1443 4830 fordemunt,
1475 4765 1510 4819 et
1531 4763 1640 4818 tamen
1670 4754 1816 4818 laturum
1839 4773 1909 4819 esse
1930 4753 2085 4820 eoelesiae
2106 4751 2191 4818 iudi·

833 4849 834 4852 ’
1219 4858 1300 4904 eom.
1339 4839 1432 4903 Haeo
1454 4839 1538 4905 ratio
1559 4847 1610 4905 est
1632 4859 1690 4904 eur
1713 4859 1799 4903 nune
1821 4837 1907 4904 dieat
1928 4837 2106 4921 prophetae
2130 4837 2190 4904 Re-

284 4927 337 4992 36.
368 4925 435 4992 Vox
455 4927 617 4992 remoris*
626 4928 803 5006 posterum,
832 4927 861 4986 et
880 4921 1020 4986 rdaletas
1040 4923 1168 4988 eximie·
1219 4923 1337 5004 linquet
1357 4921 1448 4990 Deus
1469 4925 1563 5005 quasi
1582 4924 1628 4989 leo
1650 4923 1881 4990 arenearum
1901 4942 2003 4988 mam.
2048 4921 2190 5003 Quidam

196 5032 270 5078 rum
287 5012 401 5096 prepis,
424 5011 500 5091 quio
515 5010 658 5092 perdidit
680 5007 815 5074 leorae
832 5027 954 5090 poscae
974 5027 1087 5073 eoram.
1219 5019 1389 5090 exponunt
1412 5010 1498 5091 quod
1521 5009 1563 5074 ad
1586 5009 1685 5074 breve
1707 5017 1836 5091 tempus
1858 5007 2054 5092 egredietur,
2075 5029 2190 5092 quem·

1219 5093 1394 5159 admodum
1417 5093 1524 5160 solent
1545 5093 1655 5160 leones
1676 5094 1826 5174 lameliei,
1847 5093 1904 5158 sed
1926 5092 2005 5158 illud
2026 5102 2074 5158 est
2091 5095 2190 5162 nimis

284 5181 359 5247 Non
379 5189 507 5246 tantum
526 5180 643 5263 repetit
661 5177 798 5245 eandem
817 5179 1011 5244 senteutiam
1030 5178 1168 5244 diversis
1219 5187 1391 5244 remotum.
1436 5180 1508 5263 Ego
1530 5180 1630 5264 igitur
1650 5200 1718 5245 uon
1740 5179 1851 5245 dubito
1879 5179 1960 5261 quin
1984 5177 2046 5243 Dei
2075 5189 2188 5262 poten-

198 5266 324 5344 rerbis,
354 5265 412 5332 sed
440 5265 561 5348 aliquid
592 5265 691 5330 etiam
722 5265 854 5348 gravius
883 5262 1046 5346 adiungit,
1079 5262 1166 5345 quod
1219 5262 1299 5328 tiam
1322 5264 1526 5331 oemmeudet
1548 5267 1608 5331 snb
1630 5265 1763 5332 nomine
1785 5264 1897 5343 leonis,
1930 5263 2008 5346 quia
2033 5263 2188 5330 formida·

198 5351 320 5420 seilieet
342 5350 433 5417 Deus
461 5351 704 5417 investitatum
738 5349 863 5434 rediget
895 5369 1008 5415 eornm
1036 5367 1164 5433 pasena.
1218 5349 1300 5415 biles
1322 5350 1458 5416 tuissent
1481 5350 1594 5416 Iudaei
1617 5355 1742 5418 eunetis
1764 5349 1832 5416 suis
1858 5349 2017 5432 hostibus,
2045 5352 2073 5416 si
2096 5349 2188 5417 Deus
