5134 6124
219 443 281 510 297
916 439 964 506 IN
988 439 1239 506 IIIRIIMIAM.
1283 438 1383 506 OAP.
1405 439 1538 506 XVIII.
2162 446 2226 514 298

220 635 347 698 sternat
364 630 466 698 Deus.
505 629 559 695 Its
578 629 676 696 etiem
695 630 849 714 gentibus
868 629 1105 696 robustissimis
1122 649 1197 696 oon·
1249 629 1351 697 fuisse
1372 632 1406 694 in
1429 629 1565 694 arbitrio
1582 627 1648 694 Dei
1668 631 1816 695 statuere
1833 630 1875 696 de
1892 617 2031 715 siugulis
2053 633 2132 716 quid
2154 637 2225 702 fieri

221 717 330 802 tingit.
374 717 466 802 Ergo
494 725 653 800 quantum
686 717 804 781 attinet
834 713 875 780 ad
904 725 1026 780 statum
1059 714 1197 780 humani
1251 716 1368 782 veltet:
1391 735 1478 781 nuno
1500 715 1598 780 etiem
1620 734 1682 780 nos
1702 715 1836 781 formeri
1856 736 1916 800 pro
1935 719 2005 784 eins
2022 718 2167 800 arbitrio,
2188 733 2227 788 ut

222 805 362 890 generis,
395 802 488 870 Deus
521 803 615 886 qussi
647 803 682 868 iu
715 801 856 884 speoulo,
889 809 947 867 aut
978 801 1057 867 viva
1090 802 1198 885 etiigie
1249 803 1330 868 aiios
1350 801 1461 885 eligat,
1484 799 1565 866 alios
1587 800 1748 884 reprobet.
1788 801 1913 868 Peuius
1930 824 2009 888 ergo
2030 805 2097 872 illio
2119 827 2226 890 neque

220 888 316 958 uobis
337 889 392 956 hio
414 888 566 966 ostendit,
594 887 721 954 subitas
747 897 781 953 et
806 888 995 971 trequentes
1022 908 1094 954 esse
1122 907 1199 954 oon·
1249 888 1360 965 fidem,
1383 907 1490 971 neque
1512 887 1749 969 poenitentiam
1769 889 1911 974 attingit,
1935 889 1992 954 sed
2016 891 2226 960 eonoionatur

220 977 389 1044 versiones
407 976 441 1042 in
459 973 594 1053 mundo,
613 995 696 1058 quae
715 972 854 1040 debeant
871 994 932 1040 nos
949 973 1199 1058 expergetaoere
1250 975 1291 1040 de
1308 993 1429 1040 aroana
1446 971 1510 1038 Dei
1530 971 1714 1052 voluntate,
1731 993 1796 1057 qua
1813 975 1893 1042 alios
1908 974 1948 1040 ed
1968 976 2119 1054 salutem,
2143 979 2225 1046 alios

224 1083 245 1130 a
267 1072 405 1146 torpore,
427 1083 470 1127 ne
491 1061 565 1145 quis
582 1059 703 1126 audeat
724 1058 786 1125 sibi
808 1060 1000 1144 promittere
1017 1060 1197 1124 erastinum
1249 1059 1292 1126 ad
1314 1059 1484 1124 iuteritum
1507 1057 1737 1142 praedestinat.
1782 1059 1827 1125 itt
1851 1059 1979 1128 videtur
1999 1064 2099 1129 etiam
2121 1063 2226 1132 Isaiae

221 1157 353 1224 statum,
375 1157 433 1214 aut
455 1148 554 1213 ettam
577 1147 675 1212 unius
696 1145 806 1224 borae,
828 1143 881 1212 vel
907 1145 1007 1211 unius
1028 1144 1197 1210 momenti.
1250 1145 1337 1211 idem
1356 1145 1442 1210 velle
1463 1165 1534 1229 oap.
1551 1142 1594 1210 45
1618 1145 1662 1229 (v.
1681 1143 1716 1230 9)
1733 1145 1926 1226 simplieiter
1944 1147 2032 1214 euim
2050 1147 2118 1216 Iliio
2134 1151 2224 1230 dioit,

221 1234 294 1301 Hoo
316 1254 420 1300 nuum
442 1241 502 1300 est.
536 1230 604 1300 Sed
622 1232 770 1300 doetrina
788 1231 868 1298 haee
886 1230 1082 1314 peouliarem
1102 1250 1198 1296 usum
1250 1230 1323 1296 Vae
1352 1233 1407 1314 qui
1438 1241 1622 1315 exsurgunt
1648 1239 1764 1297 eontra
1790 1231 1939 1299 fiotorem
1969 1253 2083 1300 suum:
2113 1257 2224 1303 annon

222 1318 321 1386 babet
343 1319 431 1402 apud
453 1340 532 1385 nos:
556 1316 633 1402 quia
653 1319 750 1385 siouti
773 1317 946 1402 privilegio
967 1314 1108 1400 quodem
1131 1317 1197 1382 sin·
1249 1326 1366 1402 potero
1398 1324 1545 1384 statuere
1578 1315 1617 1380 de
1645 1317 1842 1398 bominibus,
1875 1319 1982 1402 inquit
2008 1318 2110 1400 Deus,
2139 1324 2225 1391 siout

221 1405 331 1492 gulari
353 1426 412 1471 nos
434 1403 525 1471 Deus
547 1405 672 1471 exemit
690 1426 709 1470 a
726 1403 851 1486 reliquo
868 1401 1008 1468 mundo:
1029 1404 1076 1468 ita
1097 1403 1197 1468 etiam
1250 1403 1374 1488 figulus
1405 1423 1504 1486 quum
1533 1403 1644 1468 vertas
1677 1402 1798 1469 formes
1827 1425 1845 1471 ο
1874 1404 1945 1470 luto
1977 1408 2224 1474 aooommodet?

222 1491 295 1559 vult
323 1511 384 1556 nos
412 1512 433 1556 a
461 1510 552 1556 mero
580 1511 639 1557 suo
670 1489 873 1573 beneplaoito
901 1490 1053 1572 pendere.
1096 1487 1198 1554 Fides
1251 1491 1341 1574 Ergo
1363 1488 1542 1555 tenendum
1572 1497 1622 1554 est
1650 1487 1732 1554 iliud
1762 1489 1968 1574 prinoipium,
1997 1493 2045 1558 sio
2073 1491 2225 1562 homines

221 1576 352 1661 quidem
381 1577 479 1643 debet
507 1597 578 1643 esse
608 1575 795 1664 tranquilia,
824 1575 891 1640 imo
920 1573 1014 1640 debet
1043 1595 1198 1657 spernere
1249 1575 1382 1641 formari
1396 1574 1462 1640 Dei
1479 1575 1623 1652 arbitrio,
1639 1581 1678 1640 ut
1694 1595 1808 1641 omnes
1826 1576 2050 1644 obmutesoere
2067 1589 2224 1662 oporteat,

222 1661 380 1748 quidquid
406 1671 516 1747 potest
544 1662 662 1728 afferre
692 1661 785 1727 nobis
814 1659 936 1744 aliquid
966 1669 1026 1727 aut
1054 1660 1198 1736 terroris,
1273 1663 1326 1726 nia
1347 1663 1419 1727 sine
1441 1661 1589 1745 proieetu
1611 1660 1802 1745 obstrepent
1829 1663 1970 1746 reprobi,
1999 1663 2028 1730 si
2049 1666 2223 1751 exeipiant,

221 1759 279 1816 aut
299 1748 537 1815 sollieitudiuis.
571 1748 658 1813 Nam
675 1747 757 1814 fides
772 1747 829 1812 ubi
844 1747 944 1812 babet
958 1745 1065 1813 sedem
1082 1747 1197 1812 suam?
1250 1683 1361 1830 &aare
1394 1767 1447 1812 me
1479 1748 1526 1813 sio
1561 1745 1708 1813 finxisti?
1752 1748 1874 1814 Annon
1913 1759 2068 1834 tanquam
2102 1751 2225 1836 figulus

220 1855 340 1919 nempe
360 1835 395 1899 in
418 1834 516 1901 ooelo.
561 1834 610 1900 Er
632 1854 652 1900 o
673 1833 754 1900 haeo
779 1832 1036 1917 magnanimitas
1058 1832 1196 1915 requiri·
1251 1834 1349 1900 babet
1382 1840 1591 1917 potestatem,
1623 1833 1732 1916 inquit
1762 1833 1901 1914 Paulus,
1930 1844 1991 1903 eto.
2041 1836 2115 1904 Hoo
2143 1859 2223 1923 ergo

220 1931 278 1986 tur
298 1923 334 1986 in
351 1921 505 1988 omnibus
522 1919 600 1987 filiis
610 1855 690 2000 Iasi,
713 1930 750 1985 ut
764 1919 944 2003 despioiant
961 1918 1071 2002 quieto
1088 1919 1198 1984 anImo
1250 1919 1359 1988 velere
1383 1917 1481 1984 debet
1505 1919 1539 1984 in
1569 1937 1689 1986 aroana
1709 1917 1774 1984 Dei
1803 1920 2112 2004 praedestinatione.
2156 1921 2225 1991 Sed

221 2027 336 2074 omnes
358 2005 472 2073 mundi
496 2006 738 2073 conversiones.
775 2003 843 2072 Sed
866 2004 1046 2072 videndum
1069 2010 1120 2070 est
1141 2003 1197 2070 ubi
1250 2005 1406 2072 Ieremias
1435 2005 1489 2072 hio
1511 2005 1692 2070 doetriuam
1722 2025 1813 2070 susm
1842 2007 2064 2074 aooommodat
2093 2010 2224 2094 populo,

221 2091 357 2160 tundata
378 2094 421 2158 sit
443 2090 501 2158 illa
521 2091 598 2158 fidei
622 2091 852 2175 tranquillitas,
873 2111 992 2175 nempe
1013 2091 1050 2156 in
1068 2089 1198 2157 humili·
1250 2102 1287 2156 ut
1309 2089 1468 2167 ostendat,
1490 2089 1601 2157 Deum
1622 2089 1670 2157 sio
1697 2093 1841 2175 gratuito
1870 2091 1999 2158 foedere
2025 2093 2163 2178 elegisse
2191 2104 2226 2162 et

220 2186 296 2245 tate.
350 2177 454 2246 Siouti
487 2179 576 2244 enim
609 2177 747 2244 iaoimus
780 2177 959 2244 anoboram
989 2185 1133 2244 nostram
1163 2180 1196 2242 in
1250 2177 1422 2262 adoptasse
1437 2176 1593 2242 Abrahae
1608 2195 1724 2261 gemm
1747 2189 1784 2242 ut
1806 2187 1916 2244 tamen
1933 2179 2036 2262 possit
2051 2179 2225 2264 repudiare

221 2263 322 2343 ooeio,
344 2266 392 2330 its
413 2265 522 2345 etiam,
544 2272 706 2347 quantum
730 2263 771 2329 ad
793 2284 853 2330 nos
875 2273 1009 2347 epeotat,
1040 2263 1197 2329 debemus
1249 2263 1413 2348 indignos,
1435 2282 1554 2345 nempe
1577 2264 1763 2346 quiounque
1788 2263 1974 2346 spreverint
2003 2274 2128 2332 tantam
2151 2288 2225 2351 gra-

220 2369 350 2434 semper
371 2350 478 2416 ieoere
499 2351 656 2433 prostrati
673 2359 706 2415 et
727 2349 879 2416 humiles.
914 2348 1072 2432 Quisquis
1094 2349 1198 2434 igitur
1250 2349 1339 2416 tiam.
1384 2349 1482 2420 Nuus
1504 2347 1654 2415 videmus
1683 2347 1782 2416 huius
1811 2348 1978 2417 doetrinae
2008 2352 2224 2435 multIplioem

220 2436 338 2503 volitat
366 2436 459 2501 inani
487 2436 618 2514 fiduoia,
651 2436 706 2501 ilie
735 2437 857 2502 trustra
888 2434 989 2502 iaotst
1021 2434 1130 2516 fidem,
1164 2445 1198 2500 et
1250 2456 1321 2502 esse
1353 2456 1460 2500 usum.
1515 2433 1609 2501 Deus
1639 2435 1728 2500 enim
1762 2444 1839 2501 ante
1871 2437 2069 2502 oreationem
2109 2438 2226 2504 mundi

220 2523 379 2622 mentitur
406 2542 442 2587 se
465 2521 646 2623 quidquem
667 2543 687 2588 a
708 2521 781 2588 Deo
809 2541 950 2604 sperare.
994 2521 1085 2605 Ergo
1114 2542 1196 2622 sem·
1249 2521 1366 2588 statuit
1387 2520 1464 2604 quid
1487 2521 1557 2586 fieri
1576 2519 1678 2620 veliet
1695 2520 1737 2586 de
1758 2522 1898 2621 siugulis
1921 2521 2117 2590 hominibus.
2156 2521 2225 2592 Sed

220 2609 529 2773 tibridis:
552 2608 905 2761 tttttttttt
926 2616 1197 2778 tibitibi
1248 2607 1593 2778 tttttttfflit
1609 2607 2225 2777 ttttzhttst‘tttttttt}

218 2780 365 2860 dmm,
386 2779 444 2846 aed
465 2781 502 2845 in
524 2780 670 2864 gratuite
691 2779 756 2846 Dei
785 2779 938 2846 bonitate.
982 2778 1078 2846 Nuno
1105 2789 1196 2846 tene·
1249 2799 1367 2864 nempe
1389 2779 1474 2861 qnod
1495 2779 1584 2844 Deus
1606 2797 1696 2844 nuno
1716 2799 1778 2845 sua
1799 2779 1956 2846 benedoia
1976 2779 2114 2862 unierat,
2135 2800 2226 2846 nuno

220 2885 296 2932 mus
327 2865 495 2932 doetrinae
524 2865 708 2949 praesentis
740 2887 846 2932 usum.
896 2863 1056 2949 Sequitur
1084 2874 1197 2949 postea
1248 2873 1357 2931 antem
1380 2865 1475 2947 quasi
1495 2885 1515 2930 e
1535 2873 1642 2930 morte
1664 2865 1785 2931 exeitet
1806 2864 1966 2944 homines,
1989 2878 2028 2931 ut
2049 2884 2106 2931 eos
2128 2867 2225 2932 attol·

221 2951 308 3036 apud
330 2951 541 3036 propbetamr
1248 2951 1352 3018 latin
1374 2949 1524 3032 sublime,
1546 2961 1643 3032 prout
1664 2949 1787 3016 soiiioet
1808 2951 1962 3018 misertus
1984 2952 2084 3018 tuerit
2101 2971 2225 3033 eorum,

515 3091 517 3096 .
1249 3037 1305 3121 qui
1334 3056 1410 3104 vere
1442 3044 1477 3103 et
1505 3055 1549 3102 ex
1577 3034 1688 3100 animo
1723 3034 1763 3102 ed
1796 3054 1871 3102 oum
1904 3038 2057 3105 eonversi
2090 3036 2225 3121 fuerint,

307 3123 337 3188 I.
362 3121 471 3189 Subito
487 3122 599 3206 loquor
615 3127 724 3190 rooba
738 3127 867 3207 quiem,
888 3127 1041 3189 econtra
1056 3143 1196 3208 requam,
1248 3123 1303 3189 vel
1343 3141 1477 3188 rursum
1513 3120 1658 3188 offensus
1696 3122 1795 3188 tuerit
1839 3122 2076 3207 ingratitudine
2112 3144 2226 3190 eorum

218 3210 263 3276 od
283 3207 471 3276 ιοοΠοιιιῑιιιιι
492 3215 520 3274 et
540 3209 766 3276 andaonem
788 3209 857 3293 (atii
879 3217 1024 3288 vertunt,
1047 3207 1088 3273 ed
1110 3210 1196 3274 tran·
1249 3210 1306 3292 qui
1339 3206 1497 3274 ebiiqunt
1528 3207 1672 3274 oblatam
1701 3207 1764 3273 sibi
1796 3209 1948 3292 gratiam.
1992 3209 2082 3276 DIoit
2114 3211 2225 3294 Igitur,
2329 3235 2332 3242 ·

220 3296 374 3380 gendum,
397 3296 451 3362 vel
472 3293 731 3382 oonterendum),
754 3299 783 3360 et
803 3295 847 3360 od
861 3294 1067 3376 pudendam.
1251 3293 1388 3378 Repente
1418 3292 1530 3376 loquor
1560 3312 1658 3376 super
1683 3298 1810 3378 ροιιοιιι,
1842 3299 1871 3360 et
1899 3315 1994 3378 aeeper
2021 3315 2161 3380 regumn,
2191 3301 2227 3362 ut

307 3382 338 3448 8.
360 3379 405 3446 Et
425 3400 571 3448 mutereo
596 3381 661 3463 fuit
684 3401 761 3466 gerra
789 3380 849 3448 ilio
875 3400 898 3446 ο
926 3379 1009 3446 maio
1036 3400 1094 3446 suo
1123 3381 1197 3464 (boe
1249 3379 1387 3464 mellum,
1401 3384 1437 3444 ut
1450 3379 1614 3464 eadmer,
1630 3378 1684 3446 vel
1698 3380 1879 3464 exstirpem
1894 3386 1922 3448 et
1937 3381 2083 3464 pedem.
2113 3380 2225 3462 Quum

221 3475 280 3548 est,
303 3487 322 3532 a
345 3467 470 3532 melitis
491 3465 563 3553 sua)
592 3467 632 3534 de
659 3488 724 3550 qua
749 3465 827 3553 (vel,
856 3485 917 3551 pro
945 3465 1023 3552 qua)
1051 3465 1199 3548 loquutus
1250 3465 1692 3548 dioitrepente,1udaeIsin
1709 3465 1902 3532 memoriam
1920 3466 2047 3533 reduoit
2064 3467 2226 3551 originem

219 3573 291 3620 aem
311 3555 463 3620 οᾶοοιιιιο
483 3553 590 3620 idam:
610 3558 638 3619 et
655 3553 777 3639 (potius
795 3561 884 3634 tuno,
902 3552 1019 3637 oopula
1038 3553 1127 3619 valet
1144 3553 1197 3620 bio
1249 3553 1391 3638 generis.
1441 3551 1528 3618 Nam
1562 3551 1669 3635 qualis
1701 3561 1772 3618 erat
1800 3572 1912 3619 eorum
1942 3551 2095 3631 uenditis,
2124 3573 2226 3636 quum

220 3638 413 3706 adverbium
435 3638 607 3724 temporis)
629 3631 796 3724 poenitebsi
814 3659 862 3706 me
882 3658 979 3722 erepet
999 3638 1094 3723 mab,
1115 3639 1198 3724 quod
1250 3639 1414 3705 Dominus
1435 3636 1501 3703 illis
1518 3657 1653 3703 manum
1671 3638 1828 3721 porrexit,
1850 3645 1884 3704 et
1901 3638 2015 3704 eduxit
2032 3658 2088 3704 eos
2107 3657 2150 3704 ex
2167 3637 2227 3704 illa

220 3726 433 3810 minuerem,
454 3730 490 3791 at
509 3725 644 3808 [οοονοιιι
666 3725 704 3792 ei.
1248 3734 1316 3790 tam
1338 3724 1459 3790 misere
1480 3721 1650 3805 servitute,
1678 3723 1712 3788 in
1742 3743 1809 3806 qua
1837 3734 1934 3790 erant
1962 3722 2097 3790 obruti?
2132 3723 2226 3806 quasi

306 3812 336 3879 9.
359 3810 538 3894 strepeto
551 3811 661 3892 loquar
674 3830 772 3896 super
782 3816 911 3895 pestem,
925 3816 1198 3897 deportarem
1249 3811 1383 3890 dioeret,
1414 3809 1579 3892 Reputate
1610 3806 1776 3876 vobisoum
1805 3810 1895 3875 uude
1924 3829 1983 3875 vos
2011 3811 2103 3875 Deus
2131 3818 2226 3876 extu·

220 3897 263 3964 ad
284 3897 522 3979 aedificandum,
545 3902 573 3963 et
593 3897 637 3962 ad
651 3896 874 3980 plumacium.
1248 3896 1339 3962 ierit:
1369 3892 1487 3961 deinde
1514 3893 1613 3960 simul
1636 3895 1805 3979 agnoseite
1827 3895 1888 3961 boo
1910 3895 2011 3962 tuisse
2033 3894 2228 3962 mirabiliter

307 3983 358 4049 10.
384 3983 473 4065 Quod
494 3984 526 4049 ιι·
544 3983 653 4066 seoerr't
673 3983 793 4049 motum
810 4001 917 4049 eoram
935 3982 1034 4050 omes
1052 3982 1140 4061 ιιιοίι,
1162 3987 1198 4048 ut
1248 3983 1386 4060 tautum,
1426 3990 1460 4046 et
1491 3987 1622 4063 praeter
1654 4001 1788 4048 sensum
1822 3999 2042 4048 oommnuem.
2097 3979 2227 4046 Eodem

220 4087 282 4135 nou
313 4069 428 4137 audiat
457 4089 558 4134 ooeem
589 4088 708 4150 ιιιοαιιι,
738 4073 811 4135 tuae
834 4067 1000 4150 panium
1026 4088 1075 4134 me
1102 4087 1198 4151 super
1249 4069 1338 4133 enim
1372 4066 1424 4132 die
1456 4066 1564 4133 fuistis
1597 4067 1744 4132 omnium
1783 4065 1975 4147 miserrimi,
2010 4076 2043 4133 et
2078 4067 2228 4132 omnium

220 4153 306 4238 toa,
328 4155 410 4239 quod
431 4153 577 4238 ῑοοιιιιέιιι
595 4154 729 4236 swern,
752 4158 785 4220 ut
807 4152 1014 4238 bmefooerem
1036 4154 1075 4220 ei.
1249 4152 1437 4219 beatissimi.
1481 4151 1558 4218 Nox
1585 4172 1652 4218 una
1679 4171 1746 4218 non
1775 4155 1909 4218 tantum
1931 4173 1988 4219 vos
2011 4173 2031 4218 a
2052 4164 2158 4218 morte
2190 4153 2226 4216 in

1249 4241 1353 4306 vitam
1375 4235 1533 4318 traduxit,
1554 4237 1612 4304 sed
1634 4259 1678 4304 ex
1699 4237 1819 4322 abysso
1840 4236 2097 4319 profundissima
2114 4237 2227 4304 evexit

306 4325 449 4411 Propior
463 4335 512 4391 est
527 4325 701 4410 applioatio
717 4325 891 4392 doetrinae.
920 4324 1090 4408 Propheta
1107 4325 1197 4392 enim
1249 4345 1352 4409 supra
1381 4344 1514 4391 omnem
1542 4331 1710 4391 terrenam
1738 4323 1936 4403 telioitstem,
1964 4345 2002 4390 ao
2024 4323 2109 4389 siin
2132 4322 2226 4389 nubi-

221 4412 419 4499 generaliter
452 4412 594 4491 dixerat,
626 4411 785 4496 populum
820 4432 891 4480 esse
919 4412 954 4477 in
988 4433 1090 4478 mauu
1121 4410 1197 4493 Dei,
1249 4409 1311 4477 bus
1343 4410 1544 4494 equitaretis.
1602 4407 1692 4474 Deae
1723 4429 1803 4494 ergo
1836 4413 1959 4491 rqrente
1991 4407 2137 4492 bquutus
2168 4413 2225 4474 eet.

220 4502 304 4566 siout
326 4508 376 4564 est
398 4498 506 4564 tutum
527 4497 563 4562 in
589 4516 691 4564 mauu
719 4499 823 4583 figuti.
868 4495 936 4565 Sed
962 4496 1016 4564 hir
1046 4497 1197 4582 adiungit
1249 4495 1317 4566 Sed
1339 4497 1437 4562 simul
1459 4496 1558 4562 etiem
1586 4494 1719 4561 disserit
1740 4493 1781 4562 de
1809 4496 1937 4578 poenis:
1967 4493 2058 4562 Deus
2086 4495 2226 4577 loqtitm

219 4585 307 4669 quod
329 4585 435 4670 magis
456 4584 614 4668 populare
635 4592 694 4664 est,
720 4605 838 4668 nempe
858 4584 895 4649 in
917 4603 1016 4649 manu
1039 4583 1103 4649 Dei
1125 4603 1196 4650 esse
1247 4587 1480 4667 aspergentem
1499 4601 1599 4647 anem
1625 4585 1652 4646 et
1673 4599 1769 4665 erepet
1795 4601 1926 4664 ιοφιιιιιι
1946 4601 2055 4661 anum,
2085 4585 2121 4645 at
2140 4579 2226 4646 bene·

219 4676 356 4738 eunotos
377 4671 540 4748 mortales,
567 4680 604 4735 ut
627 4690 713 4736 nuno
735 4679 830 4738 ornet
851 4679 982 4755 gentem
1006 4689 1104 4734 unam
1127 4670 1196 4736 suis
1245 4669 1356 4752 foetet.
1400 4669 1547 4734 Rursum
1570 4665 1717 4749 loquitur
1738 4665 1842 4750 Deus,
1864 4671 1900 4732 ut
1920 4666 2036 4745 eeeiiot,
2059 4671 2093 4732 ut
2108 4663 2225 4747 perdet

219 4756 396 4836 benefieiis,
425 4756 542 4822 deinde
563 4755 697 4838 spoliet:
724 4757 780 4839 qui
807 4769 916 4822 autem
947 4756 1038 4838 prius
1064 4755 1196 4821 fuerant
1244 4760 1365 4840 perstet
1392 4759 1421 4820 et
1447 4773 1585 4837 requam.
1630 4751 1697 4833 Qui
1726 4753 1764 4818 fit
1793 4754 1905 4837 igitur,
1936 4762 1972 4818 ut
2000 4759 2136 4835 pereant
2167 4749 2226 4832 qui

219 4842 375 4926 despeeti,
395 4841 469 4909 iilos
489 4841 627 4908 attollat.
667 4841 750 4906 Dixi
771 4840 857 4908 hano
878 4850 1007 4924 partem
1029 4840 1196 4908 doetrinae
1246 4841 1310 4909 visi
1343 4850 1423 4906 aunt
1455 4838 1496 4904 ed
1530 4847 1660 4922 tempus
1690 4839 1818 4916 florere,
1852 4847 1886 4903 et
1917 4857 1989 4905 οιοο
2020 4833 2224 4902 selioissimi‘i

219 4926 1195 5100 tztzsttttttttdtt:irretitietti·
1245 4921 2225 5098 ttrttttitdtttdtt·‚tittdtitttt

219 5123 280 5169 nos
301 5121 373 5168 esse
400 5100 436 5166 in
459 5102 523 5166 Dei
551 5109 713 5185 potestate
743 5119 807 5166 non
836 5119 929 5166 seous
959 5107 1058 5183 atque
1086 5063 1195 5164 ibtuni
1246 5097 1398 5167 iaoebant
1418 5096 1480 5163 sub
1501 5096 1637 5180 pedibus
1653 5095 1824 5162 omnium?
1847 5116 1965 5178 nempe
1982 5093 2137 5177 quonism
2155 5092 2224 5158 Do·

219 5198 271 5254 est
299 5189 334 5254 tn
365 5206 464 5253 manu
494 5187 603 5272 figuli,
636 5208 703 5252 non
732 5185 878 5269 loquitur
908 5185 954 5249 ita
983 5184 1193 5270 populariter.
1246 5186 1358 5251 miuus
1379 5203 1494 5250 eornm
1516 5183 1700 5248 miseretur.
1746 5181 1813 5249 Sed
1840 5181 1947 5264 priore
1969 5180 2040 5246 loeo
2061 5178 2225 5262 propbeta

219 5273 333 5358 Neque
354 5273 442 5338 euim
466 5271 610 5355 disputet
627 5272 667 5339 de
685 5271 896 5356 poenitentia,
920 5269 978 5336 sed
996 5270 1096 5337 altius
1118 5290 1193 5336 oon·
1247 5269 1287 5338 de
1304 5269 1418 5354 poenis
1435 5269 1656 5336 oonoionatur.
1691 5267 1836 5352 Repente
1854 5267 1972 5351 inquit,
1994 5267 2107 5350 toqreor
2128 5283 2225 5346 suaper

219 5360 362 5427 suendit:
401 5377 520 5440 nempe
552 5367 730 5443 antequam
762 5366 891 5426 oreatus
925 5367 1011 5423 esset
1042 5355 1193 5436 mundus,
1244 5354 1702 5443 postremissimum,
1731 5359 1766 5419 ut
1792 5352 1968 5420 wedomet
1996 5351 2226 5436 eastimet
