5038 6118
1188 1791 1375 1850 everterent
1397 1805 1417 1850 a
1438 1785 1552 1868 primis
1574 1783 1794 1851 fundamentis
1813 1785 1917 1868 ipsam
1935 1785 2059 1852 nrhem.
2094 1784 2163 1852 De-

458 1890 596 1960 CAPUT
623 1889 845 1962 OCTAVUM,
1190 1870 1285 1953 nique
1307 1869 1359 1935 his
1381 1869 1489 1936 verbis
1510 1869 1708 1936 horrendam
1731 1877 1765 1936 et
1787 1871 1935 1936 ultimam
1957 1870 2083 1937 sladem
2110 1870 2162 1936 ds·

1189 1956 1307 2038 signat,
1337 1954 1394 2020 sed
1422 1955 1523 2020 finem
1553 1955 1649 2021 simul
1679 1954 1822 2021 ostendit
1846 1975 1904 2021 eor
1926 1967 1993 2022 tam
2016 1956 2162 2041 graviter

254 2091 281 2156 1·
312 2089 355 2155 In
385 2091 438 2156 die
475 2091 530 2156 mo
578 2091 655 2157 M
683 2087 822 2154 Iam
870 2089 1032 2158 emm
1064 2111 1137 2158 om
1189 2040 1323 2141 iusserit
1357 2042 1485 2140 saevire
1518 2041 1610 2141 liena
1646 2040 1803 2140 adserens
1836 2040 1989 2108 Iudaeos:
2028 2061 2108 2141 ,nem
2153 2092 2161 2122 ,

163 2196 273 2261 reo
302 2175 459 2255 uuo
497 2139 628 2242 r’osa
665 2137 848 2256 merl
880 2176 1033 2276 rer
1189 2131 1619 2278 stru‘suuuuuul
1643 2126 2162 2279 statuiturque

163 2263 366 2345 mmm
389 2266 418 2326 ‘l
438 2281 510 2328 ⁰⁸⁸⁰
525 2261 757 2344 mmmm
780 2265 809 2326 α
829 2279 902 2327 ⁰⁸³⁰
918 2280 1035 2328 “mm
1050 2261 1137 2329 Μ’
1189 2296 1349 2380 sepulcris,
1380 2317 1443 2380 quo
1472 2297 1595 2364 soilioet
1623 2297 1670 2362 sol
1700 2304 1733 2362 et
1758 2296 1837 2362 luna
1858 2307 1891 2362 et
1913 2317 2026 2363 omnes
2048 2298 2162 2365 stallae

163 2349 300 2432 ³⁰lilm⁰⁶
321 2345 566 2432 (mbilffltium)
588 2367 604 2412 θ
624 2345 775 2428 ΨΜ
795 2347 875 2412 ‘W‘
1190 2389 1289 2446 testes
1322 2383 1390 2447 sint
1422 2381 1533 2448 iudioii
1568 2381 1640 2448 Dei.
1695 2381 1758 2446 His
1791 2381 1900 2448 verbis
1932 2383 2063 2466 oblique¹
2095 2403 2167 2468 per·

193 2536 199 2548 ¹
251 2451 282 2514 2·
306 2449 350 2515 Ei
370 2449 535 2530 ‘mikil
564 2469 669 2548 imm
694 2447 756 2515 ⁸⁰1³
776 2452 804 2513 ⁰3
824 2447 901 2514 lm
922 2453 950 2548 ⁶}
971 2453 1029 2516 l⁰i⁰
1051 2467 1138 2515 W·
1190 2467 1326 2551 stringit
1347 2467 1505 2533 Ieremias
1527 2467 1638 2551 populi
1662 2465 1856 2548 reeordiam,
1880 2467 1955 2551 quia
1976 2476 2108 2551 putaret
2129 2489 2165 2535 se

169 2540 235 2602 mill
256 2536 419 2612 mmm,
445 2554 526 2617 quae
546 2533 723 2601 ‘immiti
744 2533 835 2619 (mm
858 2535 1034 2600 ¹0¹⁸i¹V¹¹ffl
1058 2553 1137 2599 ¹¹0⁰·
1190 2559 1357 2635 praestare
1379 2562 1509 2637 gratnm
1531 2555 1657 2620 uultum
1679 2552 1738 2618 soli
1762 2561 1795 2617 et
1812 2552 1922 2618 lunae.
1957 2554 2046 2619 Dioit
2063 2554 2166 2638 igitur

165 2618 526 2720 trnmnoomporehendit
547 2633 580 2686 et
602 2619 704 2686 solem
719 2631 751 2684 et
766 2619 879 2684 lunam
894 2620 1136 2719 etnexeroitum:
1190 2657 1301 2702 omne,
1341 2638 1454 2704 „011oe
1490 2647 1524 2704 ει
1556 2639 1703 2724 planet„
1735 2637 1805 2703 1⁴0„
1838 2639 1933 2722 qumi
1966 2648 2166 2724 ,montom

166 2707 218 2771 '⁰¹
241 2726 269 2771 ⁸¹
292 2727 396 2804 mitgffl,
417 2706 542 2788 plateat
557 2714 702 2804 ‚mima
725 2724 807 2787 (1⁰⁰⁸
829 2713 993 2770 ⁰¹⁰I⁰¹i¹¹⁸
1015 2702 1137 2770 ‘illm’
1191 2722 1356 2788 vindiotae
1385 2743 1481 2807 quam
1510 2725 1620 2809 exiget
1648 2724 1754 2789 Dens:
1787 2726 1879 2806 quasi
1907 2723 2028 2790 dieerat
2061 2735 2164 2790 totum

165 2791 259 2876 mni)
287 2797 314 2856 d
342 2790 454 2890 duilli&
480 2794 661 2870 seaeant,
689 2795 810 2889 elim}
830 2809 908 2871 91403
929 2789 1137 2890 mulmis
1191 2807 1362 2874 coelestem
1393 2811 1573 2875 exereitum
1607 2808 1861 2893 approbaturum
1894 2827 2033 2891 poenam
2063 2809 2163 2887 illam,

166 2882 194 2943 ti
223 2897 300 2958 Μ
328 2882 536 2960 Wffissmls
564 2882 593 2940 ⁶⁸
620 2895 723 2943 mm
751 2875 864 2958 imbui
887 2879 1040 2960 Mirati
1064 2881 1138 2942 ΝΜ
1192 2895 1267 3042 dm
1304 2893 1388 2959 nihil
1428 2895 1531 2980 magia
1567 2893 1760 2960 detestabile
1792 2903 1844 2959 est
1875 2895 2033 2960 oreatus-is
2065 2913 2164 2976 qnam

165 2963 329 3063 (imum.
359 2984 395 3061 ⁸⁰,
423 2961 654 3062 1¹1⁰¹i¹¹⁸I¹I⁰il²
683 2981 780 3043 ”elul
805 2960 992 3063 militemur·
1024 2966 1137 3028 deon
1214 2998 1270 3042 nm
1311 2978 1352 3043 ad
1390 2979 1463 3045 illas
1503 2980 1700 3046 transfertur
1739 2979 1864 3062 opiliois
1903 2979 2005 3063 ipsius
2048 2978 2162 3063 gloria

164 3049 360 3130 801²&stle
382 3068 414 3112 Μ
437 3052 553 3114 Sim
573 3068 608 3114 m
628 3052 729 3112 ime
749 3047 912 3130 illenim
933 3051 1031 3112 Will-
1192 3063 1317 3129 Verum
1341 3065 1471 3146 qnidam
1494 3076 1545 3131 est
1566 3065 1667 3130 solem
1690 3073 1723 3130 et
1744 3064 1856 3130 lunam
1878 3073 1912 3130 et
1926 3064 2036 3131 stelles
2051 3083 2163 3132 oarere

520 3176 522 3182 ’
1191 3169 1304 3215 seusu:
1335 3149 1391 3214 sed
1423 3149 1581 3234 propheta
1610 3150 1664 3216 hio
1692 3149 1807 3218 tribuit
1832 3149 1899 3216 illis
1925 3169 2067 3230 sensnm,
2098 3170 2163 3234 quo

252 3236 333 3302 Dixi
350 3235 523 3300 Ieremiam
543 3234 647 3318 primo
662 3256 760 3300 versu
776 3232 862 3299 idem
879 3242 1034 3316 repetere,
1053 3233 1137 3316 quod
1191 3231 1314 3301 soilioet
1341 3237 1486 3301 exentiat
1507 3235 1638 3301 Indaeis
1660 3244 1828 3320 stuporem
1850 3236 1945 3300 illurn
1966 3237 2001 3301 in
2023 3257 2087 3320 quo
2108 3234 2163 3301 ob-

164 3341 273 3404 nuper
290 3321 427 3398 dixerat,
445 3339 562 3404 nempe
579 3322 744 3402 privatum
762 3320 804 3384 iri
822 3319 971 3404 sepulcro
989 3317 1137 3396 Iudaeos,
1190 3319 1381 3400 duruerant,
1412 3321 1489 3385 dnm
1512 3321 1670 3405 putabant
1691 3343 1727 3388 se
1749 3331 1879 3406 gratum
1902 3321 2046 3388 olfieium
2068 3341 2162 3405 prae·

164 3407 258 3472 utin
280 3406 416 3472 mortuis
439 3406 538 3470 etiam
560 3415 704 3472 exstaret
725 3406 855 3490 signum
879 3403 1041 3469 riudiotae
1058 3404 1136 3470 Dei:
1189 3413 1277 3472 stare
1299 3407 1361 3471 soli
1383 3417 1416 3470 et
1436 3407 1541 3472 lunae.
1586 3407 1716 3472 Interea
1738 3407 1864 3485 alludit,
1887 3405 2161 3489 quemadmodum

164 3493 259 3575 quasi
300 3491 437 3568 diderat,
479 3489 533 3555 ubi
571 3492 728 3574 perierint
759 3491 819 3557 snb
853 3511 952 3556 manu
985 3489 1137 3570 hostium,
1189 3493 1290 3556 otiam
1306 3491 1378 3556 aliis
1393 3492 1473 3558 loeis
1488 3493 1595 3558 visum
1610 3501 1669 3570 est,
1692 3492 1733 3558 ad
1748 3513 1887 3575 poenam
1902 3511 1984 3578 qnae
1998 3492 2161 3576 infligitur

165 3587 279 3642 teman
307 3576 470 3642 residuam
499 3576 568 3641 fore
595 3575 679 3644 hano
706 3597 834 3660 quoqne
856 3596 1001 3659 poenam,
1032 3588 1068 3640 ut
1089 3577 1137 3641 ia·
1189 3577 1354 3642 adulteris.
1388 3577 1473 3642 Nam
1488 3579 1515 3642 si
1531 3587 1673 3642 soortnm
1689 3577 1891 3659 extrahatur,
1913 3589 1946 3643 et
1964 3577 2161 3660 produeatnr

165 3668 263 3728 oeant
292 3663 436 3744 ipsorum
465 3660 623 3728 cadauera
652 3662 801 3746 exposita
824 3661 935 3727 bestiis
957 3671 989 3726 et
1011 3661 1135 3727 avibus.
1189 3683 1299 3728 eoram
1321 3663 1389 3728 suis
1411 3663 1568 3728 adulteris
1584 3681 1659 3728 eum
1680 3663 1859 3746 ignomInia
1877 3673 1910 3726 at
1927 3662 2055 3747 probro,
2078 3662 2158 3729 haee

168 3749 247 3814 Dixi
277 3748 389 3813 fideles
419 3746 501 3811 nihil
529 3747 674 3813 iacturae
703 3749 820 3825 faeere,
851 3748 879 3812 si
905 3756 1044 3831 negetur
1071 3747 1137 3811 illis
1188 3747 1370 3813 iustissima
1398 3758 1448 3813 est
1477 3767 1597 3830 poena:
1627 3748 1674 3816 sio
1701 3749 1814 3827 odam,
1844 3747 1993 3832 qnoniam
2023 3749 2159 3814 soortati

166 3833 367 3916 sepulerum:
391 3833 447 3897 sed
467 3834 593 3897 interea
610 3853 675 3898 non
693 3840 906 3898 oontemnunt
922 3832 1137 3916 sepulturam,
1187 3831 1318 3898 luerent
1339 3832 1451 3898 Iudaei
1473 3855 1548 3899 oum
1575 3833 1643 3899 sole
1665 3843 1698 3898 et
1720 3833 1801 3898 lnna
1821 3843 1854 3897 et
1876 3833 1988 3914 stollis,
2017 3833 2089 3898 ideo
2112 3833 2160 3900 ita

166 3929 327 4002 qnatenus
366 3916 552 4003 symbolum
584 3927 634 3982 est
666 3918 922 3984 resurreetionis.
978 3916 1075 3998 Quod
1108 3919 1135 3982 si
1187 3918 1332 4000 loquitur
1365 3917 1540 4002 propheta:
1573 3916 1658 4002 quod
1691 3920 1815 3986 soilioet
1847 3917 2017 4004 detegatur
2045 3937 2159 3983 eorum

166 4003 258 4069 Deus
287 4006 409 4086 patitur
435 4002 507 4068 illos
536 4002 662 4069 involvi
690 4003 752 4069 hae
781 4002 962 4086 ignominia
987 4022 1062 4068 oum
1084 4023 1134 4067 re·
1186 4003 1368 4086 ignominia
1389 4013 1422 4068 et
1444 4003 1613 4087 turpitudo
1634 4006 1695 4070 sub
1717 4016 1892 4087 eonspeotn
1916 4004 1994 4068 solis
2010 4011 2044 4068 et
2061 4003 2158 4070 lunae

166 4089 291 4172 probis,
324 4087 596 4171 quemadmodum
626 4108 722 4171 saepe
750 4088 903 4172 contigit:
934 4097 1043 4152 tamen
1074 4086 1137 4153 hoo
1186 4099 1220 4154 et
1249 4088 1428 4155 stellarum.
1472 4090 1593 4155 Postea
1622 4089 1709 4166 dioit,
1743 4091 1827 4172 Quae
1852 4089 2037 4156 dileoormt.
2081 4088 2158 4154 Non

166 4197 231 4239 non
249 4173 356 4239 obstat
373 4175 544 4256 quominus
561 4172 653 4240 Deus
670 4173 850 4240 vindiotam
867 4193 961 4239 suam
986 4183 1136 4239 exeroeat
1187 4173 1321 4240 dubium
1344 4183 1395 4239 est
1415 4175 1493 4258 quin
1517 4174 1641 4240 alludat
1662 4175 1703 4239 ad
1725 4195 1857 4240 osseum
1878 4175 1972 4240 illum
1994 4175 2158 4240 fervorem

165 4260 322 4326 adversm
340 4257 494 4342 reprobos
510 4261 544 4324 in
564 4280 668 4341 poena
684 4259 864 4342 temporali,
886 4279 968 4342 quae
985 4257 1135 4324 fidelibus
1187 4279 1250 4342 qno
1281 4260 1451 4344 rapiuntur
1479 4261 1677 4339 idololatrae,
1707 4261 1761 4325 nbi
1792 4260 1965 4342 prosiliunt
1987 4260 2028 4325 ad
2050 4260 2157 4326 uultus

165 4348 198 4410 in
222 4345 477 4410 benedictionem
508 4345 646 4410 vertitur
668 4366 706 4410 ao
729 4344 825 4410 sedit.
869 4345 944 4410 Non
965 4355 1013 4409 est
1036 4345 1136 4427 igitur
1185 4343 1325 4411 illinitus.
1379 4346 1442 4410 Est
1480 4348 1567 4411 enim
1606 4345 1731 4429 speeies
1762 4346 1914 4411 effraenis
1947 4366 1985 4411 ao
2017 4345 2157 4411 luriosae

166 4431 306 4497 absurda
328 4431 411 4496 haee
432 4429 644 4514 denuntiatio,
664 4431 719 4496 nbi
738 4431 815 4496 dioit
832 4429 987 4514 propheta
1005 4440 1134 4511 tempus
1186 4429 1340 4512 libidinis,
1358 4431 1631 4515 quemadmodum
1650 4431 1722 4497 aliis
1737 4430 1817 4496 lonis
1831 4431 1939 4495 visum
1954 4439 2011 4496 est
2042 4431 2157 4513 Neque

166 4519 304 4594 instare,
337 4537 400 4598 quo
431 4535 504 4582 ossa
535 4517 751 4581 extrahentur
784 4537 801 4580 a
831 4515 996 4598 sepuloris.
1047 4514 1135 4580 Dicit
1186 4517 1274 4582 enim
1296 4518 1402 4601 magis
1424 4517 1548 4582 insanit
1573 4523 1741 4597 seortator,
1772 4535 1871 4599 quum
1894 4515 2019 4599 appetit
2040 4515 2157 4582 mulie·

166 4621 238 4668 oasa
264 4621 379 4686 repam,
408 4606 435 4666 et
460 4600 660 4685 emesam,
688 4607 716 4666 et
739 4601 965 4684 prophetmm
992 4601 1135 4666 ettotius
1186 4622 1271 4680 rem,
1302 4622 1399 4685 quem
1429 4603 1634 4682 idololatrae,
1664 4601 1721 4668 ubi
1750 4599 1854 4667 Satan
1883 4599 2014 4666 illorum
2045 4601 2156 4666 oeulos

160 4687 283 4768 populi.
340 4687 424 4752 Nam
457 4685 616 4770 putabant
648 4707 741 4769 reges
774 4687 871 4751 simul
905 4705 943 4750 ao
975 4683 1133 4750 reoonditi
1187 4687 1391 4770 perstrinxit,
1421 4701 1453 4752 et
1481 4699 1608 4753 mentes
1638 4707 1751 4753 eornm
1780 4686 1962 4754 fasoinavit.
2016 4686 2067 4751 De
2096 4685 2156 4751 hoo

166 4782 275 4837 essent
304 4773 339 4837 in
368 4773 435 4838 suis
465 4772 631 4854 sepnloris,
660 4792 750 4837 saura
779 4773 848 4837 fore
877 4790 937 4836 sua
957 4769 1132 4836 sedavere:
1186 4773 1289 4854 igitur
1321 4775 1450 4856 impuro
1482 4793 1592 4838 amore
1624 4793 1712 4839 nune
1742 4772 1887 4856 loquitur
1917 4771 2090 4855 propheta:
2123 4781 2156 4836 et

165 4857 253 4922 idem
280 4858 378 4922 etiam
401 4877 492 4922 error
512 4857 618 4922 valuit
639 4857 675 4922 in
697 4857 885 4940 proceribus
908 4864 941 4921 et
963 4855 1134 4920 aaoerdoti·
1186 4859 1312 4922 interea
1332 4858 1461 4941 oblique
1483 4857 1657 4941 exprobrat
1678 4858 1763 4942 qnod
1786 4858 1919 4924 alienati
1941 4856 2061 4922 luerint
2084 4856 2156 4922 sine

166 4943 236 5008 bns.
281 4943 446 5027 Propheta
475 4952 582 5008 autem
605 4942 683 5009 dioit
704 4943 832 5007 nullum
856 4941 1043 5025 sepulerum
1065 4942 1133 5006 fore
1186 4962 1283 5008 eausa
1312 4941 1443 5022 aDeo,
1476 4945 1532 5026 qni
1565 4943 1731 5028 legitimus
1764 4955 1834 5010 erat
1863 4943 2010 5008 maritus.
2062 4941 2155 5007 Nihil

165 5029 334 5111 intantum,
363 5028 414 5093 vel
437 5029 580 5094 immune
603 5030 643 5095 ab
665 5028 774 5095 hostili
797 5029 961 5094 violentia.
1006 5025 1133 5108 Quibus
1186 5037 1295 5095 autern
1319 5028 1430 5094 minus
1452 5028 1625 5110 tolerabile,
1647 5049 1744 5112 qnam
1768 5031 1846 5094 dum
1869 5028 2018 5093 homines
2041 5048 2060 5092 a
2082 5026 2154 5116 Deo

167 5113 273 5180 verbis
302 5114 446 5179 ostendit
474 5115 587 5181 nrhsm
617 5114 759 5180 dirutum
788 5115 829 5177 iri
859 5112 1022 5179 funditus:
1056 5114 1133 5198 quia
1186 5114 1308 5199 perfide
1336 5115 1385 5181 ita
1413 5114 1579 5192 definiunt,
1610 5123 1780 5199 postquam
1808 5134 1863 5179 sos
1889 5114 1951 5179 sibi
1973 5114 2154 5194 ooniunxit,

165 5199 193 5262 si
223 5199 301 5265 urbs
328 5208 476 5264 maneret
504 5202 604 5278 salva,
633 5202 733 5264 suam
755 5198 912 5281 sepuloria
935 5213 1131 5281 paeteretur.
1186 5212 1219 5265 et
1246 5211 1416 5284 postquam
1444 5200 1610 5268 eontraxit
1637 5219 1764 5267 ssorum
1793 5210 1827 5264 et
1858 5198 2045 5265 inviolabile
2078 5219 2153 5265 eon·

165 5284 239 5349 Non
257 5285 362 5369 potnit
380 5283 482 5368 igitur
498 5285 579 5351 haee
596 5305 701 5368 poena
718 5286 905 5368 eontingere
921 5287 1001 5368 quin
1020 5286 1131 5351 hostes
1185 5287 1320 5370 ingiam.
1353 5287 1472 5354 Postea
1491 5285 1591 5366 addit,
1614 5285 1730 5369 witru
1744 5285 1924 5352 smmum.
1955 5285 2029 5350 Hoo
2046 5283 2155 5351 adhue

270 5387 378 5443 Caluini
393 5403 487 5458 opsrq.
516 5388 574 5443 Vol.
591 5387 771 5442 XXXVIII.
1935 5389 1950 5440 1
