5038 6118
161 375 215 472 'aa
900 406 950 473 m
972 406 1220 473 mauman.
1266 405 1364 473 our.
1387 407 1432 473 x.
2119 409 2163 476 94

174 594 228 662 hio
248 603 356 661 summ
378 595 536 678 accipitur
564 615 623 680 pro
651 615 821 661 mensura:
853 616 918 660 non
946 594 1029 678 quod
1052 593 1144 660 Dant
1280 594 1331 660 25.
1354 594 1491 678 Effuade
1511 595 1596 662 bom
1616 602 1704 662 tuam
1725 603 1937 681 aspergentes
1957 615 2036 678 quac
2055 601 2084 662 ts
2104 617 2165 663 aaa

173 699 318 763 uuquam
346 681 481 746 modum
508 681 661 748 excedat'
674 682 707 746 in
736 681 849 766 poenis
879 680 1058 764 exigendis,
1086 681 1144 745 eed
1194 687 1353 764 noceant,
1375 682 1817 766 supermanantem!
1841 681 1992 766 familias)
2014 702 2093 764 quac
2113 703 2164 750 ao·

173 767 252 849 quia
281 766 435 832 deficiunt
464 767 621 845 homines,
651 769 678 832 si
707 775 838 833 exserat
866 767 1007 849 rigorem
1037 786 1143 842 suum,
1194 785 1265 830 meu
1285 772 1373 831 ιιιιιιιι
1394 786 1456 832 nou
1477 768 1711 833 inuocauerunt:
1739 769 1816 849 quic
1843 769 2035 834 mensu
2063 767 2164 851 Iacet,

172 851 219 916 ita
247 859 285 916 ut
312 852 402 918 nulla
431 851 495 918 illis
528 863 684 936 appareat
715 874 790 936 apes
822 852 947 917 veniae.
1000 849 1038 917 Si
1066 872 1144 935 ergo
1195 853 1395 937 resederant,
1417 853 1557 936 inquom,
1579 853 1694 937 ipacm,
1716 859 1743 918 ct
1764 859 2020 938 insumpseram
2040 860 2165 938 eum,ct

172 935 266 1002 Deus
297 943 423 1003 tautum
457 940 645 1022 exsequitur
675 938 820 1004 officiam
850 937 983 1021 iudicis,
1012 957 1143 1002 neccsse
1194 937 1392 1003 tademcutla
1412 939 1481 1003 ciue
1502 943 1673 1004 uastarunt.

172 1032 221 1088 est
242 1022 390 1088 homines
412 1043 545 1106 prorsus
567 1024 722 1090 deficere:
750 1026 795 1088 ita
816 1023 968 1108 intelligit
988 1023 1143 1087 Ieremias

171 1128 238 1173 non
260 1107 328 1174 lore
346 1129 543 1187 mensuram,
567 1110 705 1184 honest,
728 1130 793 1175 non
810 1111 878 1174 fore
895 1109 956 1180 sibi
977 1107 1143 1174 tolerabile
1281 1108 1446 1190 Propheta
1467 1109 1639 1174 confirmat
1660 1129 1755 1174 suam
1781 1110 1998 1191 precationem
2027 1109 2089 1176 hac
2111 1130 2162 1176 ra·

171 1189 234 1259 Dei
264 1192 418 1260 iudicium
452 1194 515 1260 nisi
541 1195 718 1260 clementer
750 1215 826 1260 oum
858 1197 927 1276 ipso
961 1203 1047 1276 agat.
1099 1194 1143 1257 Et
1195 1193 1297 1258 tione:
1320 1195 1405 1276 quod
1428 1195 1549 1260 scilicet
1571 1193 1663 1260 Deus
1685 1194 1803 1260 habeat
1831 1194 1911 1259 satis
1940 1196 2095 1262 materiae
2122 1194 2163 1261 ad

170 1279 461 1432 illitati
477 1279 1142 1450 “titt‘ltlttmltthtllittt
1195 1279 1517 1446 itldttdtt.
1532 1280 1746 1448 tt'tt‘lt
1762 1279 2164 1432 tltlltltlffistl

170 1450 379 1534 intemperiae
409 1451 461 1517 vel
493 1471 655 1529 excessus,
690 1451 746 1516 sed
781 1453 955 1533 opponitur
986 1452 1036 1515 ira
1068 1449 1142 1514 Dei.
1195 1449 1328 1515 dubium
1354 1461 1463 1516 autem
1492 1463 1542 1516 est
1574 1453 1652 1534 qciu
1683 1449 1724 1516 ad
1751 1451 1999 1534 promissionem
2027 1457 2162 1535 spectet,

173 1533 302 1602 Scimus
323 1537 423 1601 etiam
445 1537 480 1600 in
505 1537 611 1602 Deum
634 1557 700 1601 uon
724 1537 839 1602 cadere
861 1536 944 1601 ullas
966 1537 1140 1617 passiones,
1194 1557 1291 1618 quem
1313 1536 1495 1601 retulimus.
1529 1535 1659 1602 Sciebat
1677 1537 1763 1602 anim
1785 1535 1945 1620 propheta
1959 1537 2042 1620 quod
2061 1540 2161 1604 semel

169 1620 227 1685 sad
257 1622 335 1686 dum
365 1622 413 1687 ira
440 1623 502 1688 Dei
530 1622 584 1686 vel
612 1623 702 1706 rigor
730 1631 873 1706 apparet,
905 1635 983 1686 tuuc
1013 1641 1142 1688 necesse
1193 1621 1315 1687 dictum
1338 1623 1443 1687 luerat
1467 1622 1596 1700 Davidi,
1628 1623 1688 1687 hoo
1710 1624 1905 1704 promissum
1936 1642 2006 1688 essa
2028 1624 2087 1687 toti
2109 1643 2161 1688 ao·

170 1717 221 1772 est
241 1707 391 1772 homines
412 1727 478 1772 nou
501 1717 630 1772 tantum
653 1708 878 1789 perterrafieri‚
905 1707 962 1773 sed
985 1709 1084 1771 etiam
1105 1710 1140 1770 in
1193 1707 1310 1772 clasiae
1331 1709 1364 1771 iu
1387 1728 1499 1773 omnes
1521 1713 1652 1772 aetatm.
1697 1708 1786 1790 Ilrgo
1809 1708 1862 1774 hio
1883 1707 2009 1774 reducit
2035 1707 2107 1773 Deo
2125 1710 2160 1773 iu

169 1791 310 1858 nihilum
346 1793 460 1878 redigi.
519 1795 567 1862 Et
604 1805 714 1858 tamen
747 1792 858 1858 multis
892 1794 970 1858 locis
1002 1791 1142 1876 legimus
1193 1792 1384 1858 memoriam
1417 1792 1604 1871 discrimen,
1638 1792 1723 1875 qnod
1756 1793 1872 1860 statuit
1899 1794 1969 1875 ipse
1997 1794 2083 1858 inter
2109 1794 2162 1860 do·

169 1877 278 1943 Deum
300 1879 398 1945 irasci
420 1879 531 1946 electis
553 1879 631 1958 sais,
658 1891 691 1944 et
716 1879 775 1943 toti
805 1878 967 1958 ecclesiae,
995 1879 1051 1942 sed
1083 1879 1142 1943 hoc
1193 1879 1344 1944 mestioos
1362 1889 1395 1942 et
1416 1890 1565 1944 exteros:
1587 1879 1680 1961 quasi
1698 1878 1828 1958 diceret,
1852 1880 1991 1944 Domine
2009 1881 2160 1962 quamvis

168 1963 210 2026 ad
239 1974 415 2029 externum
444 1985 575 2030 aeneum
603 1965 752 2030 refertur.
802 1963 938 2030 (lartum
965 1965 1053 2029 enim
1083 1976 1142 2040 est,
1192 1975 1225 2028 et
1246 1977 1369 2030 rectum
1393 1965 1443 2041 sit,
1467 1973 1500 2029 et
1521 1964 1614 2030 nobis
1636 1964 1735 2029 etiam
1750 1965 1831 2031 utile
1845 1966 1878 2029 iu
1894 1963 2042 2042 salutem,
2064 1967 2160 2030 oesti-

168 2067 291 2130 poenas
312 2050 429 2133 quibus
452 2051 543 2115 Deus
565 2049 719 2134 castigat·
732 2049 817 2115 filios
843 2069 920 2114 suos
950 2069 1020 2115 esse
1050 2051 1140 2114 tasti-
1192 2052 1262 2132 geri
1292 2069 1390 2115 manu
1413 2059 1478 2126 tna,
1509 2061 1618 2114 tamm
1646 2069 1710 2114 non
1741 2050 1812 2115 siue
1841 2049 1967 2115 delecta
1997 2049 2161 2116 ulcisceris

169 2135 281 2201 monia
302 2135 429 2218 paterni
459 2137 530 2201 eius
559 2137 690 2202 amoris.
734 2135 820 2200 Nam
849 2135 912 2202 hoo
939 2133 1034 2198 modo
1064 2155 1140 2200 oon·
1193 2135 1362 2200 hominum
1394 2143 1533 2218 peccata.
1584 2135 1670 2200 Nam
1704 2135 1865 2219 pollicitae
1897 2157 1931 2200 es
1965 2141 1997 2200 te
2026 2149 2160 2217 paterno

168 2220 246 2285 sulit
268 2241 380 2286 eorum
401 2221 508 2287 saluti.
552 2221 596 2285 Et
619 2220 690 2286 ideo
719 2219 798 2286 dicit
829 2220 995 2303 apostolus
1024 2219 1139 2306 (Hebr.
1192 2241 1281 2285 more
1302 2221 1537 2304 castigaturum
1555 2223 1627 2286 'esse
1648 2221 1732 2286 filios
1750 2229 1836 2286 tuos:
1859 2231 2017 2304 quantum
2039 2221 2079 2286 ad
2101 2240 2159 2286 ex·

169 2305 221 2388 12,
242 2305 277 2392 8)
304 2306 434 2391 spurios
460 2326 541 2386 csse,
571 2305 766 2389 quos·Deus
794 2327 860 2370 non
887 2307 1041 2388 dignatur
1069 2326 1138 2370 cor·
1192 2315 1322 2370 tranoos
1350 2312 1485 2389 spectat,
1515 2318 1551 2371 tu
1573 2327 1608 2372 es
1638 2327 1750 2372 corum
1779 2306 1887 2384 iudex,
1917 2327 2033 2390 nempe
2060 2318 2095 2372 ut
2123 2309 2159 2372 in

168 2391 312 2458 rectione
333 2391 451 2475 aliqua.
496 2391 563 2458 Sed
586 2391 726 2464 interim,
748 2393 851 2474 quoad
875 2404 1044 2457 externam
1069 2411 1139 2473 spe·
1192 2403 1296 2456 totum
1319 2393 1504 2475 perdantur.
1544 2391 1635 2476 Ergo
1654 2413 1741 2458 nunc
1759 2390 1900 2457 Domine
1922 2391 2056 2457 ostenda
2077 2391 2172 2458 illud·

169 2476 260 2555 ciem,
290 2497 411 2560 poenae
434 2497 513 2561 quas
535 2477 628 2542 Deus
649 2477 768 2559 infligit
791 2477 901 2543 electis
931 2476 1016 2541 nihil
1045 2477 1137 2540 dille·
1191 2496 1257 2542 non
1278 2477 1401 2542 frustra
1423 2497 1494 2542 cese
1524 2476 1666 2542 dictum:
1698 2485 1732 2542 et
1760 2479 1914 2560 quoniam
1943 2478 2095 2561 dignatus
2124 2499 2158 2544 as

167 2571 247 2627 runt
267 2584 287 2628 a
308 2563 420 2646 poeuis
438 2561 555 2646 quibus
578 2563 661 2627 iram
680 2580 772 2628 snam
791 2562 943 2642 declarat,
965 2571 999 2627 et
1017 2563 1138 2628 exserit
1191 2582 1249 2628 nos
1271 2562 1424 2646 adoptare
1439 2563 1473 2626 in
1489 2563 1646 2645 populum
1669 2571 1761 2628 tuum
1777 2563 1983 2646 peculiarem,
2005 2562 2077 2628 ideo
2100 2585 2158 2648 pe·

167 2648 325 2712 adversus
347 2647 511 2732 reprobos.
555 2649 644 2732 Ergo
665 2669 725 2731 per
752 2649 957 2714 cenchresin
980 2659 1138 2712 vocantur
1190 2655 1282 2712 terne
1305 2648 1399 2713 nobis
1420 2649 1579 2732 ignoscas.
1623 2647 1721 2714 Nunc
1747 2670 1824 2732 ergo
1847 2648 1997 2714 videmus
2018 2650 2157 2732 prophe·

166 2753 448 2904 dimidii}
473 2753 601 2884 tttlt
626 2733 910 2885 chtisti
938 2734 1037 2884 :tl
1062 2734 1138 2884 tt
1188 2733 1344 2902 {stitit
1368 2733 1702 2901 littlttltt
1725 2737 1888 2885 pilli
1903 2733 2157 2902 htttt‘ttl

165 2905 325 2987 prophete
344 2904 399 2971 hic
421 2906 549 2988 proprie
571 2905 724 2988 loquitur,
746 2916 780 2969 et
797 2905 958 2982 distincte,
981 2904 1058 2968 dum
1079 2925 1136 2988 op·
1187 2903 1311 2970 odmen
1333 2903 1414 2968 illud
1436 2903 1521 2987 quod
1543 2904 1664 2988 placuit
1681 2905 1752 2970 Deo
1773 2915 1916 2970 statuere
1942 2906 2027 2970 inter
2055 2905 2155 2970 ecole-

165 2993 258 3072 ponit
286 2992 370 3056 iram
397 2990 461 3055 Dei
491 2989 624 3068 iudicio,
655 2990 716 3056 hoo
744 3001 809 3074 est,
839 2991 1137 3072 moderationique
1187 2992 1269 3055 siam
1290 3009 1383 3054 suam
1406 2998 1438 3054 et
1459 2989 1652 3056 incredulos.
1696 2986 1786 3056 Dicit
1808 3010 1895 3074 ergo,
1917 2989 2053 3072 EffuMe
2072 2991 2157 3055 hcm

166 3077 270 3140 utitur
292 3074 385 3141 Deus
407 3096 485 3161 erga
507 3097 582 3141 euos
605 3076 733 3160 electos,
756 3076 833 3140 dnm
857 3075 980 3142 scilicet
1002 3095 1135 3140 manum
1186 3081 1275 3140 ιιιαιιι
1294 3095 1389 3158 saper
1403 3080 1513 3159 pmice,
1534 3095 1614 3156 qaae
1634 3080 1661 3140 te
1683 3095 1744 3141 nou
1764 3079 1919 3141 ιιοιινιιιιι.
1956 3077 2001 3140 Ει
2015 3095 2155 3160 exagge-

164 3181 257 3226 suam
286 3169 463 3241 sustentat,
493 3163 569 3245 quia
597 3161 718 3244 alioqui
747 3163 858 3226 statim
887 3161 974 3244 ipsos
1004 3180 1136 3242 prorsus
1187 3165 1240 3225 rat
1260 3159 1346 3228 hano
1368 3161 1573 3244 senteutiam,
1602 3161 1656 3226 ubi
1683 3160 1762 3227 dicit
1783 3160 1877 3228 Icocb
1902 3161 2003 3244 scisse
2032 3161 2157 3226 dmorc-

163 3244 330 3312 obrueret:
353 3257 387 3312 et
406 3247 480 3312 ideo
503 3246 643 3330 subiicit,
667 3247 718 3310 Ne
737 3248 910 3312 imminuas
930 3267 987 3310 me.
1021 3245 1134 3311 Immi·
1187 3251 1254 3311 tam
1270 3245 1310 3310 ab
1328 3245 1394 3312 illis
1407 3246 1556 3329 mosania
1566 3245 1708 3330 peccas
1726 3256 1883 3330 tanquam
1898 3265 1919 3310 a
1934 3247 2009 3313 laris
2025 3247 2154 3314 bestiis:

164 3332 285 3397 uuendi
308 3333 408 3399 verbo
436 3333 639 3414 consumptio
669 3331 764 3397 debet
791 3331 941 3416 intelligi,
971 3344 1007 3395 ut
1035 3332 1134 3398 etiam
1186 3334 1277 3415 quasi
1300 3331 1430 3414 diceret,
1452 3331 1520 3396 Nos
1542 3330 1674 3415 quidem
1696 3335 1900 3416 peccavimus
1917 3332 2075 3398 Domine:
2097 3332 2155 3398 sed

163 3417 357 3500 quibusdam
394 3418 468 3484 aliis
504 3418 591 3483 locis.
647 3417 762 3500 Neque
794 3418 881 3482 enim
914 3419 985 3483 fieri
1018 3426 1133 3500 potest,
1185 3437 1228 3482 an
1252 3427 1287 3482 tu
1308 3419 1344 3482 in
1367 3427 1515 3483 nostrum
1538 3419 1707 3483 interitum
1727 3417 1877 3483 ostendes
1898 3429 1931 3482 te
1949 3439 2018 3484 esee
2041 3417 2155 3484 muudi

163 3505 240 3585 quin
274 3504 367 3569 Deus
399 3524 459 3570 noe
494 3505 684 3580 imminuat„
721 3505 819 3569 otiam
857 3504 885 3568 si
920 3503 1040 3568 leviter
1075 3523 1135 3569 nos
1183 3503 1341 3569 iudicem:
1375 3513 1409 3568 et
1441 3503 1566 3568 interea
1598 3523 1710 3584 parces
1732 3503 1914 3588 Aegyptiis,
1943 3513 1977 3568 et
1997 3503 2155 3586 Assyriis,

162 3589 305 3672 attingat
322 3596 469 3656 extremo
484 3589 599 3674 digito,
621 3589 883 3673 quandoquidem
900 3589 1021 3656 scimus
1037 3609 1134 3671 quam
1184 3599 1218 3655 et
1240 3587 1424 3672 Chaldaeis,
1446 3590 1503 3672 qui
1525 3599 1592 3653 tam
1609 3587 1785 3655 crudeliter
1803 3609 1863 3655 nos
1880 3587 2066 3654 vexarunt?
2090 3591 2154 3653 imo

162 3673 377 3741 formidabilis
400 3677 444 3740 sit
466 3677 534 3741 eius
556 3675 716 3758 potentia:
746 3695 849 3758 neque
871 3695 953 3757 opus
974 3683 1034 3752 eet,
1057 3684 1135 3740 ate
1183 3674 1240 3757 qai
1262 3696 1329 3739 nou
1352 3679 1481 3739 tantum
1504 3673 1690 3740 lacerarunt
1712 3694 1781 3752 uos,
1810 3674 1866 3740 sed
1893 3676 1992 3740 otiam
2021 3693 2154 3756 prorsus

163 3759 253 3825 coelo
285 3760 455 3838 fulminet,
488 3760 546 3826 sad
579 3761 609 3825 si
642 3769 769 3826 tantum
801 3759 973 3826 adversum
1007 3761 1133 3825 vultum
1185 3758 1366 3825 vorarunt?
1411 3760 1455 3824 Et
1486 3759 1559 3824 idco
1596 3760 1645 3825 bis
1680 3761 1783 3825 utitur
1817 3760 1918 3826 verbo
1954 3759 2152 3825 comedendi.

162 3845 322 3926 ostendat,
349 3855 459 3912 sotum
482 3856 531 3912 eet
560 3844 600 3911 de
629 3846 733 3912 nobis.
777 3845 845 3912 Sed
873 3847 1134 3911 imminutionem
1183 3844 1312 3911 Deinde
1334 3844 1435 3922 addit,
1459 3843 1720 3928 &acepsemas
1741 3866 1825 3911 eum:
1846 3854 2018 3929 postremo,
2043 3843 2156 3910 Tader·

161 3930 216 3995 hic
231 3931 347 4015 accipit
362 3931 521 4015 propheta
536 3953 595 4014 pro
613 3933 757 3996 interitu.
790 3930 950 3997 Videmus
968 3950 1046 4014 argo
1061 3952 1134 3996 eum
1183 3931 1297 3996 nucula
1316 3931 1384 3998 cista
1404 3935 1576 3996 sedeunt.
1617 3931 1728 4012 Quum
1750 3951 1827 4015 ergo
1846 3930 1894 3995 illi
1917 3941 1985 3996 tam
2003 3932 2155 3998 atrociter

161 4016 208 4081 ita
229 4036 273 4097 sa,
294 4027 328 4082 et
349 4026 457 4083 totum
480 4017 637 4100 populum
657 4017 816 4082 subiicere
834 4017 897 4082 Dei
917 4017 1133 4100 castigationi,
1184 4016 1360 4082 saevierint
1380 4017 1415 4080 in
1437 4017 1591 4099 populum
1615 4027 1716 4095 tuum,
1739 4036 1780 4081 au
1797 4018 1930 4100 impune
1949 4015 2098 4094 evadent,
2121 4027 2155 4081 ct

162 4110 200 4166 ut
220 4109 332 4167 tamen
353 4104 462 4185 cupiat
483 4103 630 4168 adhiberi
649 4103 789 4186 aliquem
807 4103 958 4167 modum:
980 4104 1133 4185 quoniam
1184 4102 1318 4168 iuterim
1339 4123 1400 4166 nos
1421 4101 1563 4179 abiicies,
1586 4104 1641 4186 qui
1663 4114 1774 4168 tamm
1796 4123 1906 4168 sumas
1928 4103 2000 4167 tui?
2024 4102 2152 4168 etiamsi

161 4187 279 4270 alioqui
308 4186 373 4253 Dei
407 4187 545 4271 rigore
573 4189 710 4254 minimo
739 4187 781 4253 ad
813 4187 991 4252 maximum
1021 4208 1134 4255 omncs
1184 4188 1279 4253 toties
1294 4187 1352 4252 tibi
1368 4186 1613 4270 praebuerimus
1628 4207 1758 4254 causam
1775 4209 1834 4253 uos
1849 4186 2018 4272 puniendi:
2041 4196 2153 4252 mmon

161 4281 381 4339 consumeret:
426 4273 698 4356 quemadmodum
744 4275 842 4339 etiam
886 4274 1004 4340 dicitur
1046 4272 1131 4355 apud
1183 4273 1314 4356 adoptio
1336 4281 1393 4338 tua
1415 4273 1532 4352 valeat,
1559 4284 1593 4339 et
1620 4276 1745 4339 interea
1772 4273 1951 4357 experiaris
1980 4284 2074 4338 tuam
2103 4275 2153 4338 iu·

161 4357 283 4424 Isaiam
316 4358 380 4446 (48,
412 4357 483 4444 10):
528 4360 728 4425 Examinavi
759 4369 809 4438 te,
846 4359 902 4424 sad
935 4380 1002 4422 non
1039 4360 1131 4442 quasi
1184 4358 1304 4424 dicium
1327 4360 1435 4442 potins
1463 4358 1621 4425 adversus
1650 4359 1800 4441 profanas
1828 4368 1952 4442 gentes.
1994 4357 2064 4424 Neo
2093 4358 2152 4424 du·

161 4464 279 4509 aurum
319 4455 354 4510 et
392 4448 586 4529 argentum:
629 4466 708 4510 uam
746 4455 959 4527 consumptus
1005 4444 1130 4510 luisses.
1183 4444 1272 4510 bium
1294 4457 1345 4510 est
1365 4445 1442 4527 quin
1464 4445 1633 4528 propheta,
1655 4445 1803 4528 quisquis
1823 4445 1880 4511 Pe.
1899 4444 1940 4509 79
1961 4446 2151 4527 composuit,

161 4527 253 4595 Deus
286 4552 365 4615 ergo
398 4530 445 4595 ita
476 4530 626 4613 indulget
658 4531 786 4596 miseris
817 4531 1057 4612 peccatoribus,
1095 4541 1132 4594 ut
1183 4542 1349 4595 mutuatus
1371 4531 1413 4595 itt
1441 4530 1503 4596 hoc
1532 4531 1754 4596 testimonium
1775 4530 1944 4609 Ieremias,
1971 4530 2057 4613 quod
2083 4531 2151 4598 illie

160 4615 313 4696 respiciat
334 4615 413 4699 quid
434 4616 519 4682 torre
542 4623 674 4699 queant,
703 4637 770 4682 non
791 4626 900 4682 autam
923 4616 1000 4699 qnid
1023 4616 1132 4681 meriti
1182 4617 1338 4680 recitatur
1359 4614 1405 4700 (v.
1428 4615 1477 4702 6):
1508 4615 1651 4681 affunde
1678 4615 1763 4682 iram
1786 4625 1876 4682 tuam
1898 4637 1997 4699 super
2026 4625 2150 4700 gantos,

159 4698 235 4764 sint.
279 4701 351 4768 Hoc
372 4701 563 4786 simpliciter
583 4701 740 4785 iutelligit
760 4702 928 4785 propheta.
965 4700 1032 4767 Sed
1055 4701 1131 4766 hinc
1182 4720 1264 4784 quae
1287 4711 1319 4768 te
1341 4724 1406 4767 non
1429 4711 1599 4780 noverunt,
1627 4711 1661 4767 et
1681 4722 1781 4784 super
1802 4723 1905 4786 regua
1926 4721 2009 4784 quae
2030 4721 2150 4766 nomeu

159 4784 257 4850 etiam
278 4787 470 4871 colligimus,
491 4787 655 4854 neminem
676 4806 756 4864 csse,
779 4789 834 4870 qui
855 4808 916 4870 par
936 4788 979 4853 sit
996 4785 1130 4852 ferendo
1182 4797 1275 4851 tuum
1304 4806 1370 4851 uon
1397 4787 1605 4853 invocarunt:
1638 4787 1713 4871 qnia
1745 4796 2016 4872 consumpserunt
2043 4785 2149 4869 Iacob,

116 4919 123 4932 .
159 4870 222 4937 Dei
244 4871 354 4956 rigori
399 4875 488 4957 Ergo
510 4873 643 4938 unicum
665 4892 736 4938 esso
762 4873 893 4957 asylum
920 4874 955 4936 iu
978 4873 1048 4938 eius
1069 4873 1129 4937 mi·
1181 4881 1213 4938 et
1234 4871 1467 4938 haereditatem
1490 4873 1568 4938 eius.
1611 4871 1724 4939 Potest
1744 4875 1826 4957 fieri,
1848 4882 1885 4939 ut
1901 4872 2058 4938 Ieremias
2080 4872 2150 4955 ipse

159 4957 343 5036 sericordia,
374 4978 440 5024 nou
473 4965 510 5024 nt
540 4959 690 5043 ignoscat
717 4956 810 5024 nobis
840 4959 875 5022 in
905 4969 1019 5035 totum,
1053 4958 1130 5040 qnia
1180 4957 1349 5024 Psalmum
1364 4957 1457 5023 illum
1474 4959 1698 5042 composuerit,
1713 4963 1884 5042 postquam
1902 4963 2028 5024 tractas
2044 4957 2150 5022 fuerat

159 5042 253 5108 nobie
281 5043 362 5108 utile
391 5051 441 5110 est
469 5045 622 5129 castigari
652 5043 722 5109 aius
750 5063 867 5109 menn:
900 5043 957 5109 sed
990 5053 1028 5109 nt
1061 5058 1130 5108 tan-
1179 5043 1214 5108 in
1236 5043 1438 5127 Aegyptum,
1460 5050 1633 5127 postquam
1654 5045 1732 5110 orbs
1754 5045 1861 5110 luerat
1880 5044 2005 5110 excisa:
2036 5051 2148 5110 mmea

158 5137 230 5193 tum
251 5149 311 5213 pro
332 5149 393 5195 sua
420 5139 559 5212 paterne
585 5129 760 5196 clementia
788 5149 850 5195 noe
877 5131 1023 5212 castigat.
1070 5127 1128 5196 Sa·
1180 5128 1220 5194 do
1242 5135 1389 5210 tempore
1410 5131 1490 5196 satis
1511 5129 1674 5211 convenit,
1696 5130 1780 5214 quod
1803 5130 1924 5196 scilicet
1941 5130 2007 5195 iam
2026 5129 2148 5196 accide-

157 5214 278 5296 quitur,
1179 5222 1233 5280 rat
1254 5213 1420 5280 horribilis
1441 5214 1619 5300 dissipatio,
1646 5236 1748 5299 quum
1770 5215 1923 5282 Psalmus
1944 5215 2001 5282 ille
2021 5235 2149 5298 compo-

1179 5301 1262 5366 situs
1282 5299 1344 5364 luit
1358 5301 1393 5365 in
1409 5321 1503 5368 usum
1520 5301 1654 5368 miserae
1668 5309 1701 5369 et
1716 5301 1808 5386 quasi
1823 5299 1970 5386 perditae
1984 5301 2147 5371 ecclesiae.
