5096 6156
344 473 405 540 127

341 681 437 746 snper
467 658 606 725 hominos
638 655 798 724 Aaotbotb
833 675 915 721 cuno
947 653 1138 720 visitationis
1173 652 1316 733 ipsorum

343 745 414 832 (alii
437 753 580 825 vertunt,
603 763 737 822 anuum,
759 741 816 807 aad
839 741 934 820 mele,
957 736 1193 822 meoiudicio).

429 913 494 980 Hic
515 913 726 996 peculiariter
749 910 924 977 vindictam
948 909 1012 974 Dei
1036 907 1193 992 propheta
1216 927 1317 989 popu·

342 998 465 1066 laribus
493 1000 561 1065 auis
587 998 769 1064 denuntiat.
813 995 968 1061 Vidimus
998 994 1088 1058 enim
1117 993 1211 1058 initio
1239 991 1316 1057 libri

341 1083 450 1168 ipsum
473 1105 544 1150 esse
567 1083 744 1149 oriundum
763 1103 803 1145 ex
823 1081 941 1164 oppido
954 1078 1136 1145 Anathotb.
1168 1081 1317 1160 Apparet

342 1179 451 1236 autem
474 1191 516 1233 ex
539 1169 599 1235 hcc
629 1170 708 1246 loco,
742 1187 809 1231 uon
839 1175 968 1232 tantum
999 1165 1097 1230 fuisse
1132 1161 1314 1228 bellandum

341 1255 545 1321 sanctovito
568 1275 643 1322 cnm
667 1273 744 1337 rege
766 1261 800 1317 et
824 1251 895 1316 eius
926 1250 1119 1316 consiliariis
1149 1257 1181 1313 et
1209 1269 1315 1314 saecr-

343 1340 481 1418 dotibus,
503 1341 557 1422 qui
579 1339 800 1422 lerosolymae
822 1345 931 1401 erant:
957 1335 1014 1402 sed
1037 1336 1134 1400 etiam
1158 1355 1257 1416 quum
1281 1353 1316 1397 se

342 1426 501 1508 reciperet
524 1425 556 1490 in
581 1423 738 1508 angulum
768 1420 876 1498 illum,
907 1430 946 1486 ut
967 1420 1053 1504 apud
1081 1441 1157 1485 euos
1186 1420 1316 1502 quietus

342 1523 463 1594 ageret,
487 1531 526 1575 ue
544 1510 612 1576 illic
633 1511 764 1593 quidem
786 1506 888 1572 fnisse
906 1525 1101 1590 quemquam
1120 1507 1149 1570 ci
1166 1505 1316 1582 amicum,

342 1594 398 1661 scd
422 1613 533 1660 omncs
555 1615 632 1661 eum
656 1593 820 1658 hostiliter
841 1604 1053 1674 persequutus
1076 1591 1184 1656 fuisse.
1219 1589 1317 1652 Vide-

342 1702 418 1747 mus
440 1701 518 1764 crgo
540 1701 638 1763 quam
668 1680 786 1744 misera
819 1677 920 1741 fucrit
953 1676 1130 1760 prophetae
1164 1675 1316 1752 conditio,

341 1765 428 1848 quod
460 1786 621 1848 nusquam
654 1764 761 1848 potuit
794 1764 922 1846 quietus
955 1771 1043 1842 esre,
1080 1761 1179 1826 etiam
1213 1780 1313 1842 quum

341 1851 483 1918 latebras
499 1861 679 1933 quaereret,
695 1863 793 1931 atque
808 1851 842 1913 in
859 1848 995 1930 patriam
1012 1867 1103 1912 suam
1119 1848 1315 1930 confugeret.

341 1936 437 2018 Quod
460 1957 537 2019 ergo
559 1937 625 2001 illie
648 1945 738 2000 tutus
762 1953 827 1998 nou
850 1934 921 2011 fuit,
944 1933 1023 1999 hinc
1045 1932 1195 1997 videmus
1217 1952 1315 2014 quem

341 2021 468 2086 duriter
488 2023 594 2102 ipsum
617 2021 800 2086 exercuerit
816 2021 904 2084 Deus
921 2040 980 2101 per
999 2027 1047 2082 tot
1064 2038 1177 2093 annos,
1197 2015 1315 2100 quibus

341 2107 497 2172 sustinuit
517 2125 639 2170 munus
662 2105 897 2188 propheticum.
939 2103 1103 2183 Quoniam
1127 2123 1205 2185 ergo
1227 2103 1316 2167 cives

341 2191 514 2257 Anathoth
535 2192 671 2274 gravius
693 2197 915 2274 peccaverant,
938 2187 1010 2255 ideo
1028 2190 1127 2254 etiam
1147 2187 1316 2252 denuntia·

341 2288 398 2341 tur
419 2277 484 2341 illis
507 2276 681 2359 peculiaris
703 2274 821 2341 clades.
855 2273 993 2339 Certum
1017 2273 1147 2356 quidem
1167 2278 1226 2352 eat,
1250 2293 1315 2337 non

341 2364 441 2427 fuisse
464 2360 655 2444 prophetam
679 2360 856 2425 humanius
884 2368 1052 2442 acceptum
1074 2357 1314 2441 ierosolymae:

342 2451 408 2512 ime
431 2447 498 2512 illic
520 2447 635 2512 habuit
657 2446 768 2512 hostes
789 2444 1043 2522 crudelissimos,
1066 2455 1103 2508 ut
1126 2445 1202 2508 alibi
1225 2443 1316 2509 vide-

343 2532 465 2598 bimus:
499 2532 556 2597 sed
580 2551 681 2616 quum
712 2530 833 2614 aliquid
862 2529 919 2594 otii
947 2538 980 2594 et
1002 2530 1212 2595 relaxationis
1243 2549 1315 2610 spe·

342 2628 431 2683 reret
459 2615 522 2683 sibi
552 2617 621 2682 fore
642 2617 678 2683 in
700 2618 814 2700 patria,
842 2615 909 2680 illic
937 2615 1037 2681 etiam
1068 2626 1223 2698 exceptus
1255 2614 1316 2679 fuit

1150 457 1538 546 rnuunncmcuus

2284 455 2345 520 128

1367 658 1476 713 autem
1495 648 1536 713 ad
1551 645 1663 714 fideles
1681 655 1817 730 spectet,
1839 646 1934 711 sicuti
1950 645 2015 710 iam
2032 644 2112 726 dixi,
2135 645 2213 710 dum
2229 645 2344 710 vident

1367 727 2161 901 tttttlttffltt”qt‘t‘tlttttltt
2175 731 2344 883 ''ttftt

1368 925 1507 988 regnum
1526 903 1709 983 vendicare,
1728 903 1799 968 fieri
1817 922 1883 967 uon
1902 909 2010 984 potest
2027 902 2107 983 quin
2126 901 2344 968 vulnerentur

1368 989 1516 1072 graviter
1538 1009 1650 1055 eorum
1674 990 1783 1054 animi.
1824 987 1869 1052 Et
1891 987 1937 1051 ita
1959 988 2157 1069 interpretes
2179 989 2345 1070 accipiunt

1370 1076 1455 1140 hunc
1478 1075 1585 1142 loenm
1609 1075 1777 1150 Ieremias,
1805 1071 1893 1155 quod
1924 1072 2050 1138 scilicet
2079 1072 2230 1138 turbatus
2256 1074 2345 1140 felici

1367 1161 1543 1244 impiorum
1564 1171 1650 1225 statu
1669 1179 1743 1224 cum
1761 1159 1831 1223 Dec
1849 1157 2043 1239 expostulet,
2067 1159 2344 1240 quemadmodum

1367 1245 1507 1312 Abacuk
1529 1245 1659 1310 videtur
1687 1245 1793 1310 facere
1821 1244 1915 1308 initie
1944 1244 2041 1325 primi
2069 1245 2196 1327 capitis.
2241 1247 2345 1326 Atqui

1368 1331 1500 1396 videtur
1523 1331 1603 1396 mibi
1626 1330 1707 1396 baec
1729 1329 1894 1396 sententia
1922 1328 2019 1394 altius
2046 1338 2203 1411 spectare.
2248 1331 2344 1395 Dixi·

1367 1438 1441 1482 mus
1464 1417 1550 1494 alibi,
1581 1417 1660 1480 dnm
1689 1414 1867 1498 prophetae
1890 1413 2005 1479 vident
2027 1435 2062 1480 se
2084 1414 2245 1480 inutiliter
2266 1436 2346 1482 ccu-

1368 1523 1498 1568 sumere
1528 1521 1662 1584 operam
1692 1500 1778 1584 apud
1808 1497 1924 1566 surdus
1953 1511 1986 1563 et
2007 1500 2244 1584 immorigeros,
2276 1521 2345 1566 ser·

1368 1609 1497 1654 monem
1519 1597 1709 1654 convertere
1731 1588 1772 1651 ad
1795 1585 1905 1649 Deum
1934 1585 2027 1666 qnasi
2050 1586 2085 1649 in
2108 1586 2206 1651 rebus
2228 1585 2344 1670 despe-

1368 1675 1457 1738 ratis.
1502 1673 1575 1756 Ego
1597 1673 1699 1756 igitur
1721 1692 1786 1736 non
1810 1669 1921 1734 dubito
1950 1671 2031 1752 quin
2061 1671 2123 1736 hcc
2145 1673 2278 1756 signum
2300 1674 2345 1736 sit

1367 1759 1613 1842 indignationis,
1636 1777 1736 1840 quum
1760 1755 1919 1838 propheta
1942 1755 2043 1820 verba
2064 1756 2239 1822 faciteam
2260 1758 2343 1840 Dec,

1368 1847 1460 1928 quasi
1494 1843 1681 1909 hominibus
1713 1841 1853 1906 relictis:
1887 1840 1966 1922 quia
1995 1841 2118 1907 scilicet
2149 1841 2280 1907 videbat
2308 1863 2345 1908 se

1369 1931 1468 1995 verba
1490 1929 1576 2012 apud
1599 1927 1715 1993 surdos
1733 1926 1931 2008 profundere
1948 1927 2019 1990 sinc
2039 1926 2105 1990 ullc
2125 1927 2244 1994 fructu.
2278 1928 2345 1994 Hic

1367 2017 1468 2099 igitur
1491 2026 1664 2094 exasperat
1686 2013 1796 2096 populi
1820 2012 1955 2090 animus,
1986 2023 2021 2076 ut
2043 2013 2189 2078 sentient
2210 2013 2344 2078 tandem

1367 2101 1455 2184 quod
1484 2121 1549 2166 ncn
1580 2109 1708 2181 poterat
1734 2097 1800 2161 illie
1827 2095 2025 2179 persuaderi,
2056 2117 2173 2179 nempe
2194 2119 2230 2162 se
2252 2097 2344 2163 dam·

1368 2196 1461 2252 natos
1491 2205 1562 2250 esse
1591 2205 1628 2250 aa
1657 2183 1800 2267 perditos
1833 2201 1943 2246 ceram
1974 2183 2053 2248 Dec.
2106 2181 2220 2263 Quum
2254 2186 2344 2248 enirn

1368 2271 1592 2354 alloquebatur
1628 2289 1682 2334 eos
1720 2267 1876 2333 Ieremias
1916 2265 2056 2333 ludibrio
2096 2278 2191 2332 erant
2229 2289 2344 2335 omnes

1367 2359 1490 2422 minae:
1524 2356 1598 2420 ideo
1627 2375 1716 2419 nune
1745 2355 1853 2418 Deum
1887 2354 1993 2435 ipsum
2027 2353 2216 2435 compellat,
2250 2357 2345 2438 quasi

1368 2443 1491 2508 diceret
1522 2441 1584 2506 sibi
1613 2440 1697 2504 nihil
1728 2439 1796 2504 fore
1829 2437 1971 2519 amplius
2004 2460 2078 2505 cnm
2113 2439 2180 2504 illia
2211 2441 2344 2524 negotii,

1368 2529 1445 2611 quia
1478 2527 1639 2592 inutiliter
1672 2523 1759 2606 apud
1792 2527 1879 2607 ipsos
1911 2523 2047 2590 laboret
2092 2523 2235 2590 Videtur
2264 2546 2344 2609 ergo

1369 2615 1429 2680 hoc
1456 2614 1556 2677 fnisse
1583 2610 1763 2695 prophetae
1791 2608 1975 2676 eonsilium.
2021 2609 2088 2676 Sed
2112 2631 2152 2676 ne
2175 2611 2269 2694 impii
2290 2633 2344 2677 ca·

1369 2697 1552 2763 lumniandi
1579 2715 1693 2762 ansam
1717 2697 1913 2778 arriperent,
1943 2695 2048 2760 voluit
2070 2697 2168 2760 etiam
2192 2697 2239 2761 sic
2261 2705 2344 2762 tem·

1368 2805 1484 2867 parare
1512 2801 1698 2849 sermonem
1729 2793 1766 2845 ut
1792 2781 1857 2846 illis
1885 2781 1976 2846 nulla
2008 2792 2096 2847 esest
2128 2780 2344 2848 maledicendi

1368 2871 1504 2936 mensio.
1555 2867 1730 2933 Praefatur
1758 2867 1869 2950 itaque
1898 2867 2004 2932 Deum
2031 2885 2098 2932 esse
2125 2869 2259 2949 indum,
2289 2867 2344 2932 vel

1369 2956 1449 3035 lore,
1476 2955 1506 3019 ai
1531 2972 1601 3018 cum
1628 2954 1699 3035 ipsc
1726 2952 1834 3036 ttttpot.
1877 2953 1944 3018 Hic
1973 2951 2053 3017 crdo
2082 2951 2260 3036 diligenter
2285 2975 2343 3018 uo-

1369 3040 1488 3106 tendus
1511 3048 1576 3104 est:
1605 3038 1733 3120 quiesi
1757 3038 1807 3102 vel
1830 3039 2004 3103 minimum
2035 3037 2242 3104 concedimus
2269 3059 2343 3121 pas·

1368 3125 1513 3192 sionibus
1535 3124 1665 3204 nostris,
1688 3123 1799 3189 statim
1822 3122 2013 3206 abripimur‚
2035 3133 2070 3188 et
2086 3143 2152 3188 non
2171 3143 2344 3206 possumus

1368 3213 1401 3277 in
1426 3209 1533 3276 medio
1555 3229 1652 3276 cursu
1674 3208 1826 3275 cohibere
1856 3219 2004 3274 nostrum
2033 3208 2191 3290 impetum
2218 3209 2270 3274 vel
2293 3211 2343 3274 in·

1369 3297 1568 3379 temperiem.
1600 3295 1690 3378 Ergo
1707 3295 1805 3360 simul
1824 3303 1921 3378 atque
1940 3295 2102 3376 obrepunt
2120 3295 2344 3378 cogitationes,

1368 3401 1451 3466 quae
1481 3402 1542 3446 nos
1571 3390 1706 3464 possent
1735 3379 1924 3446 abstrahere
1947 3401 1966 3444 a
1986 3388 2078 3445 metu
2101 3379 2182 3461 Dei,
2212 3381 2264 3446 vel
2286 3381 2344 3446 ub-

430 3469 458 3533 1.
491 3469 602 3534 Iustus
629 3489 670 3551 ee,
700 3467 852 3551 Iolaoocb,
881 3467 912 3532 ci
938 3467 1117 3532 emnium
1145 3470 1242 3532 boum
1275 3466 1316 3550 (si
1368 3487 1499 3534 scurare
1536 3465 1771 3548 reverentiam,
1809 3481 1892 3547 quae
1929 3464 1977 3529 illi
2014 3486 2034 3529 a
2066 3466 2160 3530 nubis
2197 3464 2343 3546 debetur,

343 3553 480 3638 litigem,
510 3552 574 3633 vel,
601 3553 733 3637 quando
755 3550 910 3638 litigabo),
940 3557 1042 3617 mmet
1063 3551 1184 3616 iudicia
1205 3551 1317 3633 loquor
1367 3553 1497 3617 munire
1530 3571 1659 3616 necesse
1693 3560 1742 3616 cst
1775 3560 1901 3616 mentes
1934 3559 2079 3626 nusum,
2113 3560 2147 3615 et
2179 3571 2344 3633 opponere

342 3643 438 3705 taum
471 3637 546 3723 (hoc
573 3649 633 3718 cet,
666 3638 850 3721 disceptabo
880 3639 952 3702 iure
982 3635 1119 3721 teenm):
1153 3636 1317 3718 Qrwasqm
1368 3640 1525 3715 claustra,
1562 3657 1604 3700 ne
1637 3635 1762 3701 scilieet
1794 3635 1943 3701 diabolus
1976 3655 2035 3700 nos
2068 3635 2200 3720 longius
2232 3637 2345 3701 trahat

341 3726 396 3790 aio
418 3725 590 3806 impioram
613 3724 853 3807 prosperabitur
881 3720 964 3807 (vel,
994 3722 1130 3788 feliciter
1161 3720 1315 3807 habebit),
1368 3743 1465 3806 quam
1493 3721 1673 3804 optandum
1703 3723 1745 3784 sit
1773 3721 1801 3786 ei
1831 3721 1993 3802 expediat.
2038 3721 2194 3804 Exempli
2228 3723 2344 3806 gratia,

341 3810 437 3891 quieti
455 3815 529 3874 anot
550 3827 654 3876 mnes
674 3809 934 3893 trompradientos
955 3807 1229 3890 uoospreaaioua?
1367 3809 1498 3892 siquis,
1521 3805 1599 3870 dum
1619 3805 1708 3870 ridet
1727 3806 1822 3872 hodie
1842 3827 1894 3872 res
1909 3807 1941 3870 in
1958 3805 2082 3871 mundo
2102 3807 2343 3889 incompositas,

1368 3893 1503 3976 incipiat
1535 3911 1646 3957 secum
1678 3890 1812 3957 liberius
1845 3891 2031 3975 disputare:
2066 3891 2154 3971 Quid
2187 3893 2249 3959 huc
2281 3894 2344 3958 sibi

430 3978 559 4046 Scimus
588 3979 650 4046 hac
680 3979 857 4045 offensione
892 3977 1039 4062 graviter
1068 3979 1187 4042 tentari
1218 3987 1316 4060 atque
1369 3977 1462 4044 vult?
1486 3978 1648 4061 quomodo
1666 3978 1791 4043 tamdiu
1812 3978 1937 4060 patitur
1952 3976 2044 4040 Deus
2063 3977 2230 4042 licentiam
2248 3979 2343 4043 istam

342 4067 440 4132 etiam
462 4067 592 4132 ecucuti
620 4066 748 4147 piorum
778 4065 913 4142 animos,
943 4063 1022 4127 dum
1045 4060 1158 4127 vident
1180 4061 1262 4128 bene
1284 4071 1317 4128 et
1368 4061 1533 4149 grassari?
1570 4084 1630 4128 cur
1662 4063 1709 4127 ita
1742 4062 1950 4128 dissimulat?
1991 4059 2100 4128 Simul
2134 4084 2212 4146 ergo
2244 4075 2344 4145 atque

343 4151 481 4216 feliciter
519 4151 630 4216 omnia
666 4149 782 4216 cedere
820 4146 1098 4230 contemptoribus
1135 4149 1208 4214 Dei.
1271 4149 1317 4214 Et
1368 4150 1572 4232 obrepserint
1604 4149 1687 4214 istae
1719 4149 1941 4231 cogitationes,
1975 4149 2003 4212 si
2027 4151 2195 4234 tangimur
2224 4149 2343 4215 affectu

344 4236 494 4303 Psalmus
518 4235 559 4301 73
585 4236 821 4319 querimoniam
844 4233 934 4299 illam
957 4233 1106 4315 pluribus
1129 4233 1238 4298 verbis
1261 4255 1317 4299 ex·
1368 4237 1513 4317 pietatis,
1545 4234 1690 4300 volemus
1713 4235 1875 4317 corrigere
1897 4232 1971 4299 illos
1995 4253 2094 4317 vagus
2117 4234 2282 4314 circuitus,
2310 4248 2344 4300 et

344 4323 446 4406 ponit.
481 4321 555 4388 Illic
577 4322 663 4386 enim
687 4320 846 4404 propheta
868 4320 989 4385 fatetur
1010 4338 1113 4399 paene
1136 4341 1170 4384 se
1189 4319 1315 4402 lapsum
1368 4320 1524 4386 reducere
1556 4339 1616 4384 nos
1648 4320 1684 4384 in
1715 4320 1817 4384 viam:
1852 4319 1910 4384 sed
1945 4340 2010 4384 non
2044 4321 2107 4384 erit
2141 4328 2208 4384 tam
2241 4319 2343 4387 facile.

343 4426 423 4486 cese,
445 4428 483 4473 ac
504 4408 532 4472 ei
554 4408 670 4472 fuisset
691 4410 724 4469 in
747 4405 869 4471 lubrico
891 4404 971 4487 loeo,
995 4402 1074 4468 dnm
1087 4404 1185 4471 'videt
1209 4406 1316 4470 Deum
1369 4404 1478 4472 Simul
1500 4405 1587 4471 enim
1610 4413 1708 4486 etque
1731 4405 1896 4488 coepimus
1919 4405 2101 4469 transsilire
2130 4415 2242 4484 metas,
2276 4407 2343 4470 iam

343 4494 453 4558 favere
475 4492 595 4576 impiis,
618 4479 734 4556 saltem
757 4511 821 4554 non
840 4509 936 4572 posse
958 4486 1046 4553 eliud
1068 4490 1139 4554 fieri
1161 4491 1315 4555 iudicium
1371 4490 1481 4556 nullus
1502 4501 1552 4555 est
1574 4489 1699 4568 modus,
1729 4490 1821 4555 nulla
1843 4492 1936 4558 ratic.
1982 4491 2099 4571 Itaque
2121 4491 2282 4574 propheta
2304 4492 2344 4556 ab

344 4600 387 4643 ex
407 4577 572 4661 adspectu,
596 4596 693 4661 quem
715 4577 801 4658 ipsos
819 4596 838 4639 a
853 4575 925 4640 Dec
947 4575 1049 4639 amari
1074 4587 1106 4638 et
1125 4576 1237 4640 foveri.
1271 4576 1317 4641 Et
1368 4575 1430 4642 hac
1452 4577 1651 4659 praefatione
1674 4575 1852 4658 prudenter
1873 4576 2012 4650 orditur,
2040 4575 2151 4641 Iustus
2171 4597 2205 4641 aa
2224 4577 2255 4641 si
2276 4597 2344 4643 oon-

344 4664 465 4730 ecimus
499 4665 597 4728 etiam
632 4661 748 4744 impius
780 4660 1008 4726 obdurescere:
1041 4659 1315 4743 quemadmodum
1367 4663 1495 4742 undarat,
1523 4667 1629 4726 tecam.
1685 4661 1759 4726 Non
1793 4662 1931 4728 aliorum
1964 4677 2063 4724 causa
2098 4659 2263 4726 duntaxat
2297 4663 2344 4728 sie

344 4749 525 4832 Dionysius
546 4747 603 4813 ille
621 4746 749 4814 dicebat
763 4746 872 4812 Deum
891 4744 1002 4812 ferere
1020 4744 1196 4830 sacrilegis,
1216 4767 1316 4828 quum
1368 4747 1528 4828 loquitur,
1567 4745 1624 4810 scd
1658 4748 1755 4811 etiam
1789 4760 1825 4812 ut
1857 4750 1891 4812 in
1924 4757 2070 4829 tempore
2107 4747 2235 4812 ireecet
2267 4769 2344 4813 suus

344 4855 499 4918 prospere
532 4834 719 4917 navigaret,
759 4840 932 4915 postquam
971 4831 1171 4916 spoliaverat
1207 4833 1317 4896 omnia
1369 4833 1513 4908 affectus,
1544 4844 1663 4896 utnon
1694 4835 1861 4915 permittat
1889 4831 1951 4898 sibi
1978 4831 2175 4914 plusquam
2204 4835 2252 4897 fus
2281 4843 2344 4903 est.

345 4919 476 5002 templa,
508 4928 541 4984 ct
567 4927 758 4984 exercuerat
791 4915 960 4984 latrocinia
988 4919 1023 4981 in
1045 4917 1197 4984 omuibus
1229 4919 1315 4983 locis.
1369 4917 1562 4983 [leuandum
1582 4927 1691 4983 tamen
1710 4918 1796 5002 quod
1811 4919 1887 4994 dixi,
1907 4915 2098 5000 prophetam
2114 4918 2167 4983 hic
2183 4917 2345 4984 adDeuru

344 5005 419 5072 Hoc
439 5003 534 5070 modu
557 5001 669 5068 derisit
690 5004 879 5086 patientiam
902 5001 977 5068 Dei.
1020 5001 1065 5067 Et
1086 5003 1158 5068 ideo
1181 5002 1316 5068 Solcmc
1369 5002 1470 5068 verba
1487 5023 1547 5068 sua
1566 5001 1716 5088 dirigere,
1739 5017 1776 5070 ut
1793 5003 1981 5085 intelligant
2001 5002 2114 5068 Iudaei
2132 5022 2168 5069 se
2186 5014 2345 5087 tanquam

344 5090 481 5166 (Euclea.
498 5088 533 5174 9)
555 5087 643 5168 dicit,
665 5087 742 5153 dum
766 5098 946 5155 cernuntur
968 5090 1015 5154 ita
1036 5109 1088 5153 res
1110 5089 1262 5154 confusae
1281 5090 1317 5153 in
1369 5088 1554 5172 deploratos
1572 5088 1722 5172 relinqui,
1742 5099 1776 5155 et
1790 5089 1942 5172 indiguos
1961 5087 2079 5171 quibus
2097 5109 2230 5173 operam
2248 5109 2344 5155 snam

344 5173 476 5251 mundo,
495 5173 572 5238 hinc
588 5175 713 5240 animos
730 5175 897 5241 hominum
914 5174 1024 5240 induci
1041 5173 1081 5238 ad
1097 5184 1317 5258 contemptum
1369 5173 1492 5241 diutius
1521 5173 1699 5259 impendat.
1743 5175 1849 5250 Dicit,
1883 5172 1929 5238 Et
1955 5179 2056 5240 wrcen
2083 5175 2205 5241 iuditio
2233 5175 2345 5256 loquor

345 5260 419 5338 Dei,
450 5259 527 5341 quia
549 5267 667 5342 putant
689 5261 799 5326 omnia
820 5260 954 5326 fortuito
978 5258 1066 5325 volvi
1089 5261 1124 5324 iu
1147 5261 1253 5336 terris,
1284 5269 1317 5324 et
1368 5265 1483 5343 umen,
1523 5258 1586 5326 boe
1622 5275 1689 5338 est,
1730 5257 1915 5341 disceptabo
1953 5259 2131 5326 secundnm
2172 5260 2342 5326 rationem.

346 5345 418 5411 Deo
447 5365 515 5410 non
544 5365 615 5412 esse
645 5367 742 5413 curae
775 5346 956 5414 humanum
987 5367 1098 5432 genus.
1145 5345 1317 5427 Quantum
1370 5344 1467 5428 Quod
1499 5344 1621 5412 iudicia
1643 5347 1700 5413 alii
1721 5346 1886 5429 accipiunt
1916 5365 1975 5430 prc
1997 5348 2120 5431 poenis,
2154 5346 2247 5429 quasi
2270 5367 2342 5428 prc-

342 2701 614 2788 quemadmodum
638 2703 796 2768 videmus.
830 2700 922 2766 Haec
942 2702 1024 2766 ratio
1042 2709 1101 2779 est,
1123 2721 1183 2766 cur
1205 2700 1316 2765 iubeat

342 2788 395 2853 hic
427 2787 517 2854 Deus
546 2787 670 2853 cladem
702 2786 819 2851 minari
847 2787 976 2852 civibus
1003 2785 1187 2852 Anathotb.
1240 2785 1314 2850 Non

342 2893 469 2957 possem
494 2875 603 2938 omnia
624 2871 720 2938 hodie
743 2871 921 2938 absolvere.

592 3268 730 3338 CAPUT
759 3268 1067 3338 DUODECIMUM.
