5134 6124
205 447 269 514 265
915 447 965 512 IN
987 446 1237 515 Iattlttttutt.
1278 447 1377 516 OAP.
1399 448 1514 515 XVII.
2154 454 2218 520 266

208 642 348 708 salutem
379 659 472 704 suam
496 637 610 702 volunt
640 635 762 702 habere
790 638 968 719 repositam
999 640 1032 703 iu
1063 640 1185 705 mundo
1238 639 1444 722 exemplum:
1475 639 1550 720 quie
1582 636 1680 704 simul
1702 649 1799 722 atque
1821 639 1944 724 aliquid
1967 642 2007 708 ab
2031 642 2218 711 hominibus

206 737 240 794 et
261 725 430 794 oreaturis.
476 722 573 805 Quod
597 720 739 798 additur,
771 720 815 786 tt
834 743 857 786 a
879 721 1017 790 Iabooab
1039 745 1185 790 evasum
1238 725 1333 790 nobis
1361 725 1516 802 offertur,
1549 724 1773 790 obliviseimur
1799 727 1904 810 ipsius
1933 727 2013 807 Dei,
2042 741 2074 792 et
2101 751 2218 796 sensus

206 819 252 882 eet
273 831 323 879 aar
344 813 421 889 eirea
453 807 645 893 hypooritae
667 808 839 874 traherent
867 808 899 874 iu
924 831 1019 876 suum
1043 831 1184 876 eommo-
1237 812 1341 876 nostri
1375 810 1526 876 deorsum
1561 810 1738 876 trahuntur
1770 812 1809 876 ad
1845 813 2009 894 homines,
2046 816 2093 881 ita
2127 815 2218 882 Deus

207 901 294 966 dum.
339 898 445 963 Nemo
467 897 555 961 enim
578 903 629 960 est
652 895 707 977 qui
730 913 796 958 non
819 895 962 980 exeipiat
983 916 1019 962 se
1042 897 1088 962 ita
1111 917 1185 962 oon·
1237 896 1345 980 perdit
1367 905 1492 980 partem
1517 896 1659 980 aliquam
1683 899 1733 962 sui
1756 897 1898 966 honoris.
1942 899 2008 966 Ubi
2032 908 2141 967 autem
2163 901 2218 968 vel

206 986 308 1052 fidere
329 984 366 1048 in
388 983 587 1060 bominibus,
617 989 653 1046 ut
682 992 791 1046 tumen
822 1001 888 1046 non
918 983 1061 1067 attingat
1090 983 1184 1066 quid·
1237 982 1410 1048 minimum
1452 983 1573 1065 aliquid
1613 984 1643 1048 ei
1678 985 1833 1068 eripitur,
1876 984 2017 1070 abnegat
2057 1009 2134 1068 nos,
2180 1001 2218 1054 ut

207 1092 305 1157 qnam
327 1092 368 1136 ex
391 1069 455 1134 Dei
478 1069 591 1152 gloria,
615 1086 720 1150 neque
745 1066 872 1132 delibet.
919 1066 957 1134 Si
979 1067 1184 1154 interrogen-
1238 1089 1350 1134 sumas
1379 1068 1479 1154 digni.
1535 1069 1580 1134 Et
1620 1071 1800 1135 notandum
1838 1084 1888 1136 est
1921 1071 2008 1155 quod
2048 1073 2102 1140 bio
2141 1094 2216 1157 pro·

206 1171 262 1223 tur
287 1157 398 1222 eunoti
429 1154 583 1220 mortales
605 1174 626 1218 a
647 1155 754 1236 primo
783 1153 823 1218 ad
851 1153 1014 1234 ultimum,
1046 1156 1185 1237 quisque
1238 1155 1379 1231 nuntiat,
1414 1173 1559 1221 evaeum
1590 1175 1655 1220 esse
1682 1155 1721 1220 ab
1753 1157 1822 1238 ipso
1853 1177 1905 1223 eor
1936 1157 2084 1241 bominis,
2117 1161 2215 1228 mmai

206 1244 313 1329 plenis
336 1242 448 1308 buoeis
476 1239 561 1307 dieet
591 1262 626 1307 se
656 1240 844 1324 relinquere
866 1238 939 1305 Deo
961 1261 1056 1306 suum
1080 1241 1184 1305 hono·
1237 1245 1329 1323 atque
1349 1261 1436 1322 spent
1456 1261 1550 1307 suam
1567 1242 1722 1308 eoadduit
1737 1244 1889 1309 incarne.
1923 1244 2085 1330 Adiungit
2098 1245 2215 1312 simili·

205 1350 276 1397 rem
299 1330 475 1412 integrum,
498 1347 605 1411 neque
626 1327 713 1391 velle
735 1324 912 1409 quidquam
941 1347 984 1391 ex
1015 1347 1054 1392 eo
1077 1326 1184 1392 detra·
1237 1327 1384 1392 tudinem
1414 1327 1658 1393 confirmandae
1689 1329 1758 1394 eius
1791 1331 1974 1395 sententiae
2003 1353 2110 1410 eausa,
2142 1331 2217 1398 Erit

207 1419 296 1483 here.
340 1415 407 1480 Hie
429 1425 480 1479 eat
502 1413 686 1480 eommunis
714 1433 830 1478 sermo.
876 1409 942 1478 Sed
974 1414 1102 1478 interea
1130 1414 1185 1479 ubi
1236 1415 1317 1480 siout
1333 1415 1463 1497 myrtea,
1487 1413 1541 1478 vel
1560 1414 1738 1496 iuniperus,
1761 1416 1857 1481 siouti
1875 1416 1931 1481 alii
1950 1427 2092 1484 vertunt.
2127 1431 2214 1496 ttttt

207 1503 377 1587 reponitur
405 1500 526 1566 fiduoia
555 1501 589 1564 in
619 1519 727 1577 earne,
757 1498 917 1582 spoliatur
939 1498 1031 1565 Deus
1060 1499 1185 1565 bonore
1238 1499 1408 1565 arbustum
1432 1510 1490 1564 est.
1535 1498 1602 1565 Sed
1626 1499 1742 1566 Iudaei
1772 1502 1870 1566 etiam
1901 1504 1965 1584 ipsi
1987 1523 2054 1569 uon
2077 1523 2214 1571 eonsen-

206 1611 273 1656 suo.
325 1586 413 1655 Sunt
441 1587 544 1671 igitur
576 1585 657 1651 haee
691 1585 757 1649 dno
790 1605 856 1649 nou
891 1587 998 1651 minus
1031 1587 1117 1652 inter
1150 1606 1185 1652 se
1238 1586 1326 1651 tiunt
1347 1585 1435 1650 inter
1456 1607 1501 1662 se,
1523 1586 1579 1650 alii
1603 1587 1791 1653 tamaricem
1811 1608 1880 1654 esse
1902 1597 2029 1671 putant,
2052 1591 2108 1656 alii
2131 1591 2215 1657 iuni·

207 1676 372 1740 eontraria
391 1693 489 1756 quam
513 1673 572 1737 lux
591 1679 625 1736 et
647 1671 808 1736 tenebrae.
849 1669 928 1736 Ideo
951 1671 1110 1756 propheta
1132 1672 1185 1740 bie
1237 1692 1363 1757 perum,
1387 1671 1443 1736 alii
1466 1674 1632 1756 myrieam.
1679 1671 1744 1739 Sed
1776 1686 1945 1740 teneamus
1974 1675 2059 1758 qnod
2089 1687 2214 1742 eertum

206 1761 376 1830 ostendere
396 1759 509 1836 voluit,
528 1779 595 1823 non
610 1776 706 1840 posse
725 1757 805 1823 base
821 1755 886 1821 duo
904 1756 1003 1822 simul
1021 1759 1184 1843 ooniungi,
1237 1768 1296 1839 est,
1320 1779 1435 1840 nempe
1453 1771 1541 1835 tv'ttt
1560 1779 1631 1824 esse
1646 1759 1816 1824 arbustum
1833 1761 1958 1838 inutile,
1982 1771 2015 1826 et
2031 1783 2096 1827 non
2113 1763 2215 1848 tragi-

206 1847 359 1914 fidutiam
382 1865 504 1930 ponere
526 1845 559 1908 in
586 1864 684 1910 earne
708 1853 741 1908 et
762 1843 795 1906 iu
818 1841 901 1908 Deo.
948 1842 985 1910 Si
1008 1864 1093 1928 aqua
1114 1846 1184 1930 igni
1237 1845 1355 1909 serum.
1399 1843 1578 1910 Falluntur
1603 1848 1692 1911 enim
1716 1845 1869 1927 Hebraei,
1898 1868 1971 1912 meo
2001 1845 2129 1926 iudioio,
2159 1851 2215 1932 qui

207 1935 364 2000 minuetur
387 1941 561 2013 utrumque
583 1931 684 2013 perit:
707 1930 755 1993 ita
776 1929 803 1992 si
822 1929 894 2011 quis
912 1929 993 1995 velit
1011 1929 1122 2013 aliqua
1144 1953 1184 1996 ex
1237 1935 1356 2014 putant
1378 1951 1449 1996 esse
1467 1930 1664 2014 iuniperum,
1687 1933 1764 2014 quia
1784 1933 1928 1998 nascitur
1950 1932 2069 2017 aliquis
2087 1935 2213 2002 fruetus

207 2027 301 2104 parte
324 2038 456 2102 sperare
479 2017 513 2082 in
536 2016 616 2095 Deo,
647 2024 681 2080 et
702 2015 767 2080 ulia
794 2035 836 2080 ox
866 2023 959 2098 parte
987 2036 1120 2099 sperare
1149 2017 1184 2082 in
1236 2037 1277 2081 ex
1302 2017 1374 2080 eius
1396 2016 1506 2082 ramis.
1552 2016 1619 2082 Sed
1642 2019 1795 2084 existimo
1817 2017 1907 2084 aliud
1939 2040 2010 2084 esse
2033 2041 2139 2104 genus
2161 2041 2214 2087 ar·

207 2104 405 2180 hominibus,
436 2102 572 2188 perinde
595 2111 643 2169 est
666 2121 704 2166 ao
727 2101 754 2167 si
777 2100 878 2166 vellet
901 2101 1039 2168 miseere
1062 2112 1184 2168 terram
1237 2103 1322 2168 busti
1346 2103 1437 2168 uobis
1461 2103 1674 2186 iuooguitum.
1720 2104 1809 2189 Ergo
1832 2104 1911 2169 dieit
1935 2125 1985 2171 eoa
2005 2105 2075 2188 sore
2094 2107 2214 2172 mmika

206 2191 306 2271 eaelo,
328 2199 362 2255 et
383 2191 493 2256 omnia
514 2197 712 2273 pervertere.
756 2187 829 2253 Hoo
851 2198 902 2254 est
924 2188 1026 2273 igitur
1047 2190 1183 2255 ooniun-
1235 2186 1384 2271 arbustis,
1414 2208 1493 2271 quae
1518 2193 1690 2256 ueremur
1713 2191 1748 2256 ia
1769 2191 1898 2269 debete,
1928 2211 2009 2274 quae
2029 2211 2092 2258 nors
2112 2193 2216 2260 uident

207 2277 284 2343 ders
318 2284 456 2342 naturae
494 2274 658 2356 ordinem,
701 2274 755 2340 ubi
788 2273 938 2340 homines
972 2273 1089 2341 volunt
1121 2275 1183 2340 sibi
1234 2275 1484 2358 foecunditatem,
1513 2275 1567 2340 sed
1598 2274 1739 2342 habitant
1771 2279 1807 2341 irs
1839 2277 2031 2343 siccitatibus
2061 2280 2096 2343 in
2129 2285 2215 2346 terra

206 2363 287 2430 duas
321 2383 394 2445 spes
425 2359 613 2444 imaginari,
645 2369 678 2425 et
711 2359 878 2425 dimidiam
909 2370 1038 2444 partem
1068 2361 1183 2427 salutis
1235 2360 1418 2444 satrapiaie.
1463 2361 1598 2426 Terram
1622 2361 1699 2427 salis
1721 2363 1774 2429 vel
1802 2362 1891 2428 salsu
1919 2363 1981 2430 'uis
2003 2373 2123 2431 vooant
2145 2364 2215 2430 He·

206 2471 285 2516 suae
316 2449 500 2514 adsoribere
535 2447 616 2528 Deo,
649 2446 789 2511 alteram
824 2467 901 2511 vero
935 2445 1118 2512 adsoribere
1151 2457 1185 2512 et
1236 2444 1326 2512 brsei
1354 2457 1475 2512 terram
1506 2447 1658 2513 sterilem.
1709 2449 1755 2513 lte
1785 2449 1886 2532 ampli
1913 2459 1963 2514 eat
1993 2470 2094 2534 quum
2126 2449 2214 2536 dioit,

206 2535 268 2602 sibi
295 2543 328 2599 et
357 2534 430 2600 aliis
463 2531 661 2598 homiuibus.
716 2532 789 2598 Hoo
822 2541 872 2597 est
905 2531 1075 2598 eonsilium
1110 2553 1184 2615 pro·
1240 2531 1328 2613 Quae
1349 2551 1412 2598 noa
1441 2531 1617 2598 habitatur:
1645 2533 1720 2616 quia
1750 2535 1806 2600 ubi
1837 2535 1920 2601 nihil
1950 2537 2106 2614 naseitur,
2136 2535 2213 2601 inde

206 2620 333 2705 phetae.
380 2619 531 2687 Sciamus
552 2638 631 2702 ergo
653 2638 767 2683 omnes
789 2619 919 2702 eosqui
940 2617 994 2684 rel
1017 2618 1183 2685 tantillum
1236 2619 1369 2701 lugiunt
1399 2618 1536 2684 ineolae.
1590 2618 1703 2684 Voluit
1742 2621 1843 2703 igitur
1876 2622 2069 2705 simplieiter
2102 2622 2211 2688 dioere

206 2709 274 2791 spei
297 2707 359 2773 sibi
382 2707 417 2772 in
445 2704 633 2770 hominibus
662 2706 877 2788 eonstituunt,
906 2703 1044 2770 delieere
1074 2704 1184 2788 aliqua
1236 2704 1408 2788 propheta,
1438 2724 1512 2788 spes
1539 2726 1668 2786 eorum,
1698 2706 1754 2789 qui
1782 2708 1818 2770 iu
1846 2707 1996 2773 hominos
2023 2709 2213 2793 respitiant,

207 2815 247 2858 ex
278 2802 412 2876 partes
440 2791 521 2868 Deo,
552 2801 586 2856 et
612 2790 749 2874 proinde
777 2791 892 2856 averti.
937 2789 1090 2873 Denique
1117 2792 1183 2876 spi·
1236 2791 1304 2856 fore
1326 2790 1450 2856 aridas:
1480 2792 1556 2873 quia
1578 2791 1669 2856 Deus
1697 2792 1909 2858 frustrabitur
1939 2795 2034 2875 ipsas,
2065 2804 2101 2858 ut
2131 2815 2214 2859 nnn·

206 2880 290 2945 ritus
312 2889 444 2944 sanutus
466 2878 611 2943 breviter
632 2876 774 2960 quidem,
795 2876 851 2941 sed
874 2898 1005 2943 summa
1021 2877 1183 2961 gravitate
1236 2896 1334 2960 quam
1353 2876 1536 2942 sueoednnt.
1575 2875 1642 2942 Sed
1664 2876 1808 2943 notanda
1828 2889 1880 2946 est
1898 2880 1996 2943 etiam
2015 2879 2118 2944 altera
2136 2899 2214 2963 pars

205 2965 399 3048 pronuntiat
420 2983 534 3028 omnes
557 2983 630 3028 esse
660 2973 827 3045 apostatas
849 2973 880 3028 et
902 2963 967 3028 Dei
991 2962 1182 3040 desertores,
1237 2961 1472 3028 similitudinis.
1525 2962 1638 3028 Noluit
1671 2964 1760 3027 euim
1793 2966 1941 3030 oouierre
1972 2963 2133 3048 propheta
2162 2965 2213 3030 in·

206 3053 391 3134 quicunque
413 3048 576 3114 inelinant
596 3049 630 3114 in
655 3049 815 3127 homiues,
839 3059 875 3112 ut
896 3049 964 3115 illio
981 3069 1072 3132 spem
1091 3069 1182 3115 snam
1235 3047 1384 3114 oredulos
1406 3048 1499 3114 sieoie
1522 3049 1632 3126 ramis,
1655 3047 1713 3114 sed
1736 3047 1887 3130 arbustis,
1910 3071 1996 3132 quae
2014 3063 2047 3116 et
2069 3049 2212 3116 radiaem

207 3136 363 3220 deligant.
406 3133 558 3217 Quodsi
588 3135 669 3202 haee
698 3136 861 3200 sententia
888 3155 968 3200 vera
996 3143 1046 3200 est
1074 3134 1183 3217 quoad
1235 3133 1368 3213 habent,
1398 3143 1432 3200 at
1452 3153 1530 3217 prae
1552 3154 1588 3200 se
1611 3135 1721 3199 ierunt
1751 3136 1872 3218 aliquid
1895 3138 2001 3202 vitae:
2032 3138 2080 3202 ita
2108 3138 2213 3202 inere-

205 3229 412 3308 praesentem
445 3221 566 3286 vitam:
599 3221 656 3286 ubi
689 3219 800 3304 agitur
832 3219 872 3286 de
903 3231 1038 3285 aeterna
1067 3219 1182 3301 salute,
1235 3219 1314 3296 duli,
1345 3219 1424 3285 dnm
1447 3219 1570 3285 arridet
1598 3219 1662 3286 illia
1690 3221 1832 3301 fortuna,
1863 3221 2138 3303 quemadmodum
2166 3222 2222 3288 lo·-

205 3308 328 3390 duplex
351 3316 440 3373 uerte
463 3306 527 3370 erit
554 3307 707 3386 amentia,
736 3307 764 3372 si
787 3307 838 3372 vel
860 3307 1035 3372 minimum
1066 3305 1182 3371 tribui·
1234 3312 1389 3390 quantur,
1413 3307 1660 3372 existimantes
1690 3306 1806 3374 beatos·
1828 3327 1908 3386 esse,
1939 3319 1973 3374 et
2001 3310 2048 3374 ita
2074 3308 2212 3374 obdure-

203 3415 278 3460 mus
302 3401 359 3458 aut
380 3391 526 3458 iustitiae
549 3401 690 3467 nostrae,
713 3401 771 3458 aut
793 3392 864 3458 aliis
887 3392 1077 3458 virtutibus.
1115 3391 1182 3474 Qui
1235 3401 1332 3458 soant
1353 3393 1387 3456 in
1411 3393 1479 3457 suis
1500 3393 1665 3475 perversis
1683 3393 1836 3472 oonsiliis,
1859 3405 1893 3459 et
1910 3395 2061 3461 reiioiunt
2080 3414 2211 3460 omnem

207 3488 379 3563 exspeotat
409 3477 569 3544 auxilium
599 3477 640 3543 ab
670 3477 804 3543 homino
833 3477 1038 3545 maledioitur
1060 3500 1079 3543 a
1103 3479 1183 3560 Deo,
1235 3477 1432 3542 doetrinam:
1467 3491 1501 3543 et
1534 3479 1629 3560 quasi
1661 3489 1772 3544 essent
1804 3481 1969 3546 immunes
2002 3480 2042 3546 ab
2076 3479 2212 3563 imperio

205 3585 323 3648 nempe
356 3566 383 3631 si
413 3565 454 3630 ab
481 3584 519 3629 eo
550 3573 717 3646 exspeotet
739 3563 825 3647 quod
849 3566 989 3647 pertinet
1021 3565 1062 3629 ad
1096 3565 1182 3632 bauo
1234 3563 1308 3640 Dei,
1332 3564 1471 3646 superbe
1488 3562 1661 3647 repudiant
1679 3584 1792 3630 omnes
1810 3566 1881 3632 eius
1899 3566 2085 3649 prophetas.
2122 3566 2212 3649 Ergo

207 3650 360 3717 oadueam
384 3652 495 3730 vitam,
519 3670 601 3734 quae
623 3652 689 3718 oito
710 3651 890 3716 evanesoit:
911 3671 1000 3716 nuno
1022 3651 1051 3714 si
1072 3670 1182 3732 spera·
1235 3648 1398 3733 propheta
1431 3670 1489 3733 per
1520 3651 1762 3716 ooneessionem
1797 3651 1959 3736 loquitur,
2000 3671 2100 3734 quum
2134 3650 2214 3718 dioit

205 3757 279 3802 mus
306 3737 447 3802 salutem
476 3745 656 3818 aeternam,
689 3745 723 3801 et
752 3734 985 3802 haereditatem
1016 3735 1182 3802 ooelorum
1235 3735 1318 3799 tales
1350 3755 1421 3800 ease
1450 3735 1574 3802 similes
1604 3736 1757 3818 arbustis,
1789 3757 1872 3820 quae
1906 3737 2047 3802 radieem
2081 3736 2214 3820 quidem

206 3823 350 3903 anobis,
378 3831 435 3888 aut
456 3822 530 3886 aliis
558 3825 727 3902 oreaturis,
758 3833 879 3906 quanto
908 3822 970 3888 hoo
998 3823 1103 3907 magis
1132 3832 1184 3886 est
1235 3819 1367 3904 habent,
1398 3831 1430 3886 et
1460 3820 1547 3899 lolia,
1575 3820 1632 3886 sed
1662 3821 1734 3887 sine
1761 3822 1879 3906 lruotu,
1910 3821 2027 3886 deinde
2056 3834 2212 3888 areseunt

206 3907 420 3976 detestabile?
466 3908 557 3992 Ergo
590 3908 726 3974 notandi
759 3918 837 3974 suut
866 3906 997 3992 gradus,
1031 3917 1069 3970 ut
1100 3905 1181 3973 haee
1234 3906 1289 3970 ubi
1323 3905 1491 3972 inualetoit
1523 3915 1638 3973 aeetae.
1690 3906 1975 3987 Quemadmodum
2007 3929 2086 3993 orgo
2115 3909 2213 3976 ardor

205 3995 385 4080 prophetae
408 3992 556 4059 doetriua
578 4015 637 4060 nos
666 3995 699 4058 in
730 3995 799 4060 solo
820 3993 894 4058 Deo
917 3995 1066 4058 retineat.
1115 3989 1180 4058 Sed
1233 3990 1311 4057 solis
1333 3993 1496 4058 eonsumit
1519 3991 1673 4075 quidquid
1697 3994 1921 4058 videturesse
1943 3995 2044 4073 suoei,
2073 4005 2106 4060 st
2128 3995 2212 4061 eolo·

206 4081 260 4148 hio
301 4080 455 4147 obiicitur
497 4083 658 4160 quaestio,
699 4101 808 4145 aunon
848 4080 1008 4162 possimus
1049 4097 1181 4160 sperare
1233 4077 1288 4155 ris,
1311 4086 1345 4142 et
1366 4078 1453 4142 vitae
1476 4079 1508 4142 in
1532 4079 1693 4144 arbustis:
1715 4078 1762 4142 ita
1783 4078 1884 4143 etiam
1902 4077 1996 4147 Deus
2015 4080 2157 4146 exsiooat
2178 4092 2213 4146 at

206 4167 367 4232 auxilium
396 4166 436 4230 ab
466 4165 668 4243 hominibus,
702 4185 841 4250 quorum
869 4184 969 4246 opera
997 4163 1089 4228 Deus
1120 4183 1181 4230 uos
1233 4163 1369 4228 molaris
1390 4183 1504 4229 omnes
1526 4184 1600 4247 spes
1623 4162 1815 4242 infidelium,
1846 4168 1997 4247 quamvis
2028 4176 2146 4249 putent
2176 4188 2212 4233 se

205 4255 352 4318 adiuvat:
373 4261 406 4317 et
420 4250 476 4334 qui
492 4262 568 4314 aunt
585 4271 650 4315 nou
669 4262 799 4316 tantum
817 4251 1039 4315 instrumenta
1057 4251 1181 4332 gratiae
1232 4250 1352 4315 babere
1367 4247 1519 4329 radieem,
1536 4269 1619 4334 quae
1633 4251 1722 4331 ipsos
1737 4259 1772 4313 et
1785 4251 1930 4332 ipsorum
1948 4253 2047 4317 vitam
2064 4262 2212 4318 tueatur:

204 4341 274 4404 eius
303 4349 336 4404 et
364 4336 492 4413 auxilii,
526 4335 584 4400 sed
612 4337 705 4418 quasi
734 4335 874 4401 manus?
920 4334 1059 4417 Quoties
1091 4337 1177 4401 enim
1232 4336 1328 4402 aienti
1360 4336 1458 4401 etiam
1488 4339 1522 4401 in
1545 4334 1678 4400 Psalmo
1700 4333 1788 4419 (129,
1811 4334 1845 4423 6)
1868 4337 1997 4414 dieitur,
2027 4337 2212 4404 incredulos

205 4425 356 4490 homines
379 4422 473 4488 nobis
491 4421 704 4505 opitulantur,
727 4421 788 4488 hoo
806 4422 1000 4487 tantundem
1019 4420 1179 4500 valetne
1232 4441 1303 4487 esse
1319 4421 1441 4486 similes
1464 4421 1583 4500 herbis,
1607 4431 1973 4505 quaeoresonntsuper
1988 4432 2085 4490 teate.
2123 4423 2211 4490 Nam

204 4512 232 4577 si
255 4511 347 4576 Deus
364 4529 498 4574 manum
519 4507 612 4573 nobis
631 4509 814 4593 porrigeret
835 4530 853 4572 e
874 4507 972 4574 eoolo.
1008 4507 1078 4574 Gur
1101 4511 1180 4592 ergb
1232 4508 1314 4572 tales
1330 4507 1450 4573 barbae
1465 4509 1611 4574 eminent
1625 4506 1661 4571 in
1677 4508 1809 4573 sublimi
1825 4507 1910 4574 loeo:
1934 4509 2082 4575 tritioum
2101 4519 2211 4574 antem

205 4617 271 4660 nou
305 4593 565 4680 exspeotabimns
598 4595 639 4658 ab
672 4592 859 4660 hominibus
889 4593 1068 4674 auxilium,
1099 4614 1180 4677 quos
1233 4595 1378 4660 naseitnr
1410 4593 1444 4659 in
1486 4595 1574 4678 agris
1606 4594 1730 4678 planis,
1772 4595 1837 4659 imo
1874 4594 2018 4661 ealeatur
2054 4594 2209 4678 pedibus:

204 4680 299 4746 Deus
321 4682 416 4748 nobis
445 4680 588 4745 destinat
616 4681 781 4745 ministros
871 4679 935 4744 tiae
966 4681 1068 4748 suae?
1112 4679 1179 4746 Sed
1232 4680 1485 4746 herbaeautem
1509 4680 1671 4763 illaeque
1699 4680 1805 4764 magis
1835 4681 1980 4747 eminent
2008 4681 2105 4748 eitius
2137 4699 2210 4745 are·

203 4787 361 4852 magnum
389 4777 440 4832 est
468 4765 596 4849 pondus
625 4767 660 4830 iu
689 4765 779 4830 aerbo
852 4765 939 4832 endi:
967 4767 1043 4848 quia
1071 4765 1180 4832 lieobit
1231 4777 1336 4842 suunt,
1360 4771 1393 4830 et
1414 4766 1486 4831 sino
1513 4767 1621 4832 iraotu
1648 4775 1797 4849 pereunt
1843 4765 1899 4834 Sia
1921 4769 2020 4833 etiam
2048 4764 2209 4831 inereduli

203 4855 336 4938 quidem
359 4863 548 4937 exspectare
571 4853 610 4917 ab
641 4850 829 4916 bominibus
857 4851 942 4935 quod
971 4852 1037 4918 illis
1065 4851 1178 4918 datum
1232 4851 1273 4918 ad
1296 4861 1424 4934 tempus
1446 4850 1638 4935 gloriantur,
1668 4861 1703 4917 et
1724 4851 1887 4918 insultant
1908 4853 1985 4919 liliis
2007 4853 2080 4928 Dei,
2103 4852 2208 4936 despi-

203 4950 262 5020 est,
294 4939 351 5004 sed
385 4941 419 5003 in
452 4937 521 5006 solo
554 4937 626 5003 Deo
659 4938 862 5020 aequieseere
895 4959 954 5003 nos
980 4945 1116 5022 oportet,
1146 4946 1181 5003 et
1231 4938 1323 5006 aiunt
1344 4956 1401 5002 eos
1420 4957 1438 5000 e
1460 4936 1594 5003 sublimi
1623 4939 1710 5005 loeo:
1741 4940 1818 5022 quia
1846 4939 1907 5004 filii
1934 4939 1996 5004 Dei
2025 4945 2101 5003 sunt
2130 4937 2209 5004 sim·

204 5024 246 5091 ab
267 5025 338 5108 ipso
359 5025 470 5091 omnia
491 5031 560 5088 tam
589 5044 721 5108 sperare
743 5042 840 5106 quam
868 5026 1005 5106 probari.
1050 5023 1179 5090 lithos
1230 5024 1330 5108 plioes
1352 5033 1386 5087 et
1406 5021 1534 5104 abiecti,
1557 5025 1613 5090 sed
1636 5023 1907 5107 quemadmodum
1938 5046 1979 5088 ex
2009 5035 2119 5108 segete
2149 5046 2207 5091 na·

201 5121 316 5195 postea
337 5111 457 5177 elarius
480 5108 652 5178 videbitur.
697 5107 764 5177 Sed
787 5108 931 5174 breviter
952 5131 1039 5177 nune
1063 5118 1177 5176 notan·
1229 5112 1333 5177 suitur
1362 5108 1457 5175 nobis
1486 5109 1602 5194 rietus,
1631 5120 1665 5174 et
1693 5130 1787 5195 seges
1818 5110 1888 5193 ipsa
1918 5109 2131 5193 benedioitur,
2160 5113 2208 5177 ita

203 5199 283 5262 dum
306 5205 365 5274 est,
400 5216 500 5279 quum
531 5197 674 5278 petimus
702 5195 743 5260 ab
776 5194 962 5260 hominibus
993 5195 1078 5280 quod
1111 5195 1178 5262 illis
1229 5197 1328 5262 etiam
1351 5194 1446 5260 eleoti
1467 5196 1638 5278 proferunt
1660 5197 1787 5260 fruetus
1805 5215 1881 5260 suos
1900 5196 1933 5260 in
1957 5195 2012 5261 illo
2029 5194 2153 5262 abieoto
2174 5209 2208 5262 et

203 5283 316 5348 datum
340 5289 391 5348 est
412 5301 432 5344 a
453 5279 537 5366 Deo,
560 5281 644 5347 nihil
666 5279 795 5346 detrahi
817 5283 888 5346 eius
916 5284 1091 5363 potentiae,
1121 5282 1178 5364 qui
1230 5280 1467 5364 eontemptibili
1501 5292 1605 5347 statu:
1639 5281 1779 5364 improbi
1814 5291 1925 5346 autem
1958 5282 2016 5359 illi,
2050 5283 2104 5365 qui
2139 5291 2206 5347 tam

202 5368 296 5453 eligit
331 5387 412 5452 quos
446 5365 519 5433 vult
554 5368 729 5434 ministros.
787 5363 853 5432 Sed
888 5365 949 5431 hoe
982 5387 1093 5432 rarum
1127 5379 1177 5433 est
1230 5366 1397 5435 exeelsum
1436 5366 1545 5434 laeum
1586 5375 1763 5449 ooonpant,
1804 5379 2006 5434 evanesouut
2036 5371 2106 5434 sine
2139 5368 2207 5434 ullo
