<?xml version="1.0" encoding="UTF-8"?>
<!DOCTYPE html PUBLIC "-//W3C//DTD XHTML 1.0 Transitional//EN"
    "http://www.w3.org/TR/xhtml1/DTD/xhtml1-transitional.dtd">
<html xmlns="http://www.w3.org/1999/xhtml" xml:lang="en" lang="en">
 <head>
  <title>
</title>
<meta http-equiv="Content-Type" content="text/html;charset=utf-8" />
  <meta name='ocr-system' content='tesseract 3.04.00' />
  <meta name='ocr-capabilities' content='ocr_page ocr_carea ocr_par ocr_line ocrx_word'/>
</head>
<body>
  <div class='ocr_page' id='page_1' title='image "./corpusreformato14melagoog_0199.png"; bbox 0 0 5158 6124; ppageno 0'>
   <div class='ocr_carea' id='block_1_1' title="bbox 385 417 2367 498">
    <p class='ocr_par' dir='ltr' id='par_1_1' title="bbox 385 417 2367 498">
     <span class='ocr_line' id='line_1_1' title="bbox 385 417 2367 498; baseline 0.013 -26"><span class='ocrx_word' id='word_1_1' title='bbox 385 419 448 486; x_wconf 73' lang='grc'><strong>367</strong></span> <span class='ocrx_word' id='word_1_2' title='bbox 1190 417 1578 487; x_wconf 74' lang='lat' dir='ltr'><strong>Paauueuuloulae</strong></span> <span class='ocrx_word' id='word_1_3' title='bbox 2312 430 2367 498; x_wconf 84' lang='grc'><strong>368</strong></span> 
     </span>
    </p>
   </div>
   <div class='ocr_carea' id='block_1_2' title="bbox 385 605 2368 782">
    <p class='ocr_par' dir='ltr' id='par_1_2' title="bbox 385 605 2368 782">
     <span class='ocr_line' id='line_1_2' title="bbox 385 605 2367 698; baseline 0.002 -20"><span class='ocrx_word' id='word_1_4' title='bbox 385 608 544 696; x_wconf 80' lang='lat' dir='ltr'><strong>singulari</strong></span> <span class='ocrx_word' id='word_1_5' title='bbox 567 605 738 692; x_wconf 86' lang='lat' dir='ltr'><strong>privilegio</strong></span> <span class='ocrx_word' id='word_1_6' title='bbox 760 614 947 690; x_wconf 85' lang='lat' dir='ltr'><strong>exemptum</strong></span> <span class='ocrx_word' id='word_1_7' title='bbox 970 606 1013 672; x_wconf 93' lang='lat' dir='ltr'><strong>iri</strong></span> <span class='ocrx_word' id='word_1_8' title='bbox 1030 605 1071 672; x_wconf 88' lang='lat' dir='ltr'><strong>ab</strong></span> <span class='ocrx_word' id='word_1_9' title='bbox 1089 607 1180 672; x_wconf 93' lang='lat' dir='ltr'><strong>omni</strong></span> <span class='ocrx_word' id='word_1_10' title='bbox 1197 606 1360 674; x_wconf 86' lang='lat' dir='ltr'><strong>molestia:</strong></span> <span class='ocrx_word' id='word_1_11' title='bbox 1413 607 1483 691; x_wconf 90' lang='lat' dir='ltr'><strong>regi</strong></span> <span class='ocrx_word' id='word_1_12' title='bbox 1505 615 1540 674; x_wconf 92' lang='lat' dir='ltr'><strong>et</strong></span> <span class='ocrx_word' id='word_1_13' title='bbox 1560 607 1632 674; x_wconf 91' lang='lat' dir='ltr'><strong>eius</strong></span> <span class='ocrx_word' id='word_1_14' title='bbox 1653 609 1847 676; x_wconf 89' lang='lat' dir='ltr'><strong>consiliariis</strong></span> <span class='ocrx_word' id='word_1_15' title='bbox 1868 631 2049 695; x_wconf 88' lang='lat' dir='ltr'><strong>pauperum</strong></span> <span class='ocrx_word' id='word_1_16' title='bbox 2069 631 2192 690; x_wconf 88' lang='lat' dir='ltr'><strong>euram,</strong></span> <span class='ocrx_word' id='word_1_17' title='bbox 2220 621 2255 679; x_wconf 92' lang='lat' dir='ltr'><strong>nt</strong></span> <span class='ocrx_word' id='word_1_18' title='bbox 2279 619 2367 698; x_wconf 91' lang='lat' dir='ltr'><strong>repri-</strong></span> 
     </span>
     <span class='ocr_line' id='line_1_3' title="bbox 387 691 2368 782; baseline 0.002 -18"><span class='ocrx_word' id='word_1_19' title='bbox 387 697 541 782; x_wconf 87' lang='lat' dir='ltr'><strong>quoniam</strong></span> <span class='ocrx_word' id='word_1_20' title='bbox 556 693 648 760; x_wconf 93' lang='lat' dir='ltr'><strong>Deus</strong></span> <span class='ocrx_word' id='word_1_21' title='bbox 670 692 824 758; x_wconf 78' lang='lat' dir='ltr'><strong>familiam</strong></span> <span class='ocrx_word' id='word_1_22' title='bbox 842 693 932 758; x_wconf 86' lang='lat' dir='ltr'><strong>illam</strong></span> <span class='ocrx_word' id='word_1_23' title='bbox 947 691 1099 777; x_wconf 89' lang='lat' dir='ltr'><strong>elegerat,</strong></span> <span class='ocrx_word' id='word_1_24' title='bbox 1122 704 1155 758; x_wconf 88' lang='lat' dir='ltr'><strong>et</strong></span> <span class='ocrx_word' id='word_1_25' title='bbox 1169 694 1362 776; x_wconf 76' lang='lat' dir='ltr'>promiserat</span> <span class='ocrx_word' id='word_1_26' title='bbox 1412 702 1541 759; x_wconf 90' lang='lat' dir='ltr'><strong>merent</strong></span> <span class='ocrx_word' id='word_1_27' title='bbox 1563 695 1630 758; x_wconf 85' lang='lat' dir='ltr'><strong>vim</strong></span> <span class='ocrx_word' id='word_1_28' title='bbox 1653 703 1686 761; x_wconf 90' lang='lat' dir='ltr'><strong>et</strong></span> <span class='ocrx_word' id='word_1_29' title='bbox 1707 694 1878 764; x_wconf 86' lang='lat' dir='ltr'><strong>latrocinia</strong></span> <span class='ocrx_word' id='word_1_30' title='bbox 1899 707 1932 762; x_wconf 92' lang='lat' dir='ltr'><strong>et</strong></span> <span class='ocrx_word' id='word_1_31' title='bbox 1950 696 2089 764; x_wconf 90' lang='lat' dir='ltr'><strong>iniustas</strong></span> <span class='ocrx_word' id='word_1_32' title='bbox 2106 700 2243 780; x_wconf 85' lang='lat' dir='ltr'><strong>rapinas.</strong></span> <span class='ocrx_word' id='word_1_33' title='bbox 2274 700 2368 768; x_wconf 79' lang='lat' dir='ltr'><strong>Erant</strong></span> 
     </span>
    </p>
   </div>
   <div class='ocr_carea' id='block_1_3' title="bbox 388 778 2389 3706">
    <p class='ocr_par' dir='ltr' id='par_1_3' title="bbox 388 778 2389 3274">
     <span class='ocr_line' id='line_1_4' title="bbox 388 778 2367 869; baseline 0.001 -17"><span class='ocrx_word' id='word_1_34' title='bbox 388 783 504 852; x_wconf 89' lang='lat' dir='ltr'><strong>stabile</strong></span> <span class='ocrx_word' id='word_1_35' title='bbox 536 783 604 848; x_wconf 88' lang='lat' dir='ltr'><strong>lore</strong></span> <span class='ocrx_word' id='word_1_36' title='bbox 638 799 786 864; x_wconf 92' lang='lat' dir='ltr'><strong>regnum.</strong></span> <span class='ocrx_word' id='word_1_37' title='bbox 831 779 916 845; x_wconf 90' lang='lat' dir='ltr'><strong>Nam</strong></span> <span class='ocrx_word' id='word_1_38' title='bbox 945 781 992 845; x_wconf 93' lang='lat' dir='ltr'><strong>ita</strong></span> <span class='ocrx_word' id='word_1_39' title='bbox 1022 778 1211 862; x_wconf 70' lang='lat' dir='ltr'>hypocritae</span> <span class='ocrx_word' id='word_1_40' title='bbox 1233 800 1362 863; x_wconf 87' lang='lat' dir='ltr'><strong>semper</strong></span> <span class='ocrx_word' id='word_1_41' title='bbox 1412 778 1515 862; x_wconf 91' lang='lat' dir='ltr'><strong>igitur</strong></span> <span class='ocrx_word' id='word_1_42' title='bbox 1544 781 1637 862; x_wconf 89' lang='lat' dir='ltr'><strong>quasi</strong></span> <span class='ocrx_word' id='word_1_43' title='bbox 1664 781 1743 848; x_wconf 88' lang='lat' dir='ltr'><strong>socii</strong></span> <span class='ocrx_word' id='word_1_44' title='bbox 1764 782 1966 866; x_wconf 89' lang='lat' dir='ltr'><strong>praedonum</strong></span> <span class='ocrx_word' id='word_1_45' title='bbox 1989 783 2051 866; x_wconf 85' lang='lat' dir='ltr'><strong>ipsi</strong></span> <span class='ocrx_word' id='word_1_46' title='bbox 2074 783 2204 866; x_wconf 87' lang='lat' dir='ltr'><strong>iudices,</strong></span> <span class='ocrx_word' id='word_1_47' title='bbox 2231 788 2367 869; x_wconf 88' lang='lat' dir='ltr'><strong>quoniam</strong></span> 
     </span>
     <span class='ocr_line' id='line_1_5' title="bbox 388 863 2371 954; baseline 0.001 -17"><span class='ocrx_word' id='word_1_48' title='bbox 388 871 521 954; x_wconf 88' lang='lat' dir='ltr'><strong>rapiunt</strong></span> <span class='ocrx_word' id='word_1_49' title='bbox 542 868 577 932; x_wconf 91' lang='lat' dir='ltr'><strong>in</strong></span> <span class='ocrx_word' id='word_1_50' title='bbox 598 887 693 932; x_wconf 93' lang='lat' dir='ltr'><strong>suum</strong></span> <span class='ocrx_word' id='word_1_51' title='bbox 716 864 921 932; x_wconf 85' lang='lat' dir='ltr'><strong>commodum</strong></span> <span class='ocrx_word' id='word_1_52' title='bbox 948 863 1103 948; x_wconf 90' lang='lat' dir='ltr'><strong>quidquid</strong></span> <span class='ocrx_word' id='word_1_53' title='bbox 1127 864 1291 949; x_wconf 89' lang='lat' dir='ltr'><strong>pollicitus</strong></span> <span class='ocrx_word' id='word_1_54' title='bbox 1312 872 1363 932; x_wconf 89' lang='lat' dir='ltr'><strong>est</strong></span> <span class='ocrx_word' id='word_1_55' title='bbox 1412 865 1548 948; x_wconf 90' lang='lat' dir='ltr'><strong>impune</strong></span> <span class='ocrx_word' id='word_1_56' title='bbox 1571 866 1688 932; x_wconf 89' lang='lat' dir='ltr'><strong>licebat</strong></span> <span class='ocrx_word' id='word_1_57' title='bbox 1709 888 1824 952; x_wconf 91' lang='lat' dir='ltr'><strong>rapere</strong></span> <span class='ocrx_word' id='word_1_58' title='bbox 1846 878 1879 936; x_wconf 87' lang='lat' dir='ltr'><strong>et</strong></span> <span class='ocrx_word' id='word_1_59' title='bbox 1900 869 2060 952; x_wconf 88' lang='lat' dir='ltr'><strong>praedari,</strong></span> <span class='ocrx_word' id='word_1_60' title='bbox 2090 871 2146 935; x_wconf 94' lang='lat' dir='ltr'><strong>ubi</strong></span> <span class='ocrx_word' id='word_1_61' title='bbox 2167 870 2289 937; x_wconf 88' lang='lat' dir='ltr'><strong>nullum</strong></span> <span class='ocrx_word' id='word_1_62' title='bbox 2308 887 2371 940; x_wconf 88' lang='lat' dir='ltr'><strong>eret</strong></span> 
     </span>
     <span class='ocr_line' id='line_1_6' title="bbox 389 951 2370 1039; baseline 0.002 -17"><span class='ocrx_word' id='word_1_63' title='bbox 389 955 493 1024; x_wconf 90' lang='lat' dir='ltr'><strong>Deus:</strong></span> <span class='ocrx_word' id='word_1_64' title='bbox 518 955 643 1021; x_wconf 86' lang='lat' dir='ltr'><strong>interea</strong></span> <span class='ocrx_word' id='word_1_65' title='bbox 664 952 736 1018; x_wconf 90' lang='lat' dir='ltr'><strong>sine</strong></span> <span class='ocrx_word' id='word_1_66' title='bbox 757 951 821 1018; x_wconf 90' lang='lat' dir='ltr'><strong>fide</strong></span> <span class='ocrx_word' id='word_1_67' title='bbox 844 959 877 1016; x_wconf 90' lang='lat' dir='ltr'><strong>et</strong></span> <span class='ocrx_word' id='word_1_68' title='bbox 898 951 1100 1036; x_wconf 89' lang='lat' dir='ltr'><strong>poenitentia</strong></span> <span class='ocrx_word' id='word_1_69' title='bbox 1121 952 1246 1018; x_wconf 86' lang='lat' dir='ltr'><strong>iactent</strong></span> <span class='ocrx_word' id='word_1_70' title='bbox 1267 951 1361 1017; x_wconf 90' lang='lat' dir='ltr'><strong>illum</strong></span> <span class='ocrx_word' id='word_1_71' title='bbox 1413 951 1574 1017; x_wconf 88' lang='lat' dir='ltr'><strong>auxilium</strong></span> <span class='ocrx_word' id='word_1_72' title='bbox 1602 952 1638 1017; x_wconf 93' lang='lat' dir='ltr'><strong>in</strong></span> <span class='ocrx_word' id='word_1_73' title='bbox 1667 954 1748 1037; x_wconf 87' lang='lat' dir='ltr'><strong>ipsis</strong></span> <span class='ocrx_word' id='word_1_74' title='bbox 1771 954 1948 1031; x_wconf 90' lang='lat' dir='ltr'><strong>iudicibus,</strong></span> <span class='ocrx_word' id='word_1_75' title='bbox 1982 975 2082 1039; x_wconf 91' lang='lat' dir='ltr'><strong>quum</strong></span> <span class='ocrx_word' id='word_1_76' title='bbox 2104 956 2215 1022; x_wconf 89' lang='lat' dir='ltr'><strong>miseri</strong></span> <span class='ocrx_word' id='word_1_77' title='bbox 2236 956 2370 1026; x_wconf 90' lang='lat' dir='ltr'><strong>bominee</strong></span> 
     </span>
     <span class='ocr_line' id='line_1_7' title="bbox 388 1035 2371 1121; baseline -0.001 -10"><span class='ocrx_word' id='word_1_78' title='bbox 388 1045 450 1112; x_wconf 91' lang='lat' dir='ltr'><strong>sibi</strong></span> <span class='ocrx_word' id='word_1_79' title='bbox 483 1061 555 1108; x_wconf 87' lang='lat' dir='ltr'><strong>esse</strong></span> <span class='ocrx_word' id='word_1_80' title='bbox 582 1040 783 1106; x_wconf 87' lang='lat' dir='ltr'><strong>obstrictum.</strong></span> <span class='ocrx_word' id='word_1_81' title='bbox 826 1035 916 1104; x_wconf 71' lang='lat' dir='ltr'><strong>Telis</strong></span> <span class='ocrx_word' id='word_1_82' title='bbox 948 1038 1050 1121; x_wconf 88' lang='lat' dir='ltr'><strong>igitur</strong></span> <span class='ocrx_word' id='word_1_83' title='bbox 1071 1037 1134 1102; x_wconf 83' lang='lat' dir='ltr'><strong>luit</strong></span> <span class='ocrx_word' id='word_1_84' title='bbox 1155 1037 1307 1121; x_wconf 85' lang='lat' dir='ltr'><strong>superbie</strong></span> <span class='ocrx_word' id='word_1_85' title='bbox 1328 1039 1363 1104; x_wconf 91' lang='lat' dir='ltr'><strong>in</strong></span> <span class='ocrx_word' id='word_1_86' title='bbox 1413 1039 1461 1102; x_wconf 89' lang='lat' dir='ltr'><strong>ita</strong></span> <span class='ocrx_word' id='word_1_87' title='bbox 1493 1039 1640 1121; x_wconf 89' lang='lat' dir='ltr'><strong>improbe</strong></span> <span class='ocrx_word' id='word_1_88' title='bbox 1669 1050 1880 1107; x_wconf 79' lang='lat' dir='ltr'><strong>vexarentur.</strong></span> <span class='ocrx_word' id='word_1_89' title='bbox 1933 1041 2002 1108; x_wconf 88' lang='lat' dir='ltr'><strong>Nec</strong></span> <span class='ocrx_word' id='word_1_90' title='bbox 2031 1051 2143 1106; x_wconf 91' lang='lat' dir='ltr'><strong>tamen</strong></span> <span class='ocrx_word' id='word_1_91' title='bbox 2173 1040 2300 1108; x_wconf 89' lang='lat' dir='ltr'><strong>dubium</strong></span> <span class='ocrx_word' id='word_1_92' title='bbox 2327 1057 2371 1110; x_wconf 90' lang='lat' dir='ltr'><strong>eet</strong></span> 
     </span>
     <span class='ocr_line' id='line_1_8' title="bbox 389 1122 2370 1215; baseline 0 -19"><span class='ocrx_word' id='word_1_93' title='bbox 389 1151 466 1215; x_wconf 87' lang='lat' dir='ltr'><strong>rege</strong></span> <span class='ocrx_word' id='word_1_94' title='bbox 496 1135 529 1194; x_wconf 89' lang='lat' dir='ltr'><strong>et</strong></span> <span class='ocrx_word' id='word_1_95' title='bbox 561 1126 631 1192; x_wconf 89' lang='lat' dir='ltr'><strong>eius</strong></span> <span class='ocrx_word' id='word_1_96' title='bbox 663 1124 864 1192; x_wconf 87' lang='lat' dir='ltr'><strong>consiliariis.</strong></span> <span class='ocrx_word' id='word_1_97' title='bbox 908 1123 994 1189; x_wconf 91' lang='lat' dir='ltr'><strong>Nam</strong></span> <span class='ocrx_word' id='word_1_98' title='bbox 1027 1123 1200 1206; x_wconf 88' lang='lat' dir='ltr'><strong>quierant</strong></span> <span class='ocrx_word' id='word_1_99' title='bbox 1222 1122 1362 1190; x_wconf 88' lang='lat' dir='ltr'><strong>Devidis</strong></span> <span class='ocrx_word' id='word_1_100' title='bbox 1413 1123 1492 1207; x_wconf 90' lang='lat' dir='ltr'><strong>quin</strong></span> <span class='ocrx_word' id='word_1_101' title='bbox 1514 1122 1609 1190; x_wconf 90' lang='lat' dir='ltr'><strong>Deus</strong></span> <span class='ocrx_word' id='word_1_102' title='bbox 1639 1124 1779 1193; x_wconf 85' lang='lat' dir='ltr'><strong>voluerit</strong></span> <span class='ocrx_word' id='word_1_103' title='bbox 1806 1127 2000 1211; x_wconf 87' lang='lat' dir='ltr'><strong>simpliciter</strong></span> <span class='ocrx_word' id='word_1_104' title='bbox 2029 1139 2062 1192; x_wconf 91' lang='lat' dir='ltr'><strong>et</strong></span> <span class='ocrx_word' id='word_1_105' title='bbox 2090 1129 2210 1212; x_wconf 88' lang='lat' dir='ltr'><strong>absque</strong></span> <span class='ocrx_word' id='word_1_106' title='bbox 2238 1127 2301 1194; x_wconf 91' lang='lat' dir='ltr'><strong>ulla</strong></span> <span class='ocrx_word' id='word_1_107' title='bbox 2320 1153 2370 1196; x_wconf 83' lang='lat' dir='ltr'><strong>ex·</strong></span> 
     </span>
     <span class='ocr_line' id='line_1_9' title="bbox 389 1209 2372 1302; baseline -0.001 -20"><span class='ocrx_word' id='word_1_108' title='bbox 389 1216 513 1302; x_wconf 82' lang='lat' dir='ltr'><strong>posteri</strong></span> <span class='ocrx_word' id='word_1_109' title='bbox 545 1233 611 1277; x_wconf 95' lang='lat' dir='ltr'><strong>non</strong></span> <span class='ocrx_word' id='word_1_110' title='bbox 645 1211 837 1276; x_wconf 79' lang='lat' dir='ltr'><strong>dubitabant</strong></span> <span class='ocrx_word' id='word_1_111' title='bbox 865 1232 900 1276; x_wconf 92' lang='lat' dir='ltr'><strong>ee</strong></span> <span class='ocrx_word' id='word_1_112' title='bbox 930 1223 1118 1293; x_wconf 88' lang='lat' dir='ltr'><strong>segregatos</strong></span> <span class='ocrx_word' id='word_1_113' title='bbox 1141 1231 1211 1275; x_wconf 87' lang='lat' dir='ltr'><strong>esse</strong></span> <span class='ocrx_word' id='word_1_114' title='bbox 1233 1231 1253 1274; x_wconf 88' lang='lat' dir='ltr'><strong>a</strong></span> <span class='ocrx_word' id='word_1_115' title='bbox 1275 1231 1362 1275; x_wconf 88' lang='lat' dir='ltr'><strong>com·</strong></span> <span class='ocrx_word' id='word_1_116' title='bbox 1413 1209 1563 1293; x_wconf 80' lang='lat' dir='ltr'><strong>ceptione</strong></span> <span class='ocrx_word' id='word_1_117' title='bbox 1595 1220 1766 1294; x_wconf 87' lang='lat' dir='ltr'><strong>praestare</strong></span> <span class='ocrx_word' id='word_1_118' title='bbox 1798 1234 1896 1280; x_wconf 90' lang='lat' dir='ltr'><strong>suum</strong></span> <span class='ocrx_word' id='word_1_119' title='bbox 1927 1213 2071 1280; x_wconf 79' lang='lat' dir='ltr'><strong>officium</strong></span> <span class='ocrx_word' id='word_1_120' title='bbox 2101 1234 2181 1297; x_wconf 87' lang='lat' dir='ltr'><strong>erga</strong></span> <span class='ocrx_word' id='word_1_121' title='bbox 2208 1213 2319 1281; x_wconf 83' lang='lat' dir='ltr'><strong>divitae</strong></span> <span class='ocrx_word' id='word_1_122' title='bbox 2343 1226 2372 1280; x_wconf 91' lang='lat' dir='ltr'><strong>et</strong></span> 
     </span>
     <span class='ocr_line' id='line_1_10' title="bbox 389 1295 2373 1382; baseline -0.001 -14"><span class='ocrx_word' id='word_1_123' title='bbox 389 1303 480 1368; x_wconf 91' lang='lat' dir='ltr'><strong>muni</strong></span> <span class='ocrx_word' id='word_1_124' title='bbox 504 1310 599 1375; x_wconf 89' lang='lat' dir='ltr'><strong>sorte,</strong></span> <span class='ocrx_word' id='word_1_125' title='bbox 623 1308 655 1364; x_wconf 94' lang='lat' dir='ltr'><strong>et</strong></span> <span class='ocrx_word' id='word_1_126' title='bbox 676 1297 768 1380; x_wconf 89' lang='lat' dir='ltr'><strong>quasi</strong></span> <span class='ocrx_word' id='word_1_127' title='bbox 789 1317 860 1362; x_wconf 90' lang='lat' dir='ltr'><strong>esse</strong></span> <span class='ocrx_word' id='word_1_128' title='bbox 882 1304 1101 1361; x_wconf 89' lang='lat' dir='ltr'><strong>sacrosanctos</strong></span> <span class='ocrx_word' id='word_1_129' title='bbox 1119 1305 1156 1360; x_wconf 97' lang='grc' dir='ltr'><strong>ιιι</strong></span> <span class='ocrx_word' id='word_1_130' title='bbox 1173 1295 1360 1379; x_wconf 86' lang='lat' dir='ltr'><strong>loquuntur.</strong></span> <span class='ocrx_word' id='word_1_131' title='bbox 1413 1316 1582 1379; x_wconf 91' lang='lat' dir='ltr'><strong>pauperes.</strong></span> <span class='ocrx_word' id='word_1_132' title='bbox 1627 1295 1695 1364; x_wconf 86' lang='lat' dir='ltr'><strong>Sed</strong></span> <span class='ocrx_word' id='word_1_133' title='bbox 1724 1300 1879 1382; x_wconf 87' lang='lat' dir='ltr'><strong>quoniam</strong></span> <span class='ocrx_word' id='word_1_134' title='bbox 1908 1307 1946 1364; x_wconf 93' lang='lat' dir='ltr'><strong>ut</strong></span> <span class='ocrx_word' id='word_1_135' title='bbox 1971 1298 2150 1381; x_wconf 90' lang='lat' dir='ltr'><strong>plurimum</strong></span> <span class='ocrx_word' id='word_1_136' title='bbox 2172 1300 2325 1366; x_wconf 90' lang='lat' dir='ltr'><strong>iniustitia</strong></span> <span class='ocrx_word' id='word_1_137' title='bbox 2342 1303 2373 1366; x_wconf 93' lang='lat' dir='ltr'><strong>in</strong></span> 
     </span>
     <span class='ocr_line' id='line_1_11' title="bbox 390 1380 2373 1472; baseline -0.001 -17"><span class='ocrx_word' id='word_1_138' title='bbox 390 1387 558 1472; x_wconf 85' lang='lat' dir='ltr'><strong>Propheta</strong></span> <span class='ocrx_word' id='word_1_139' title='bbox 593 1385 693 1469; x_wconf 87' lang='lat' dir='ltr'><strong>igitur</strong></span> <span class='ocrx_word' id='word_1_140' title='bbox 729 1382 940 1465; x_wconf 76' lang='lat' dir='ltr'><strong>contemptim</strong></span> <span class='ocrx_word' id='word_1_141' title='bbox 973 1381 1064 1457; x_wconf 90' lang='lat' dir='ltr'><strong>dicit,</strong></span> <span class='ocrx_word' id='word_1_142' title='bbox 1102 1383 1211 1448; x_wconf 79' lang='grc' dir='ltr'>ἀοιιιιιε</span> <span class='ocrx_word' id='word_1_143' title='bbox 1242 1380 1362 1464; x_wconf 80' lang='lat' dir='ltr'><strong>Dauid,</strong></span> <span class='ocrx_word' id='word_1_144' title='bbox 1413 1381 1476 1447; x_wconf 90' lang='lat' dir='ltr'><strong>hae</strong></span> <span class='ocrx_word' id='word_1_145' title='bbox 1497 1392 1591 1464; x_wconf 89' lang='lat' dir='ltr'><strong>parte</strong></span> <span class='ocrx_word' id='word_1_146' title='bbox 1612 1385 1821 1467; x_wconf 87' lang='lat' dir='ltr'><strong>conspicitur,</strong></span> <span class='ocrx_word' id='word_1_147' title='bbox 1844 1385 1925 1452; x_wconf 87' lang='lat' dir='ltr'><strong>haee</strong></span> <span class='ocrx_word' id='word_1_148' title='bbox 1946 1386 2031 1451; x_wconf 90' lang='lat' dir='ltr'><strong>ratio</strong></span> <span class='ocrx_word' id='word_1_149' title='bbox 2053 1394 2102 1452; x_wconf 89' lang='lat' dir='ltr'><strong>est</strong></span> <span class='ocrx_word' id='word_1_150' title='bbox 2123 1407 2181 1451; x_wconf 88' lang='lat' dir='ltr'><strong>cur</strong></span> <span class='ocrx_word' id='word_1_151' title='bbox 2198 1407 2255 1469; x_wconf 93' lang='lat' dir='ltr'><strong>per</strong></span> <span class='ocrx_word' id='word_1_152' title='bbox 2271 1407 2373 1470; x_wconf 81' lang='lat' dir='ltr'><strong>synec-</strong></span> 
     </span>
     <span class='ocr_line' id='line_1_12' title="bbox 391 1465 2374 1553; baseline -0.002 -12"><span class='ocrx_word' id='word_1_153' title='bbox 391 1476 453 1540; x_wconf 91' lang='lat' dir='ltr'><strong>hoc</strong></span> <span class='ocrx_word' id='word_1_154' title='bbox 476 1483 533 1549; x_wconf 92' lang='lat' dir='ltr'><strong>est,</strong></span> <span class='ocrx_word' id='word_1_155' title='bbox 556 1473 620 1537; x_wconf 91' lang='lat' dir='ltr'><strong>iam</strong></span> <span class='ocrx_word' id='word_1_156' title='bbox 643 1477 771 1535; x_wconf 89' lang='lat' dir='ltr'><strong>cessent</strong></span> <span class='ocrx_word' id='word_1_157' title='bbox 788 1469 870 1534; x_wconf 92' lang='lat' dir='ltr'><strong>istae</strong></span> <span class='ocrx_word' id='word_1_158' title='bbox 885 1469 1000 1534; x_wconf 89' lang='lat' dir='ltr'><strong>inanes</strong></span> <span class='ocrx_word' id='word_1_159' title='bbox 1015 1465 1235 1552; x_wconf 82' lang='lat' dir='ltr'><strong>gloriationes.</strong></span> <span class='ocrx_word' id='word_1_160' title='bbox 1269 1467 1362 1533; x_wconf 89' lang='lat' dir='ltr'><strong>Deus</strong></span> <span class='ocrx_word' id='word_1_161' title='bbox 1413 1467 1551 1534; x_wconf 87' lang='lat' dir='ltr'><strong>denhem</strong></span> <span class='ocrx_word' id='word_1_162' title='bbox 1590 1479 1733 1552; x_wconf 88' lang='lat' dir='ltr'><strong>ponatur</strong></span> <span class='ocrx_word' id='word_1_163' title='bbox 1772 1470 1934 1537; x_wconf 86' lang='lat' dir='ltr'><strong>duntaxat</strong></span> <span class='ocrx_word' id='word_1_164' title='bbox 1974 1492 2040 1536; x_wconf 93' lang='lat' dir='ltr'><strong>una</strong></span> <span class='ocrx_word' id='word_1_165' title='bbox 2078 1471 2210 1553; x_wconf 85' lang='lat' dir='ltr'><strong>speeies.</strong></span> <span class='ocrx_word' id='word_1_166' title='bbox 2267 1471 2374 1538; x_wconf 87' lang='lat' dir='ltr'><strong>Poetae</strong></span> 
     </span>
     <span class='ocr_line' id='line_1_13' title="bbox 390 1553 2375 1642; baseline -0.003 -14"><span class='ocrx_word' id='word_1_167' title='bbox 390 1562 480 1628; x_wconf 88' lang='lat' dir='ltr'><strong>enim</strong></span> <span class='ocrx_word' id='word_1_168' title='bbox 502 1558 594 1624; x_wconf 86' lang='lat' dir='ltr'><strong>vobis</strong></span> <span class='ocrx_word' id='word_1_169' title='bbox 616 1575 681 1622; x_wconf 92' lang='lat' dir='ltr'><strong>non</strong></span> <span class='ocrx_word' id='word_1_170' title='bbox 703 1565 824 1638; x_wconf 90' lang='lat' dir='ltr'><strong>parcet,</strong></span> <span class='ocrx_word' id='word_1_171' title='bbox 846 1555 996 1638; x_wconf 86' lang='lat' dir='ltr'><strong>quemvis</strong></span> <span class='ocrx_word' id='word_1_172' title='bbox 1018 1555 1141 1621; x_wconf 90' lang='lat' dir='ltr'><strong>centies</strong></span> <span class='ocrx_word' id='word_1_173' title='bbox 1163 1555 1287 1620; x_wconf 83' lang='lat' dir='ltr'><strong>iactatis</strong></span> <span class='ocrx_word' id='word_1_174' title='bbox 1306 1574 1362 1619; x_wconf 89' lang='lat' dir='ltr'><strong>voe</strong></span> <span class='ocrx_word' id='word_1_175' title='bbox 1414 1553 1514 1632; x_wconf 89' lang='lat' dir='ltr'><strong>addit,</strong></span> <span class='ocrx_word' id='word_1_176' title='bbox 1543 1553 1594 1620; x_wconf 84' lang='lat' dir='ltr'><strong>Ne</strong></span> <span class='ocrx_word' id='word_1_177' title='bbox 1618 1557 1800 1639; x_wconf 80' lang='lat' dir='ltr'><strong>eqrediotcr</strong></span> <span class='ocrx_word' id='word_1_178' title='bbox 1827 1558 2002 1642; x_wconf 83' lang='lat' dir='ltr'><strong>iodiqootic</strong></span> <span class='ocrx_word' id='word_1_179' title='bbox 2023 1577 2104 1637; x_wconf 84' lang='lat' dir='ltr'><strong>mco,</strong></span> <span class='ocrx_word' id='word_1_180' title='bbox 2133 1561 2281 1641; x_wconf 76' lang='lat' dir='ltr'><strong>tuaquom</strong></span> <span class='ocrx_word' id='word_1_181' title='bbox 2301 1559 2375 1642; x_wconf 80' lang='lat' dir='ltr'><strong>iqoir</strong></span> 
     </span>
     <span class='ocr_line' id='line_1_14' title="bbox 390 1640 2374 1727; baseline -0.004 -13"><span class='ocrx_word' id='word_1_182' title='bbox 390 1669 462 1716; x_wconf 89' lang='lat' dir='ltr'><strong>esse</strong></span> <span class='ocrx_word' id='word_1_183' title='bbox 495 1642 633 1712; x_wconf 87' lang='lat' dir='ltr'><strong>Davidis</strong></span> <span class='ocrx_word' id='word_1_184' title='bbox 672 1652 827 1725; x_wconf 90' lang='lat' dir='ltr'><strong>posteros.</strong></span> <span class='ocrx_word' id='word_1_185' title='bbox 884 1641 928 1705; x_wconf 83' lang='lat' dir='ltr'><strong>Et</strong></span> <span class='ocrx_word' id='word_1_186' title='bbox 959 1640 1057 1706; x_wconf 92' lang='lat' dir='ltr'><strong>simul</strong></span> <span class='ocrx_word' id='word_1_187' title='bbox 1090 1641 1266 1723; x_wconf 86' lang='lat' dir='ltr'><strong>exprobrat</strong></span> <span class='ocrx_word' id='word_1_188' title='bbox 1297 1641 1364 1705; x_wconf 88' lang='lat' dir='ltr'><strong>iam</strong></span> <span class='ocrx_word' id='word_1_189' title='bbox 1414 1640 1532 1724; x_wconf 82' lang='lat' dir='ltr'><strong>ardeat,</strong></span> <span class='ocrx_word' id='word_1_190' title='bbox 1563 1646 1593 1706; x_wconf 84' lang='lat' dir='ltr'><strong>et</strong></span> <span class='ocrx_word' id='word_1_191' title='bbox 1620 1661 1682 1707; x_wconf 84' lang='lat' dir='ltr'><strong>noo</strong></span> <span class='ocrx_word' id='word_1_192' title='bbox 1709 1643 1753 1708; x_wconf 79' lang='lat' dir='ltr'><strong>eit</strong></span> <span class='ocrx_word' id='word_1_193' title='bbox 1780 1644 1991 1727; x_wconf 78' lang='lat' dir='ltr'><strong>eoetiaqccas.</strong></span> <span class='ocrx_word' id='word_1_194' title='bbox 2034 1643 2101 1710; x_wconf 90' lang='lat' dir='ltr'><strong>Hie</strong></span> <span class='ocrx_word' id='word_1_195' title='bbox 2130 1643 2289 1727; x_wconf 87' lang='lat' dir='ltr'><strong>significat</strong></span> <span class='ocrx_word' id='word_1_196' title='bbox 2313 1664 2374 1726; x_wconf 89' lang='lat' dir='ltr'><strong>pro-</strong></span> 
     </span>
     <span class='ocr_line' id='line_1_15' title="bbox 392 1725 2375 1819; baseline -0.004 -20"><span class='ocrx_word' id='word_1_197' title='bbox 392 1752 527 1819; x_wconf 90' lang='lat' dir='ltr'><strong>prorsns</strong></span> <span class='ocrx_word' id='word_1_198' title='bbox 555 1750 626 1796; x_wconf 91' lang='lat' dir='ltr'><strong>esse</strong></span> <span class='ocrx_word' id='word_1_199' title='bbox 648 1728 825 1812; x_wconf 85' lang='lat' dir='ltr'><strong>degeneres</strong></span> <span class='ocrx_word' id='word_1_200' title='bbox 848 1727 924 1810; x_wconf 90' lang='lat' dir='ltr'><strong>quia</strong></span> <span class='ocrx_word' id='word_1_201' title='bbox 946 1727 1038 1792; x_wconf 93' lang='lat' dir='ltr'><strong>Deus</strong></span> <span class='ocrx_word' id='word_1_202' title='bbox 1060 1728 1230 1810; x_wconf 79' lang='lat' dir='ltr'><strong>pepigerat</strong></span> <span class='ocrx_word' id='word_1_203' title='bbox 1250 1725 1364 1791; x_wconf 79' lang='lat' dir='ltr'><strong>foedus</strong></span> <span class='ocrx_word' id='word_1_204' title='bbox 1415 1725 1529 1810; x_wconf 91' lang='lat' dir='ltr'><strong>pheta,</strong></span> <span class='ocrx_word' id='word_1_205' title='bbox 1564 1727 1627 1792; x_wconf 88' lang='lat' dir='ltr'><strong>nisi</strong></span> <span class='ocrx_word' id='word_1_206' title='bbox 1660 1729 1695 1793; x_wconf 90' lang='lat' dir='ltr'><strong>in</strong></span> <span class='ocrx_word' id='word_1_207' title='bbox 1724 1737 1871 1812; x_wconf 90' lang='lat' dir='ltr'><strong>tempore</strong></span> <span class='ocrx_word' id='word_1_208' title='bbox 1900 1739 1934 1795; x_wconf 92' lang='lat' dir='ltr'><strong>et</strong></span> <span class='ocrx_word' id='word_1_209' title='bbox 1963 1750 2022 1795; x_wconf 88' lang='lat' dir='ltr'><strong>rex</strong></span> <span class='ocrx_word' id='word_1_210' title='bbox 2051 1739 2084 1794; x_wconf 90' lang='lat' dir='ltr'><strong>et</strong></span> <span class='ocrx_word' id='word_1_211' title='bbox 2113 1729 2184 1794; x_wconf 89' lang='lat' dir='ltr'><strong>eius</strong></span> <span class='ocrx_word' id='word_1_212' title='bbox 2213 1727 2375 1796; x_wconf 86' lang='lat' dir='ltr'><strong>consiliarii</strong></span> 
     </span>
     <span class='ocr_line' id='line_1_16' title="bbox 389 1812 2376 1899; baseline -0.004 -13"><span class='ocrx_word' id='word_1_213' title='bbox 389 1841 464 1887; x_wconf 92' lang='lat' dir='ltr'><strong>cum</strong></span> <span class='ocrx_word' id='word_1_214' title='bbox 502 1815 644 1893; x_wconf 80' lang='lat' dir='ltr'><strong>Doride,</strong></span> <span class='ocrx_word' id='word_1_215' title='bbox 684 1815 746 1878; x_wconf 89' lang='lat' dir='ltr'><strong>hae</strong></span> <span class='ocrx_word' id='word_1_216' title='bbox 784 1813 857 1897; x_wconf 90' lang='lat' dir='ltr'><strong>lege</strong></span> <span class='ocrx_word' id='word_1_217' title='bbox 896 1821 933 1877; x_wconf 93' lang='lat' dir='ltr'><strong>ut</strong></span> <span class='ocrx_word' id='word_1_218' title='bbox 973 1834 1053 1894; x_wconf 90' lang='lat' dir='ltr'><strong>pure</strong></span> <span class='ocrx_word' id='word_1_219' title='bbox 1090 1814 1197 1895; x_wconf 89' lang='lat' dir='ltr'><strong>ipsum</strong></span> <span class='ocrx_word' id='word_1_220' title='bbox 1233 1812 1363 1880; x_wconf 86' lang='lat' dir='ltr'><strong>coleret</strong></span> <span class='ocrx_word' id='word_1_221' title='bbox 1415 1813 1617 1894; x_wconf 85' lang='lat' dir='ltr'><strong>resipiscant,</strong></span> <span class='ocrx_word' id='word_1_222' title='bbox 1640 1821 1749 1880; x_wconf 91' lang='lat' dir='ltr'><strong>aetum</strong></span> <span class='ocrx_word' id='word_1_223' title='bbox 1772 1813 1913 1898; x_wconf 87' lang='lat' dir='ltr'><strong>deipsis</strong></span> <span class='ocrx_word' id='word_1_224' title='bbox 1936 1814 2014 1881; x_wconf 83' lang='lat' dir='ltr'><strong>lore.</strong></span> <span class='ocrx_word' id='word_1_225' title='bbox 2049 1815 2138 1899; x_wconf 78' lang='lat' dir='ltr'><strong>Ergo</strong></span> <span class='ocrx_word' id='word_1_226' title='bbox 2160 1812 2270 1880; x_wconf 90' lang='lat' dir='ltr'><strong>subest</strong></span> <span class='ocrx_word' id='word_1_227' title='bbox 2286 1813 2376 1880; x_wconf 72' lang='lat' dir='ltr'><strong>meite</strong></span> 
     </span>
     <span class='ocr_line' id='line_1_17' title="bbox 390 1897 2377 1983; baseline -0.005 -10"><span class='ocrx_word' id='word_1_228' title='bbox 390 1904 520 1974; x_wconf 82' lang='lat' dir='ltr'><strong>Posteri</strong></span> <span class='ocrx_word' id='word_1_229' title='bbox 542 1913 651 1969; x_wconf 88' lang='lat' dir='ltr'><strong>autem</strong></span> <span class='ocrx_word' id='word_1_230' title='bbox 670 1901 741 1966; x_wconf 90' lang='lat' dir='ltr'><strong>eius</strong></span> <span class='ocrx_word' id='word_1_231' title='bbox 762 1907 856 1965; x_wconf 90' lang='lat' dir='ltr'><strong>erant</strong></span> <span class='ocrx_word' id='word_1_232' title='bbox 876 1898 993 1982; x_wconf 90' lang='lat' dir='ltr'><strong>perfidi</strong></span> <span class='ocrx_word' id='word_1_233' title='bbox 1011 1905 1045 1964; x_wconf 85' lang='lat' dir='ltr'><strong>et</strong></span> <span class='ocrx_word' id='word_1_234' title='bbox 1062 1908 1235 1983; x_wconf 88' lang='lat' dir='ltr'><strong>apostatae.</strong></span> <span class='ocrx_word' id='word_1_235' title='bbox 1273 1899 1364 1982; x_wconf 86' lang='lat' dir='ltr'><strong>Ergo</strong></span> <span class='ocrx_word' id='word_1_236' title='bbox 1416 1897 1589 1965; x_wconf 87' lang='lat' dir='ltr'><strong>antithesis</strong></span> <span class='ocrx_word' id='word_1_237' title='bbox 1619 1899 1708 1965; x_wconf 93' lang='lat' dir='ltr'><strong>inter</strong></span> <span class='ocrx_word' id='word_1_238' title='bbox 1740 1900 1831 1966; x_wconf 88' lang='lat' dir='ltr'><strong>illem</strong></span> <span class='ocrx_word' id='word_1_239' title='bbox 1863 1902 2095 1967; x_wconf 88' lang='lat' dir='ltr'><strong>correctionem</strong></span> <span class='ocrx_word' id='word_1_240' title='bbox 2126 1911 2309 1983; x_wconf 89' lang='lat' dir='ltr'><strong>paternam,</strong></span> <span class='ocrx_word' id='word_1_241' title='bbox 2343 1899 2377 1964; x_wconf 88' lang='lat' dir='ltr'><strong>de</strong></span> 
     </span>
     <span class='ocr_line' id='line_1_18' title="bbox 392 1981 2377 2078; baseline -0.005 -20"><span class='ocrx_word' id='word_1_242' title='bbox 392 1990 553 2078; x_wconf 86' lang='lat' dir='ltr'><strong>propheta</strong></span> <span class='ocrx_word' id='word_1_243' title='bbox 585 1987 694 2053; x_wconf 89' lang='lat' dir='ltr'><strong>obiicit</strong></span> <span class='ocrx_word' id='word_1_244' title='bbox 715 1985 780 2051; x_wconf 93' lang='lat' dir='ltr'><strong>illis</strong></span> <span class='ocrx_word' id='word_1_245' title='bbox 803 2006 922 2051; x_wconf 85' lang='lat' dir='ltr'><strong>nomen</strong></span> <span class='ocrx_word' id='word_1_246' title='bbox 943 1981 1083 2051; x_wconf 83' lang='lat' dir='ltr'><strong>Davidis</strong></span> <span class='ocrx_word' id='word_1_247' title='bbox 1105 1986 1139 2050; x_wconf 95' lang='lat' dir='ltr'><strong>in</strong></span> <span class='ocrx_word' id='word_1_248' title='bbox 1162 1985 1267 2050; x_wconf 90' lang='lat' dir='ltr'><strong>maius</strong></span> <span class='ocrx_word' id='word_1_249' title='bbox 1289 2006 1364 2068; x_wconf 94' lang='lat' dir='ltr'><strong>pro·</strong></span> <span class='ocrx_word' id='word_1_250' title='bbox 1415 2004 1480 2067; x_wconf 84' lang='lat' dir='ltr'><strong>que</strong></span> <span class='ocrx_word' id='word_1_251' title='bbox 1508 1983 1662 2069; x_wconf 91' lang='lat' dir='ltr'><strong>loquutus</strong></span> <span class='ocrx_word' id='word_1_252' title='bbox 1690 2006 1775 2069; x_wconf 86' lang='lat' dir='ltr'><strong>eum,</strong></span> <span class='ocrx_word' id='word_1_253' title='bbox 1804 1996 1838 2051; x_wconf 97' lang='lat' dir='ltr'><strong>et</strong></span> <span class='ocrx_word' id='word_1_254' title='bbox 1864 1989 1953 2053; x_wconf 92' lang='lat' dir='ltr'><strong>inter</strong></span> <span class='ocrx_word' id='word_1_255' title='bbox 1981 1987 2073 2052; x_wconf 92' lang='lat' dir='ltr'><strong>illum</strong></span> <span class='ocrx_word' id='word_1_256' title='bbox 2096 1987 2233 2067; x_wconf 87' lang='lat' dir='ltr'><strong>exitum,</strong></span> <span class='ocrx_word' id='word_1_257' title='bbox 2260 1986 2299 2052; x_wconf 89' lang='lat' dir='ltr'><strong>de</strong></span> <span class='ocrx_word' id='word_1_258' title='bbox 2320 2005 2377 2068; x_wconf 91' lang='lat' dir='ltr'><strong>quc</strong></span> 
     </span>
     <span class='ocr_line' id='line_1_19' title="bbox 392 2071 2380 2159; baseline -0.005 -13"><span class='ocrx_word' id='word_1_259' title='bbox 392 2079 498 2154; x_wconf 83' lang='lat' dir='ltr'><strong>brom,</strong></span> <span class='ocrx_word' id='word_1_260' title='bbox 521 2075 608 2159; x_wconf 90' lang='lat' dir='ltr'><strong>quod</strong></span> <span class='ocrx_word' id='word_1_261' title='bbox 630 2081 739 2138; x_wconf 87' lang='lat' dir='ltr'><strong>essent</strong></span> <span class='ocrx_word' id='word_1_262' title='bbox 761 2081 827 2136; x_wconf 90' lang='lat' dir='ltr'><strong>tam</strong></span> <span class='ocrx_word' id='word_1_263' title='bbox 850 2071 1024 2138; x_wconf 85' lang='lat' dir='ltr'><strong>dissimiles</strong></span> <span class='ocrx_word' id='word_1_264' title='bbox 1042 2071 1128 2152; x_wconf 88' lang='lat' dir='ltr'><strong>patri</strong></span> <span class='ocrx_word' id='word_1_265' title='bbox 1146 2092 1214 2148; x_wconf 90' lang='lat' dir='ltr'><strong>suo,</strong></span> <span class='ocrx_word' id='word_1_266' title='bbox 1237 2072 1365 2136; x_wconf 87' lang='lat' dir='ltr'><strong>eonius</strong></span> <span class='ocrx_word' id='word_1_267' title='bbox 1415 2092 1504 2137; x_wconf 93' lang='lat' dir='ltr'><strong>nunc</strong></span> <span class='ocrx_word' id='word_1_268' title='bbox 1517 2071 1678 2154; x_wconf 90' lang='lat' dir='ltr'><strong>propheta</strong></span> <span class='ocrx_word' id='word_1_269' title='bbox 1692 2072 1848 2156; x_wconf 89' lang='lat' dir='ltr'><strong>loquitur.</strong></span> <span class='ocrx_word' id='word_1_270' title='bbox 1881 2074 1954 2138; x_wconf 91' lang='lat' dir='ltr'><strong>Iam</strong></span> <span class='ocrx_word' id='word_1_271' title='bbox 1972 2094 2109 2140; x_wconf 89' lang='lat' dir='ltr'><strong>aceensa</strong></span> <span class='ocrx_word' id='word_1_272' title='bbox 2122 2081 2195 2138; x_wconf 88' lang='lat' dir='ltr'><strong>erat</strong></span> <span class='ocrx_word' id='word_1_273' title='bbox 2209 2071 2380 2156; x_wconf 83' lang='lat' dir='ltr'><strong>indignatio</strong></span> 
     </span>
     <span class='ocr_line' id='line_1_20' title="bbox 391 2155 2379 2249; baseline -0.004 -20"><span class='ocrx_word' id='word_1_274' title='bbox 391 2166 516 2249; x_wconf 87' lang='lat' dir='ltr'><strong>pietate</strong></span> <span class='ocrx_word' id='word_1_275' title='bbox 555 2159 751 2224; x_wconf 85' lang='lat' dir='ltr'><strong>defecerant.</strong></span> <span class='ocrx_word' id='word_1_276' title='bbox 815 2156 870 2224; x_wconf 80' lang='lat' dir='ltr'><strong>Sic</strong></span> <span class='ocrx_word' id='word_1_277' title='bbox 906 2157 984 2224; x_wconf 73' lang='lat' dir='ltr'><strong>coo</strong></span> <span class='ocrx_word' id='word_1_278' title='bbox 1025 2157 1179 2240; x_wconf 80' lang='lat' dir='ltr'><strong>Iehooob,</strong></span> <span class='ocrx_word' id='word_1_279' title='bbox 1219 2157 1364 2239; x_wconf 78' lang='lat' dir='ltr'><strong>iudicata,</strong></span> <span class='ocrx_word' id='word_1_280' title='bbox 1415 2156 1493 2238; x_wconf 89' lang='lat' dir='ltr'><strong>Dei,</strong></span> <span class='ocrx_word' id='word_1_281' title='bbox 1525 2177 1587 2222; x_wconf 90' lang='lat' dir='ltr'><strong>neo</strong></span> <span class='ocrx_word' id='word_1_282' title='bbox 1615 2166 1742 2240; x_wconf 89' lang='lat' dir='ltr'><strong>poterat</strong></span> <span class='ocrx_word' id='word_1_283' title='bbox 1771 2160 1883 2225; x_wconf 87' lang='lat' dir='ltr'><strong>statim</strong></span> <span class='ocrx_word' id='word_1_284' title='bbox 1913 2159 2091 2243; x_wconf 69' lang='lat' dir='ltr'><strong>entingni.</strong></span> <span class='ocrx_word' id='word_1_285' title='bbox 2142 2155 2213 2226; x_wconf 88' lang='lat' dir='ltr'><strong>Sed</strong></span> <span class='ocrx_word' id='word_1_286' title='bbox 2240 2157 2379 2241; x_wconf 85' lang='lat' dir='ltr'><strong>quamvis</strong></span> 
     </span>
     <span class='ocr_line' id='line_1_21' title="bbox 391 2241 2383 2333; baseline -0.005 -17"><span class='ocrx_word' id='word_1_287' title='bbox 391 2249 516 2333; x_wconf 89' lang='lat' dir='ltr'><strong>inquit,</strong></span> <span class='ocrx_word' id='word_1_288' title='bbox 557 2246 720 2311; x_wconf 80' lang='lat' dir='ltr'><strong>iudicium.</strong></span> <span class='ocrx_word' id='word_1_289' title='bbox 780 2244 853 2310; x_wconf 91' lang='lat' dir='ltr'><strong>Non</strong></span> <span class='ocrx_word' id='word_1_290' title='bbox 893 2243 1028 2309; x_wconf 90' lang='lat' dir='ltr'><strong>dubium</strong></span> <span class='ocrx_word' id='word_1_291' title='bbox 1065 2257 1116 2308; x_wconf 91' lang='lat' dir='ltr'><strong>est</strong></span> <span class='ocrx_word' id='word_1_292' title='bbox 1151 2243 1231 2326; x_wconf 92' lang='lat' dir='ltr'><strong>quin</strong></span> <span class='ocrx_word' id='word_1_293' title='bbox 1266 2243 1366 2309; x_wconf 83' lang='lat' dir='ltr'><strong>inerit</strong></span> <span class='ocrx_word' id='word_1_294' title='bbox 1415 2241 1539 2326; x_wconf 88' lang='lat' dir='ltr'><strong>aliquid</strong></span> <span class='ocrx_word' id='word_1_295' title='bbox 1567 2244 1651 2325; x_wconf 88' lang='lat' dir='ltr'><strong>passi</strong></span> <span class='ocrx_word' id='word_1_296' title='bbox 1682 2252 1801 2323; x_wconf 88' lang='lat' dir='ltr'><strong>essent,</strong></span> <span class='ocrx_word' id='word_1_297' title='bbox 1835 2253 1946 2311; x_wconf 89' lang='lat' dir='ltr'><strong>tamen</strong></span> <span class='ocrx_word' id='word_1_298' title='bbox 1976 2246 2085 2311; x_wconf 86' lang='lat' dir='ltr'><strong>exitus</strong></span> <span class='ocrx_word' id='word_1_299' title='bbox 2105 2245 2224 2310; x_wconf 79' lang='lat' dir='ltr'><strong>fuisset</strong></span> <span class='ocrx_word' id='word_1_300' title='bbox 2245 2243 2330 2322; x_wconf 78' lang='lat' dir='ltr'><strong>felix,</strong></span> <span class='ocrx_word' id='word_1_301' title='bbox 2354 2253 2383 2307; x_wconf 89' lang='lat' dir='ltr'><strong>et</strong></span> 
     </span>
     <span class='ocr_line' id='line_1_22' title="bbox 393 2327 2382 2418; baseline -0.005 -17"><span class='ocrx_word' id='word_1_302' title='bbox 393 2354 515 2418; x_wconf 90' lang='lat' dir='ltr'><strong>magna</strong></span> <span class='ocrx_word' id='word_1_303' title='bbox 547 2329 725 2415; x_wconf 86' lang='lat' dir='ltr'><strong>praedandi</strong></span> <span class='ocrx_word' id='word_1_304' title='bbox 759 2329 890 2394; x_wconf 90' lang='lat' dir='ltr'><strong>licentia</strong></span> <span class='ocrx_word' id='word_1_305' title='bbox 922 2338 990 2395; x_wconf 87' lang='lat' dir='ltr'><strong>tam</strong></span> <span class='ocrx_word' id='word_1_306' title='bbox 1022 2329 1056 2395; x_wconf 90' lang='lat' dir='ltr'><strong>in</strong></span> <span class='ocrx_word' id='word_1_307' title='bbox 1090 2350 1167 2413; x_wconf 87' lang='lat' dir='ltr'><strong>rege</strong></span> <span class='ocrx_word' id='word_1_308' title='bbox 1200 2349 1298 2412; x_wconf 88' lang='lat' dir='ltr'><strong>qnam</strong></span> <span class='ocrx_word' id='word_1_309' title='bbox 1331 2330 1365 2394; x_wconf 93' lang='lat' dir='ltr'><strong>in</strong></span> <span class='ocrx_word' id='word_1_310' title='bbox 1415 2350 1459 2395; x_wconf 82' lang='lat' dir='ltr'><strong>ex</strong></span> <span class='ocrx_word' id='word_1_311' title='bbox 1487 2327 1590 2394; x_wconf 88' lang='lat' dir='ltr'><strong>animi</strong></span> <span class='ocrx_word' id='word_1_312' title='bbox 1619 2331 1794 2398; x_wconf 88' lang='lat' dir='ltr'><strong>sententia.</strong></span> <span class='ocrx_word' id='word_1_313' title='bbox 1839 2331 1905 2398; x_wconf 89' lang='lat' dir='ltr'><strong>Hie</strong></span> <span class='ocrx_word' id='word_1_314' title='bbox 1934 2343 2044 2397; x_wconf 89' lang='lat' dir='ltr'><strong>autem</strong></span> <span class='ocrx_word' id='word_1_315' title='bbox 2075 2331 2251 2398; x_wconf 90' lang='lat' dir='ltr'><strong>denuntiat</strong></span> <span class='ocrx_word' id='word_1_316' title='bbox 2271 2328 2382 2395; x_wconf 90' lang='lat' dir='ltr'><strong>bellum</strong></span> 
     </span>
     <span class='ocr_line' id='line_1_23' title="bbox 393 2412 2384 2498; baseline -0.006 -10"><span class='ocrx_word' id='word_1_317' title='bbox 393 2424 464 2488; x_wconf 88' lang='lat' dir='ltr'><strong>eius</strong></span> <span class='ocrx_word' id='word_1_318' title='bbox 486 2417 689 2486; x_wconf 88' lang='lat' dir='ltr'><strong>consiliariis.</strong></span> <span class='ocrx_word' id='word_1_319' title='bbox 723 2415 836 2498; x_wconf 88' lang='lat' dir='ltr'><strong>Neque</strong></span> <span class='ocrx_word' id='word_1_320' title='bbox 858 2416 946 2480; x_wconf 91' lang='lat' dir='ltr'><strong>enim</strong></span> <span class='ocrx_word' id='word_1_321' title='bbox 965 2415 1124 2498; x_wconf 90' lang='lat' dir='ltr'><strong>propheta</strong></span> <span class='ocrx_word' id='word_1_322' title='bbox 1139 2416 1193 2481; x_wconf 91' lang='lat' dir='ltr'><strong>hie</strong></span> <span class='ocrx_word' id='word_1_323' title='bbox 1207 2415 1366 2482; x_wconf 85' lang='lat' dir='ltr'><strong>iudicium</strong></span> <span class='ocrx_word' id='word_1_324' title='bbox 1415 2412 1684 2482; x_wconf 87' lang='lat' dir='ltr'><strong>irreconciliabile</strong></span> <span class='ocrx_word' id='word_1_325' title='bbox 1722 2437 1797 2482; x_wconf 90' lang='lat' dir='ltr'><strong>oum</strong></span> <span class='ocrx_word' id='word_1_326' title='bbox 1835 2416 1925 2496; x_wconf 90' lang='lat' dir='ltr'><strong>Deo,</strong></span> <span class='ocrx_word' id='word_1_327' title='bbox 1970 2417 2035 2482; x_wconf 91' lang='lat' dir='ltr'><strong>nisi</strong></span> <span class='ocrx_word' id='word_1_328' title='bbox 2074 2425 2205 2482; x_wconf 88' lang='lat' dir='ltr'><strong>mature</strong></span> <span class='ocrx_word' id='word_1_329' title='bbox 2243 2416 2384 2482; x_wconf 88' lang='lat' dir='ltr'><strong>studeant</strong></span> 
     </span>
     <span class='ocr_line' id='line_1_24' title="bbox 394 2499 2384 2587; baseline -0.005 -14"><span class='ocrx_word' id='word_1_330' title='bbox 394 2509 460 2573; x_wconf 88' lang='lat' dir='ltr'><strong>illis</strong></span> <span class='ocrx_word' id='word_1_331' title='bbox 478 2504 694 2580; x_wconf 91' lang='lat' dir='ltr'><strong>oommendat‚</strong></span> <span class='ocrx_word' id='word_1_332' title='bbox 713 2501 777 2567; x_wconf 90' lang='lat' dir='ltr'><strong>nisi</strong></span> <span class='ocrx_word' id='word_1_333' title='bbox 795 2501 880 2584; x_wconf 89' lang='lat' dir='ltr'><strong>quod</strong></span> <span class='ocrx_word' id='word_1_334' title='bbox 897 2501 1009 2566; x_wconf 84' lang='lat' dir='ltr'><strong>omnis</strong></span> <span class='ocrx_word' id='word_1_335' title='bbox 1021 2501 1182 2568; x_wconf 87' lang='lat' dir='ltr'><strong>rectitudo</strong></span> <span class='ocrx_word' id='word_1_336' title='bbox 1200 2499 1367 2568; x_wconf 82' lang='lat' dir='ltr'><strong>excideret</strong></span> <span class='ocrx_word' id='word_1_337' title='bbox 1417 2500 1525 2567; x_wconf 87' lang='lat' dir='ltr'><strong>redire</strong></span> <span class='ocrx_word' id='word_1_338' title='bbox 1555 2501 1723 2584; x_wconf 87' lang='lat' dir='ltr'><strong>cumipse</strong></span> <span class='ocrx_word' id='word_1_339' title='bbox 1745 2503 1779 2567; x_wconf 92' lang='lat' dir='ltr'><strong>in</strong></span> <span class='ocrx_word' id='word_1_340' title='bbox 1802 2503 1952 2587; x_wconf 88' lang='lat' dir='ltr'><strong>gratiam.</strong></span> <span class='ocrx_word' id='word_1_341' title='bbox 1997 2501 2109 2582; x_wconf 82' lang='lat' dir='ltr'><strong>Addit,</strong></span> <span class='ocrx_word' id='word_1_342' title='bbox 2145 2501 2282 2586; x_wconf 81' lang='lat' dir='ltr'><strong>Propter</strong></span> <span class='ocrx_word' id='word_1_343' title='bbox 2302 2499 2384 2566; x_wconf 82' lang='lat' dir='ltr'><strong>mcli-</strong></span> 
     </span>
     <span class='ocr_line' id='line_1_25' title="bbox 395 2586 2385 2678; baseline -0.004 -20"><span class='ocrx_word' id='word_1_344' title='bbox 395 2590 482 2678; x_wconf 89' lang='lat' dir='ltr'><strong>apud</strong></span> <span class='ocrx_word' id='word_1_345' title='bbox 503 2593 601 2674; x_wconf 86' lang='lat' dir='ltr'><strong>ipsos.</strong></span> <span class='ocrx_word' id='word_1_346' title='bbox 639 2587 803 2670; x_wconf 81' lang='lat' dir='ltr'><strong>Quoniam</strong></span> <span class='ocrx_word' id='word_1_347' title='bbox 826 2588 927 2671; x_wconf 87' lang='lat' dir='ltr'><strong>igitur</strong></span> <span class='ocrx_word' id='word_1_348' title='bbox 949 2586 1041 2652; x_wconf 84' lang='lat' dir='ltr'><strong>nulle</strong></span> <span class='ocrx_word' id='word_1_349' title='bbox 1062 2598 1132 2652; x_wconf 90' lang='lat' dir='ltr'><strong>erat</strong></span> <span class='ocrx_word' id='word_1_350' title='bbox 1153 2607 1234 2652; x_wconf 91' lang='lat' dir='ltr'><strong>eura</strong></span> <span class='ocrx_word' id='word_1_351' title='bbox 1255 2587 1365 2670; x_wconf 88' lang='lat' dir='ltr'><strong>aequi·</strong></span> <span class='ocrx_word' id='word_1_352' title='bbox 1417 2587 1496 2652; x_wconf 80' lang='lat' dir='ltr'><strong>tium</strong></span> <span class='ocrx_word' id='word_1_353' title='bbox 1519 2587 1698 2652; x_wconf 80' lang='lat' dir='ltr'><strong>studiorum</strong></span> <span class='ocrx_word' id='word_1_354' title='bbox 1723 2589 1875 2670; x_wconf 81' lang='lat' dir='ltr'><strong>ipsorum.</strong></span> <span class='ocrx_word' id='word_1_355' title='bbox 1926 2589 1990 2654; x_wconf 79' lang='lat' dir='ltr'><strong>Est</strong></span> <span class='ocrx_word' id='word_1_356' title='bbox 2018 2588 2119 2654; x_wconf 85' lang='lat' dir='ltr'><strong>etiam</strong></span> <span class='ocrx_word' id='word_1_357' title='bbox 2151 2588 2209 2655; x_wconf 89' lang='lat' dir='ltr'><strong>hic</strong></span> <span class='ocrx_word' id='word_1_358' title='bbox 2240 2606 2385 2671; x_wconf 88' lang='lat' dir='ltr'><strong>personae</strong></span> 
     </span>
     <span class='ocr_line' id='line_1_26' title="bbox 394 2671 2386 2760; baseline -0.005 -14"><span class='ocrx_word' id='word_1_359' title='bbox 394 2679 481 2755; x_wconf 85' lang='lat' dir='ltr'><strong>tatis,</strong></span> <span class='ocrx_word' id='word_1_360' title='bbox 504 2675 576 2742; x_wconf 93' lang='lat' dir='ltr'><strong>ideo</strong></span> <span class='ocrx_word' id='word_1_361' title='bbox 597 2675 757 2758; x_wconf 88' lang='lat' dir='ltr'><strong>prophete</strong></span> <span class='ocrx_word' id='word_1_362' title='bbox 777 2673 831 2740; x_wconf 90' lang='lat' dir='ltr'><strong>hic</strong></span> <span class='ocrx_word' id='word_1_363' title='bbox 852 2673 944 2739; x_wconf 91' lang='lat' dir='ltr'><strong>iubet</strong></span> <span class='ocrx_word' id='word_1_364' title='bbox 965 2693 1020 2740; x_wconf 89' lang='lat' dir='ltr'><strong>eos</strong></span> <span class='ocrx_word' id='word_1_365' title='bbox 1042 2673 1174 2738; x_wconf 88' lang='lat' dir='ltr'><strong>tandem</strong></span> <span class='ocrx_word' id='word_1_366' title='bbox 1189 2693 1367 2757; x_wconf 88' lang='lat' dir='ltr'><strong>agnoscere</strong></span> <span class='ocrx_word' id='word_1_367' title='bbox 1418 2673 1571 2753; x_wconf 89' lang='lat' dir='ltr'><strong>mutatio,</strong></span> <span class='ocrx_word' id='word_1_368' title='bbox 1601 2673 1665 2740; x_wconf 90' lang='lat' dir='ltr'><strong>nisi</strong></span> <span class='ocrx_word' id='word_1_369' title='bbox 1694 2673 1821 2757; x_wconf 87' lang='lat' dir='ltr'><strong>placeat</strong></span> <span class='ocrx_word' id='word_1_370' title='bbox 1849 2673 1958 2760; x_wconf 87' lang='lat' dir='ltr'><strong>legere</strong></span> <span class='ocrx_word' id='word_1_371' title='bbox 1980 2686 2036 2742; x_wconf 74' lang='lat'><strong>02.</strong></span> <span class='ocrx_word' id='word_1_372' title='bbox 2088 2673 2155 2740; x_wconf 84' lang='lat' dir='ltr'><strong>Sed</strong></span> <span class='ocrx_word' id='word_1_373' title='bbox 2185 2673 2268 2740; x_wconf 88' lang='lat' dir='ltr'><strong>haee</strong></span> <span class='ocrx_word' id='word_1_374' title='bbox 2289 2671 2386 2738; x_wconf 86' lang='lat' dir='ltr'><strong>diver·</strong></span> 
     </span>
     <span class='ocr_line' id='line_1_27' title="bbox 394 2758 2386 2850; baseline -0.003 -22"><span class='ocrx_word' id='word_1_375' title='bbox 394 2763 472 2850; x_wconf 84' lang='lat' dir='ltr'><strong>quid</strong></span> <span class='ocrx_word' id='word_1_376' title='bbox 486 2764 559 2830; x_wconf 92' lang='lat' dir='ltr'><strong>Deo</strong></span> <span class='ocrx_word' id='word_1_377' title='bbox 581 2763 713 2844; x_wconf 91' lang='lat' dir='ltr'><strong>eiusque</strong></span> <span class='ocrx_word' id='word_1_378' title='bbox 735 2759 864 2843; x_wconf 89' lang='lat' dir='ltr'><strong>populo&#39;</strong></span> <span class='ocrx_word' id='word_1_379' title='bbox 878 2758 1026 2824; x_wconf 89' lang='lat' dir='ltr'><strong>debeant.</strong></span> <span class='ocrx_word' id='word_1_380' title='bbox 1058 2759 1137 2824; x_wconf 78' lang='lat' dir='ltr'><strong>Fuit</strong></span> <span class='ocrx_word' id='word_1_381' title='bbox 1160 2765 1269 2824; x_wconf 89' lang='lat' dir='ltr'><strong>autem</strong></span> <span class='ocrx_word' id='word_1_382' title='bbox 1287 2759 1367 2824; x_wconf 91' lang='lat' dir='ltr'><strong>haee</strong></span> <span class='ocrx_word' id='word_1_383' title='bbox 1419 2760 1499 2824; x_wconf 86' lang='lat' dir='ltr'><strong>sitae</strong></span> <span class='ocrx_word' id='word_1_384' title='bbox 1527 2758 1714 2842; x_wconf 84' lang='lat' dir='ltr'><strong>frequenter</strong></span> <span class='ocrx_word' id='word_1_385' title='bbox 1743 2762 1885 2826; x_wconf 91' lang='lat' dir='ltr'><strong>ooourrit</strong></span> <span class='ocrx_word' id='word_1_386' title='bbox 1911 2761 2140 2843; x_wconf 89' lang='lat' dir='ltr'><strong>inscriptura.</strong></span> <span class='ocrx_word' id='word_1_387' title='bbox 2184 2759 2274 2826; x_wconf 87' lang='lat' dir='ltr'><strong>Nem</strong></span> <span class='ocrx_word' id='word_1_388' title='bbox 2296 2777 2386 2843; x_wconf 90' lang='lat' dir='ltr'><strong>quum</strong></span> 
     </span>
     <span class='ocr_line' id='line_1_28' title="bbox 395 2843 2388 2937; baseline -0.002 -22"><span class='ocrx_word' id='word_1_389' title='bbox 395 2850 591 2937; x_wconf 83' lang='lat' dir='ltr'><strong>gravissima</strong></span> <span class='ocrx_word' id='word_1_390' title='bbox 623 2846 761 2913; x_wconf 90' lang='lat' dir='ltr'><strong>tentatio</strong></span> <span class='ocrx_word' id='word_1_391' title='bbox 793 2845 945 2911; x_wconf 91' lang='lat' dir='ltr'><strong>omnibus</strong></span> <span class='ocrx_word' id='word_1_392' title='bbox 976 2843 1054 2927; x_wconf 85' lang='lat' dir='ltr'><strong>piis,</strong></span> <span class='ocrx_word' id='word_1_393' title='bbox 1088 2864 1189 2927; x_wconf 91' lang='lat' dir='ltr'><strong>quum</strong></span> <span class='ocrx_word' id='word_1_394' title='bbox 1218 2843 1368 2911; x_wconf 88' lang='lat' dir='ltr'><strong>viderent</strong></span> <span class='ocrx_word' id='word_1_395' title='bbox 1420 2845 1506 2927; x_wconf 93' lang='lat' dir='ltr'><strong>ipsos</strong></span> <span class='ocrx_word' id='word_1_396' title='bbox 1528 2845 1687 2928; x_wconf 88' lang='lat' dir='ltr'><strong>propheta</strong></span> <span class='ocrx_word' id='word_1_397' title='bbox 1708 2845 1939 2929; x_wconf 88' lang='lat' dir='ltr'><strong>alloqueretur,</strong></span> <span class='ocrx_word' id='word_1_398' title='bbox 1966 2845 2118 2930; x_wconf 90' lang='lat' dir='ltr'><strong>adiungit</strong></span> <span class='ocrx_word' id='word_1_399' title='bbox 2139 2867 2240 2928; x_wconf 90' lang='lat' dir='ltr'><strong>nune,</strong></span> <span class='ocrx_word' id='word_1_400' title='bbox 2266 2844 2388 2926; x_wconf 74' lang='lat' dir='ltr'><strong>Propo</strong></span> 
     </span>
     <span class='ocr_line' id='line_1_29' title="bbox 396 2929 2387 3016; baseline -0.005 -12"><span class='ocrx_word' id='word_1_401' title='bbox 396 2956 523 3004; x_wconf 88' lang='lat' dir='ltr'><strong>sacram</strong></span> <span class='ocrx_word' id='word_1_402' title='bbox 554 2934 642 2999; x_wconf 91' lang='lat' dir='ltr'><strong>illam</strong></span> <span class='ocrx_word' id='word_1_403' title='bbox 672 2931 814 3009; x_wconf 89' lang='lat' dir='ltr'><strong>domum,</strong></span> <span class='ocrx_word' id='word_1_404' title='bbox 843 2930 877 2995; x_wconf 90' lang='lat' dir='ltr'><strong>in</strong></span> <span class='ocrx_word' id='word_1_405' title='bbox 900 2951 965 3013; x_wconf 89' lang='lat' dir='ltr'><strong>qua</strong></span> <span class='ocrx_word' id='word_1_406' title='bbox 985 2929 1111 3015; x_wconf 83' lang='lat' dir='ltr'><strong>fulgere</strong></span> <span class='ocrx_word' id='word_1_407' title='bbox 1133 2929 1271 2997; x_wconf 91' lang='lat' dir='ltr'><strong>debebat</strong></span> <span class='ocrx_word' id='word_1_408' title='bbox 1294 2932 1368 2997; x_wconf 82' lang='lat' dir='ltr'><strong>viva</strong></span> <span class='ocrx_word' id='word_1_409' title='bbox 1419 2930 1576 2996; x_wconf 69' lang='lat' dir='ltr'><strong>mehtiom</strong></span> <span class='ocrx_word' id='word_1_410' title='bbox 1604 2931 1779 2996; x_wconf 75' lang='lat' dir='ltr'><strong>clodionem</strong></span> <span class='ocrx_word' id='word_1_411' title='bbox 1806 2933 1965 3016; x_wconf 80' lang='lat' dir='ltr'><strong>ipsoram,</strong></span> <span class='ocrx_word' id='word_1_412' title='bbox 1999 2933 2093 3015; x_wconf 86' lang='lat' dir='ltr'><strong>qnasi</strong></span> <span class='ocrx_word' id='word_1_413' title='bbox 2122 2933 2219 2998; x_wconf 85' lang='lat' dir='ltr'><strong>linito</strong></span> <span class='ocrx_word' id='word_1_414' title='bbox 2248 2950 2387 2998; x_wconf 88' lang='lat' dir='ltr'><strong>sermone</strong></span> 
     </span>
     <span class='ocr_line' id='line_1_30' title="bbox 394 3015 2389 3104; baseline -0.004 -16"><span class='ocrx_word' id='word_1_415' title='bbox 394 3024 458 3091; x_wconf 91' lang='lat' dir='ltr'><strong>Dei</strong></span> <span class='ocrx_word' id='word_1_416' title='bbox 481 3023 599 3104; x_wconf 84' lang='lat' dir='ltr'><strong>imago,</strong></span> <span class='ocrx_word' id='word_1_417' title='bbox 622 3038 693 3085; x_wconf 90' lang='lat' dir='ltr'><strong>esee</strong></span> <span class='ocrx_word' id='word_1_418' title='bbox 713 3019 819 3083; x_wconf 89' lang='lat' dir='ltr'><strong>instar</strong></span> <span class='ocrx_word' id='word_1_419' title='bbox 840 3017 993 3100; x_wconf 86' lang='lat' dir='ltr'><strong>spoliarii,</strong></span> <span class='ocrx_word' id='word_1_420' title='bbox 1015 3015 1082 3082; x_wconf 92' lang='lat' dir='ltr'><strong>illio</strong></span> <span class='ocrx_word' id='word_1_421' title='bbox 1103 3016 1251 3083; x_wconf 87' lang='lat' dir='ltr'><strong>habitare</strong></span> <span class='ocrx_word' id='word_1_422' title='bbox 1266 3017 1367 3084; x_wconf 87' lang='lat' dir='ltr'><strong>latro·</strong></span> <span class='ocrx_word' id='word_1_423' title='bbox 1420 3015 1574 3100; x_wconf 90' lang='lat' dir='ltr'><strong>loquatur</strong></span> <span class='ocrx_word' id='word_1_424' title='bbox 1595 3016 1636 3082; x_wconf 90' lang='lat' dir='ltr'><strong>de</strong></span> <span class='ocrx_word' id='word_1_425' title='bbox 1658 3017 1739 3100; x_wconf 90' lang='lat' dir='ltr'><strong>ipsis</strong></span> <span class='ocrx_word' id='word_1_426' title='bbox 1760 3015 1962 3101; x_wconf 89' lang='lat' dir='ltr'><strong>absentibus,</strong></span> <span class='ocrx_word' id='word_1_427' title='bbox 1991 3016 2043 3084; x_wconf 84' lang='lat' dir='ltr'><strong>vel</strong></span> <span class='ocrx_word' id='word_1_428' title='bbox 2065 3018 2159 3101; x_wconf 84' lang='lat' dir='ltr'><strong>qnasi</strong></span> <span class='ocrx_word' id='word_1_429' title='bbox 2180 3017 2285 3099; x_wconf 93' lang='lat' dir='ltr'><strong>Deus,</strong></span> <span class='ocrx_word' id='word_1_430' title='bbox 2309 3028 2389 3101; x_wconf 91' lang='lat' dir='ltr'><strong>post·</strong></span> 
     </span>
     <span class='ocr_line' id='line_1_31' title="bbox 396 3101 2389 3189; baseline -0.003 -15"><span class='ocrx_word' id='word_1_431' title='bbox 396 3131 465 3188; x_wconf 88' lang='lat' dir='ltr'><strong>nes,</strong></span> <span class='ocrx_word' id='word_1_432' title='bbox 487 3107 544 3189; x_wconf 92' lang='lat' dir='ltr'><strong>qui</strong></span> <span class='ocrx_word' id='word_1_433' title='bbox 564 3108 698 3187; x_wconf 91' lang='lat' dir='ltr'><strong>impune</strong></span> <span class='ocrx_word' id='word_1_434' title='bbox 719 3103 862 3170; x_wconf 88' lang='lat' dir='ltr'><strong>solerent</strong></span> <span class='ocrx_word' id='word_1_435' title='bbox 883 3104 1027 3186; x_wconf 82' lang='lat' dir='ltr'><strong>grassari</strong></span> <span class='ocrx_word' id='word_1_436' title='bbox 1041 3102 1082 3167; x_wconf 89' lang='lat' dir='ltr'><strong>ad</strong></span> <span class='ocrx_word' id='word_1_437' title='bbox 1098 3123 1211 3169; x_wconf 85' lang='lat' dir='ltr'><strong>omnes</strong></span> <span class='ocrx_word' id='word_1_438' title='bbox 1225 3104 1369 3187; x_wconf 89' lang='lat' dir='ltr'><strong>spolian·</strong></span> <span class='ocrx_word' id='word_1_439' title='bbox 1420 3123 1519 3185; x_wconf 86' lang='lat' dir='ltr'><strong>qnam</strong></span> <span class='ocrx_word' id='word_1_440' title='bbox 1541 3102 1710 3169; x_wconf 84' lang='lat' dir='ltr'><strong>mandavit</strong></span> <span class='ocrx_word' id='word_1_441' title='bbox 1727 3103 1906 3188; x_wconf 87' lang='lat' dir='ltr'><strong>prophetae</strong></span> <span class='ocrx_word' id='word_1_442' title='bbox 1923 3125 1984 3171; x_wconf 90' lang='lat' dir='ltr'><strong>sno</strong></span> <span class='ocrx_word' id='word_1_443' title='bbox 2000 3103 2117 3170; x_wconf 92' lang='lat' dir='ltr'><strong>deinde</strong></span> <span class='ocrx_word' id='word_1_444' title='bbox 2132 3102 2302 3189; x_wconf 89' lang='lat' dir='ltr'><strong>adiungat,</strong></span> <span class='ocrx_word' id='word_1_445' title='bbox 2323 3101 2389 3169; x_wconf 90' lang='lat' dir='ltr'><strong>Hoc</strong></span> 
     </span>
     <span class='ocr_line' id='line_1_32' title="bbox 396 3187 2166 3274; baseline -0.001 -15"><span class='ocrx_word' id='word_1_446' title='bbox 396 3194 464 3260; x_wconf 91' lang='lat' dir='ltr'><strong>dos.</strong></span> <span class='ocrx_word' id='word_1_447' title='bbox 508 3193 598 3274; x_wconf 83' lang='lat' dir='ltr'><strong>Ergo</strong></span> <span class='ocrx_word' id='word_1_448' title='bbox 627 3189 684 3254; x_wconf 93' lang='lat' dir='ltr'><strong>ubi</strong></span> <span class='ocrx_word' id='word_1_449' title='bbox 713 3208 766 3253; x_wconf 91' lang='lat' dir='ltr'><strong>res</strong></span> <span class='ocrx_word' id='word_1_450' title='bbox 794 3189 841 3253; x_wconf 89' lang='lat' dir='ltr'><strong>sic</strong></span> <span class='ocrx_word' id='word_1_451' title='bbox 870 3198 969 3252; x_wconf 90' lang='lat' dir='ltr'><strong>erunt</strong></span> <span class='ocrx_word' id='word_1_452' title='bbox 991 3187 1150 3265; x_wconf 87' lang='lat' dir='ltr'><strong>turbatae,</strong></span> <span class='ocrx_word' id='word_1_453' title='bbox 1180 3200 1217 3256; x_wconf 94' lang='lat' dir='ltr'><strong>ut</strong></span> <span class='ocrx_word' id='word_1_454' title='bbox 1246 3189 1369 3256; x_wconf 90' lang='lat' dir='ltr'><strong>iudices</strong></span> <span class='ocrx_word' id='word_1_455' title='bbox 1420 3188 1487 3255; x_wconf 87' lang='lat' dir='ltr'><strong>illie</strong></span> <span class='ocrx_word' id='word_1_456' title='bbox 1509 3188 1675 3270; x_wconf 88' lang='lat' dir='ltr'><strong>denuntio,</strong></span> <span class='ocrx_word' id='word_1_457' title='bbox 1697 3192 1853 3273; x_wconf 89' lang='lat' dir='ltr'><strong>quoniam</strong></span> <span class='ocrx_word' id='word_1_458' title='bbox 1875 3191 1923 3256; x_wconf 89' lang='lat' dir='ltr'><strong>ita</strong></span> <span class='ocrx_word' id='word_1_459' title='bbox 1945 3189 2056 3257; x_wconf 88' lang='lat' dir='ltr'><strong>meriti</strong></span> <span class='ocrx_word' id='word_1_460' title='bbox 2078 3200 2166 3257; x_wconf 90' lang='lat' dir='ltr'><strong>snut.</strong></span> 
     </span>
    </p>

    <p class='ocr_par' dir='ltr' id='par_1_4' title="bbox 396 3273 1368 3362">
     <span class='ocr_line' id='line_1_33' title="bbox 396 3273 1368 3362; baseline -0.007 -16"><span class='ocrx_word' id='word_1_461' title='bbox 396 3281 468 3362; x_wconf 85' lang='lat' dir='ltr'><strong>ipsi,</strong></span> <span class='ocrx_word' id='word_1_462' title='bbox 498 3297 579 3360; x_wconf 87' lang='lat' dir='ltr'><strong>quos</strong></span> <span class='ocrx_word' id='word_1_463' title='bbox 602 3276 693 3340; x_wconf 89' lang='lat' dir='ltr'><strong>Deus</strong></span> <span class='ocrx_word' id='word_1_464' title='bbox 723 3273 878 3358; x_wconf 86' lang='lat' dir='ltr'><strong>praefecit</strong></span> <span class='ocrx_word' id='word_1_465' title='bbox 906 3273 1061 3340; x_wconf 87' lang='lat' dir='ltr'><strong>ecelesiae</strong></span> <span class='ocrx_word' id='word_1_466' title='bbox 1091 3294 1170 3340; x_wconf 89' lang='lat' dir='ltr'><strong>suae</strong></span> <span class='ocrx_word' id='word_1_467' title='bbox 1198 3276 1368 3358; x_wconf 90' lang='lat' dir='ltr'><strong>regendae,</strong></span> 
     </span>
    </p>

    <p class='ocr_par' dir='ltr' id='par_1_5' title="bbox 397 3357 2389 3706">
     <span class='ocr_line' id='line_1_34' title="bbox 397 3357 2389 3446; baseline -0.003 -15"><span class='ocrx_word' id='word_1_468' title='bbox 397 3367 465 3432; x_wconf 89' lang='lat' dir='ltr'><strong>sint</strong></span> <span class='ocrx_word' id='word_1_469' title='bbox 494 3364 587 3446; x_wconf 89' lang='lat' dir='ltr'><strong>quasi</strong></span> <span class='ocrx_word' id='word_1_470' title='bbox 617 3358 777 3437; x_wconf 87' lang='lat' dir='ltr'><strong>latrones,</strong></span> <span class='ocrx_word' id='word_1_471' title='bbox 808 3360 948 3424; x_wconf 89' lang='lat' dir='ltr'><strong>sciamus</strong></span> <span class='ocrx_word' id='word_1_472' title='bbox 975 3357 1063 3424; x_wconf 88' lang='lat' dir='ltr'><strong>idem</strong></span> <span class='ocrx_word' id='word_1_473' title='bbox 1085 3358 1162 3424; x_wconf 92' lang='lat' dir='ltr'><strong>olim</strong></span> <span class='ocrx_word' id='word_1_474' title='bbox 1185 3362 1369 3446; x_wconf 74' lang='lat' dir='ltr'><strong>contigisse.</strong></span> <span class='ocrx_word' id='word_1_475' title='bbox 1509 3362 1559 3427; x_wconf 79' lang='lat'><strong>13.</strong></span> <span class='ocrx_word' id='word_1_476' title='bbox 1593 3361 1672 3428; x_wconf 80' lang='lat' dir='ltr'><strong>Ecce</strong></span> <span class='ocrx_word' id='word_1_477' title='bbox 1700 3381 1752 3446; x_wconf 84' lang='lat' dir='ltr'><strong>eqo</strong></span> <span class='ocrx_word' id='word_1_478' title='bbox 1780 3366 1886 3428; x_wconf 73' lang='lat' dir='ltr'><strong>mettre</strong></span> <span class='ocrx_word' id='word_1_479' title='bbox 1917 3367 1954 3445; x_wconf 84' lang='lat' dir='ltr'><strong>te,</strong></span> <span class='ocrx_word' id='word_1_480' title='bbox 1976 3383 2056 3445; x_wconf 87' lang='lat' dir='ltr'><strong>qooc</strong></span> <span class='ocrx_word' id='word_1_481' title='bbox 2083 3361 2207 3428; x_wconf 67' lang='lat' dir='ltr'><strong>toties</strong></span> <span class='ocrx_word' id='word_1_482' title='bbox 2239 3363 2276 3428; x_wconf 83' lang='lat' dir='ltr'><strong>ia</strong></span> <span class='ocrx_word' id='word_1_483' title='bbox 2307 3359 2389 3441; x_wconf 64' lang='lat' dir='ltr'><strong>oolla</strong></span> 
     </span>
     <span class='ocr_line' id='line_1_35' title="bbox 397 3444 2389 3578; baseline -0.004 -60"><span class='ocrx_word' id='word_1_484' title='bbox 397 3452 467 3518; x_wconf 91' lang='lat' dir='ltr'><strong>Nec</strong></span> <span class='ocrx_word' id='word_1_485' title='bbox 497 3450 632 3515; x_wconf 91' lang='lat' dir='ltr'><strong>dubium</strong></span> <span class='ocrx_word' id='word_1_486' title='bbox 662 3457 710 3512; x_wconf 88' lang='lat' dir='ltr'><strong>est</strong></span> <span class='ocrx_word' id='word_1_487' title='bbox 740 3446 817 3530; x_wconf 92' lang='lat' dir='ltr'><strong>quin</strong></span> <span class='ocrx_word' id='word_1_488' title='bbox 847 3446 938 3511; x_wconf 92' lang='lat' dir='ltr'><strong>Deus</strong></span> <span class='ocrx_word' id='word_1_489' title='bbox 968 3444 1078 3528; x_wconf 91' lang='lat' dir='ltr'><strong>populi</strong></span> <span class='ocrx_word' id='word_1_490' title='bbox 1107 3446 1309 3528; x_wconf 86' lang='lat' dir='ltr'><strong>impietatem</strong></span> <span class='ocrx_word' id='word_1_491' title='bbox 1337 3453 1371 3510; x_wconf 94' lang='lat' dir='ltr'><strong>et</strong></span> <span class='ocrx_word' id='word_1_492' title='bbox 1416 3452 1509 3529; x_wconf 82' lang='lat' dir='ltr'><strong>petro</strong></span> <span class='ocrx_word' id='word_1_493' title='bbox 1530 3451 1565 3513; x_wconf 79' lang='lat' dir='ltr'><strong>ia</strong></span> <span class='ocrx_word' id='word_1_494' title='bbox 1589 3447 1725 3531; x_wconf 63' lang='lat' dir='ltr'><strong>placidie</strong></span> <span class='ocrx_word' id='word_1_495' title='bbox 1746 3446 1821 3534; x_wconf 83' lang='lat' dir='ltr'><strong>(vel,</strong></span> <span class='ocrx_word' id='word_1_496' title='bbox 1851 3456 1963 3530; x_wconf 88' lang='lat' dir='ltr'><strong>petrae</strong></span> <span class='ocrx_word' id='word_1_497' title='bbox 1984 3448 2142 3532; x_wconf 90' lang='lat' dir='ltr'><strong>planitiei,</strong></span> <span class='ocrx_word' id='word_1_498' title='bbox 2170 3448 2231 3514; x_wconf 86' lang='lat' dir='ltr'><strong>etii</strong></span> <span class='ocrx_word' id='word_1_499' title='bbox 2254 3445 2389 3578; x_wconf 52' lang='lat' dir='ltr'><strong>vertunt)</strong></span> 
     </span>
     <span class='ocr_line' id='line_1_36' title="bbox 397 3530 2379 3616; baseline -0.003 -13"><span class='ocrx_word' id='word_1_500' title='bbox 397 3537 521 3604; x_wconf 86' lang='lat' dir='ltr'><strong>scelera</strong></span> <span class='ocrx_word' id='word_1_501' title='bbox 561 3533 623 3600; x_wconf 91' lang='lat' dir='ltr'><strong>hoe</strong></span> <span class='ocrx_word' id='word_1_502' title='bbox 662 3531 758 3597; x_wconf 89' lang='lat' dir='ltr'><strong>modo</strong></span> <span class='ocrx_word' id='word_1_503' title='bbox 795 3531 885 3597; x_wconf 86' lang='lat' dir='ltr'><strong>ultus</strong></span> <span class='ocrx_word' id='word_1_504' title='bbox 921 3532 1027 3597; x_wconf 83' lang='lat' dir='ltr'><strong>luerit.</strong></span> <span class='ocrx_word' id='word_1_505' title='bbox 1082 3530 1168 3596; x_wconf 86' lang='lat' dir='ltr'><strong>Nam</strong></span> <span class='ocrx_word' id='word_1_506' title='bbox 1200 3552 1371 3615; x_wconf 87' lang='lat' dir='ltr'><strong>nunquam</strong></span> <span class='ocrx_word' id='word_1_507' title='bbox 1421 3534 1498 3600; x_wconf 77' lang='lat' dir='ltr'><strong>eoo</strong></span> <span class='ocrx_word' id='word_1_508' title='bbox 1516 3533 1670 3600; x_wconf 76' lang='lat' dir='ltr'><strong>chcvolt:</strong></span> <span class='ocrx_word' id='word_1_509' title='bbox 1691 3534 1747 3615; x_wconf 80' lang='lat' dir='ltr'><strong>qoa&#39;</strong></span> <span class='ocrx_word' id='word_1_510' title='bbox 1763 3534 1878 3612; x_wconf 67' lang='grc' dir='ltr'>ἀίοίιιι,</span> <span class='ocrx_word' id='word_1_511' title='bbox 1903 3535 1982 3616; x_wconf 80' lang='lat' dir='ltr'><strong>Quia</strong></span> <span class='ocrx_word' id='word_1_512' title='bbox 2003 3533 2160 3600; x_wconf 56' lang='lat' dir='ltr'><strong>&amp;scendet</strong></span> <span class='ocrx_word' id='word_1_513' title='bbox 2179 3539 2292 3602; x_wconf 68' lang='lat' dir='ltr'><strong>ccccm</strong></span> <span class='ocrx_word' id='word_1_514' title='bbox 2312 3552 2379 3600; x_wconf 80' lang='lat' dir='ltr'><strong>oct.</strong></span> 
     </span>
     <span class='ocr_line' id='line_1_37' title="bbox 398 3617 2111 3706; baseline -0.002 -17"><span class='ocrx_word' id='word_1_515' title='bbox 398 3643 511 3706; x_wconf 89' lang='lat' dir='ltr'><strong>passus</strong></span> <span class='ocrx_word' id='word_1_516' title='bbox 540 3620 658 3684; x_wconf 82' lang='lat' dir='ltr'><strong>inisset</strong></span> <span class='ocrx_word' id='word_1_517' title='bbox 680 3617 810 3684; x_wconf 90' lang='lat' dir='ltr'><strong>domum</strong></span> <span class='ocrx_word' id='word_1_518' title='bbox 834 3617 924 3682; x_wconf 89' lang='lat' dir='ltr'><strong>illam</strong></span> <span class='ocrx_word' id='word_1_519' title='bbox 946 3619 993 3684; x_wconf 90' lang='lat' dir='ltr'><strong>sie</strong></span> <span class='ocrx_word' id='word_1_520' title='bbox 1015 3618 1240 3694; x_wconf 88' lang='lat' dir='ltr'><strong>contaminari,</strong></span> <span class='ocrx_word' id='word_1_521' title='bbox 1269 3629 1303 3684; x_wconf 91' lang='lat' dir='ltr'><strong>et</strong></span> <span class='ocrx_word' id='word_1_522' title='bbox 1324 3625 1372 3684; x_wconf 84' lang='lat' dir='ltr'><strong>tot</strong></span> <span class='ocrx_word' id='word_1_523' title='bbox 1422 3625 1451 3686; x_wconf 82' lang='lat' dir='ltr'><strong>ct</strong></span> <span class='ocrx_word' id='word_1_524' title='bbox 1472 3621 1545 3701; x_wconf 83' lang='lat' dir='ltr'><strong>quia</strong></span> <span class='ocrx_word' id='word_1_525' title='bbox 1566 3619 1758 3702; x_wconf 80' lang='lat' dir='ltr'><strong>ioqrcdietcr</strong></span> <span class='ocrx_word' id='word_1_526' title='bbox 1778 3619 1957 3686; x_wconf 63' lang='lat' dir='ltr'><strong>hebdoade</strong></span> <span class='ocrx_word' id='word_1_527' title='bbox 1978 3619 2111 3685; x_wconf 80' lang='lat' dir='ltr'><strong>nostro?</strong></span> 
     </span>
    </p>
   </div>
   <div class='ocr_carea' id='block_1_4' title="bbox 398 3703 2527 3792">
    <p class='ocr_par' dir='ltr' id='par_1_6' title="bbox 398 3703 2527 3792">
     <span class='ocr_line' id='line_1_38' title="bbox 398 3703 2527 3792; baseline -0.002 -19"><span class='ocrx_word' id='word_1_528' title='bbox 398 3708 530 3792; x_wconf 87' lang='lat' dir='ltr'><strong>flagitiis</strong></span> <span class='ocrx_word' id='word_1_529' title='bbox 558 3703 693 3790; x_wconf 89' lang='lat' dir='ltr'><strong>repleri,</strong></span> <span class='ocrx_word' id='word_1_530' title='bbox 727 3704 791 3770; x_wconf 91' lang='lat' dir='ltr'><strong>nisi</strong></span> <span class='ocrx_word' id='word_1_531' title='bbox 821 3704 976 3788; x_wconf 87' lang='lat' dir='ltr'><strong>indignus</strong></span> <span class='ocrx_word' id='word_1_532' title='bbox 1006 3703 1121 3770; x_wconf 81' lang='lat' dir='ltr'><strong>fuisset</strong></span> <span class='ocrx_word' id='word_1_533' title='bbox 1142 3705 1281 3788; x_wconf 90' lang='lat' dir='ltr'><strong>populus</strong></span> <span class='ocrx_word' id='word_1_534' title='bbox 1303 3715 1371 3769; x_wconf 87' lang='lat' dir='ltr'><strong>tam</strong></span> <span class='ocrx_word' id='word_1_535' title='bbox 1510 3705 1560 3770; x_wconf 86' lang='lat'><strong>14.</strong></span> <span class='ocrx_word' id='word_1_536' title='bbox 1593 3704 1638 3770; x_wconf 85' lang='lat' dir='ltr'><strong>Et</strong></span> <span class='ocrx_word' id='word_1_537' title='bbox 1669 3703 1801 3771; x_wconf 77' lang='lat' dir='ltr'><strong>visitabo</strong></span> <span class='ocrx_word' id='word_1_538' title='bbox 1836 3725 1931 3787; x_wconf 78' lang='lat' dir='ltr'><strong>sopor</strong></span> <span class='ocrx_word' id='word_1_539' title='bbox 1967 3725 2022 3772; x_wconf 79' lang='lat' dir='ltr'><strong>cce</strong></span> <span class='ocrx_word' id='word_1_540' title='bbox 2059 3707 2231 3773; x_wconf 82' lang='lat' dir='ltr'><strong>secundom</strong></span> <span class='ocrx_word' id='word_1_541' title='bbox 2263 3706 2392 3788; x_wconf 74' lang='lat' dir='ltr'><strong>scortum</strong></span> <span class='ocrx_word' id='word_1_542' title='bbox 2526 3703 2527 3714; x_wconf 74' lang='grc'>’</span> 
     </span>
    </p>
   </div>
   <div class='ocr_carea' id='block_1_5' title="bbox 398 3789 2404 5338">
    <p class='ocr_par' dir='ltr' id='par_1_7' title="bbox 398 3789 2393 4044">
     <span class='ocr_line' id='line_1_39' title="bbox 398 3789 2393 3875; baseline -0.001 -16"><span class='ocrx_word' id='word_1_543' title='bbox 398 3794 485 3859; x_wconf 91' lang='lat' dir='ltr'><strong>bono</strong></span> <span class='ocrx_word' id='word_1_544' title='bbox 506 3813 543 3859; x_wconf 90' lang='lat' dir='ltr'><strong>ac</strong></span> <span class='ocrx_word' id='word_1_545' title='bbox 565 3793 667 3875; x_wconf 91' lang='lat' dir='ltr'><strong>probo</strong></span> <span class='ocrx_word' id='word_1_546' title='bbox 689 3811 767 3875; x_wconf 90' lang='lat' dir='ltr'><strong>rege</strong></span> <span class='ocrx_word' id='word_1_547' title='bbox 789 3810 888 3873; x_wconf 87' lang='lat' dir='ltr'><strong>quam</strong></span> <span class='ocrx_word' id='word_1_548' title='bbox 905 3791 1029 3857; x_wconf 88' lang='lat' dir='ltr'><strong>sanctis</strong></span> <span class='ocrx_word' id='word_1_549' title='bbox 1043 3790 1246 3856; x_wconf 88' lang='lat' dir='ltr'><strong>consiliariis.</strong></span> <span class='ocrx_word' id='word_1_550' title='bbox 1280 3789 1372 3858; x_wconf 85' lang='lat' dir='ltr'><strong>Scia·</strong></span> <span class='ocrx_word' id='word_1_551' title='bbox 1422 3791 1599 3858; x_wconf 60' lang='lat' dir='ltr'><strong>cuderam</strong></span> <span class='ocrx_word' id='word_1_552' title='bbox 1637 3794 1824 3874; x_wconf 69' lang='lat' dir='ltr'><strong>vestrm,</strong></span> <span class='ocrx_word' id='word_1_553' title='bbox 1864 3793 1940 3858; x_wconf 82' lang='lat' dir='ltr'><strong>dicit</strong></span> <span class='ocrx_word' id='word_1_554' title='bbox 1973 3791 2128 3859; x_wconf 76' lang='lat' dir='ltr'><strong>Iebccch:</strong></span> <span class='ocrx_word' id='word_1_555' title='bbox 2167 3798 2196 3858; x_wconf 80' lang='lat' dir='ltr'><strong>o</strong></span> <span class='ocrx_word' id='word_1_556' title='bbox 2235 3792 2393 3860; x_wconf 73' lang='lat' dir='ltr'><strong>amendam</strong></span> 
     </span>
     <span class='ocr_line' id='line_1_40' title="bbox 398 3875 2393 3962; baseline -0.002 -17"><span class='ocrx_word' id='word_1_557' title='bbox 398 3901 473 3946; x_wconf 89' lang='lat' dir='ltr'><strong>mus</strong></span> <span class='ocrx_word' id='word_1_558' title='bbox 504 3900 582 3962; x_wconf 86' lang='lat' dir='ltr'><strong>ergo</strong></span> <span class='ocrx_word' id='word_1_559' title='bbox 612 3877 806 3961; x_wconf 86' lang='lat' dir='ltr'><strong>prophetam</strong></span> <span class='ocrx_word' id='word_1_560' title='bbox 837 3875 961 3941; x_wconf 89' lang='lat' dir='ltr'><strong>hortari</strong></span> <span class='ocrx_word' id='word_1_561' title='bbox 992 3897 1101 3959; x_wconf 89' lang='lat' dir='ltr'><strong>regem</strong></span> <span class='ocrx_word' id='word_1_562' title='bbox 1125 3887 1166 3955; x_wconf 49' lang='lat' dir='ltr'><strong>‚et</strong></span> <span class='ocrx_word' id='word_1_563' title='bbox 1198 3877 1268 3943; x_wconf 90' lang='lat' dir='ltr'><strong>eius</strong></span> <span class='ocrx_word' id='word_1_564' title='bbox 1296 3897 1372 3944; x_wconf 88' lang='lat' dir='ltr'><strong>oon·</strong></span> <span class='ocrx_word' id='word_1_565' title='bbox 1423 3880 1527 3962; x_wconf 82' lang='lat' dir='ltr'><strong>iqoem</strong></span> <span class='ocrx_word' id='word_1_566' title='bbox 1547 3879 1583 3943; x_wconf 78' lang='lat' dir='ltr'><strong>io</strong></span> <span class='ocrx_word' id='word_1_567' title='bbox 1602 3877 1693 3961; x_wconf 84' lang='lat' dir='ltr'><strong>sqlco</strong></span> <span class='ocrx_word' id='word_1_568' title='bbox 1712 3878 1791 3961; x_wconf 81' lang='lat' dir='ltr'><strong>ciue,</strong></span> <span class='ocrx_word' id='word_1_569' title='bbox 1820 3881 2021 3946; x_wconf 71' lang='lat' dir='ltr'><strong>decorumst</strong></span> <span class='ocrx_word' id='word_1_570' title='bbox 2041 3879 2197 3962; x_wconf 79' lang='lat' dir='ltr'><strong>quidquid</strong></span> <span class='ocrx_word' id='word_1_571' title='bbox 2217 3884 2265 3946; x_wconf 83' lang='lat' dir='ltr'><strong>eet</strong></span> <span class='ocrx_word' id='word_1_572' title='bbox 2286 3879 2322 3944; x_wconf 82' lang='lat' dir='ltr'><strong>io</strong></span> <span class='ocrx_word' id='word_1_573' title='bbox 2339 3877 2393 3944; x_wconf 84' lang='lat' dir='ltr'><strong>cir·</strong></span> 
     </span>
     <span class='ocr_line' id='line_1_41' title="bbox 400 3960 1608 4044; baseline -0.002 -13"><span class='ocrx_word' id='word_1_574' title='bbox 400 3965 539 4032; x_wconf 90' lang='lat' dir='ltr'><strong>silierios</strong></span> <span class='ocrx_word' id='word_1_575' title='bbox 560 3963 602 4028; x_wconf 86' lang='lat' dir='ltr'><strong>ed</strong></span> <span class='ocrx_word' id='word_1_576' title='bbox 618 3974 706 4029; x_wconf 89' lang='lat' dir='ltr'><strong>recte</strong></span> <span class='ocrx_word' id='word_1_577' title='bbox 722 3960 941 4040; x_wconf 89' lang='lat' dir='ltr'><strong>indicandum,</strong></span> <span class='ocrx_word' id='word_1_578' title='bbox 964 3963 1118 4044; x_wconf 87' lang='lat' dir='ltr'><strong>qnoniam</strong></span> <span class='ocrx_word' id='word_1_579' title='bbox 1134 3963 1227 4028; x_wconf 92' lang='lat' dir='ltr'><strong>obliti</strong></span> <span class='ocrx_word' id='word_1_580' title='bbox 1243 3963 1374 4028; x_wconf 83' lang='lat' dir='ltr'><strong>inerant</strong></span> <span class='ocrx_word' id='word_1_581' title='bbox 1423 3965 1509 4032; x_wconf 71' lang='lat' dir='ltr'><strong>mito</strong></span> <span class='ocrx_word' id='word_1_582' title='bbox 1530 3965 1608 4030; x_wconf 79' lang='lat' dir='ltr'><strong>eice.</strong></span> 
     </span>
    </p>

    <p class='ocr_par' dir='ltr' id='par_1_8' title="bbox 400 4048 1374 4130">
     <span class='ocr_line' id='line_1_42' title="bbox 400 4048 1374 4130; baseline -0.006 -12"><span class='ocrx_word' id='word_1_583' title='bbox 400 4051 547 4118; x_wconf 89' lang='lat' dir='ltr'><strong>muneris</strong></span> <span class='ocrx_word' id='word_1_584' title='bbox 577 4051 636 4128; x_wconf 84' lang='lat' dir='ltr'><strong>sui,</strong></span> <span class='ocrx_word' id='word_1_585' title='bbox 666 4061 699 4114; x_wconf 91' lang='lat' dir='ltr'><strong>et</strong></span> <span class='ocrx_word' id='word_1_586' title='bbox 725 4049 857 4114; x_wconf 89' lang='lat' dir='ltr'><strong>fuerant</strong></span> <span class='ocrx_word' id='word_1_587' title='bbox 878 4049 969 4130; x_wconf 90' lang='lat' dir='ltr'><strong>quasi</strong></span> <span class='ocrx_word' id='word_1_588' title='bbox 991 4048 1061 4130; x_wconf 90' lang='lat' dir='ltr'><strong>lupi</strong></span> <span class='ocrx_word' id='word_1_589' title='bbox 1083 4067 1225 4130; x_wconf 87' lang='lat' dir='ltr'><strong>rapaces.</strong></span> <span class='ocrx_word' id='word_1_590' title='bbox 1271 4049 1374 4114; x_wconf 90' lang='lat' dir='ltr'><strong>Addit</strong></span> 
     </span>
    </p>

    <p class='ocr_par' dir='ltr' id='par_1_9' title="bbox 399 4133 2404 5338">
     <span class='ocr_line' id='line_1_43' title="bbox 399 4133 2400 4222; baseline -0.001 -19"><span class='ocrx_word' id='word_1_591' title='bbox 399 4157 500 4203; x_wconf 89' lang='lat' dir='ltr'><strong>unam</strong></span> <span class='ocrx_word' id='word_1_592' title='bbox 516 4138 665 4219; x_wconf 90' lang='lat' dir='ltr'><strong>speeiem,</strong></span> <span class='ocrx_word' id='word_1_593' title='bbox 684 4134 828 4201; x_wconf 71' lang='lat' dir='ltr'><strong>Iribercte</strong></span> <span class='ocrx_word' id='word_1_594' title='bbox 842 4133 1012 4216; x_wconf 80' lang='lat' dir='ltr'><strong>spoliatam</strong></span> <span class='ocrx_word' id='word_1_595' title='bbox 1025 4155 1042 4199; x_wconf 85' lang='lat' dir='ltr'><strong>a</strong></span> <span class='ocrx_word' id='word_1_596' title='bbox 1055 4154 1152 4202; x_wconf 82' lang='lat' dir='ltr'><strong>mccc</strong></span> <span class='ocrx_word' id='word_1_597' title='bbox 1169 4136 1373 4216; x_wconf 78' lang='lat' dir='ltr'><strong>oppressoris.</strong></span> <span class='ocrx_word' id='word_1_598' title='bbox 1512 4135 1676 4216; x_wconf 79' lang='lat' dir='ltr'><strong>Quoniam</strong></span> <span class='ocrx_word' id='word_1_599' title='bbox 1699 4145 1770 4202; x_wconf 87' lang='lat' dir='ltr'><strong>tota</strong></span> <span class='ocrx_word' id='word_1_600' title='bbox 1791 4157 1872 4222; x_wconf 88' lang='lat' dir='ltr'><strong>gens</strong></span> <span class='ocrx_word' id='word_1_601' title='bbox 1894 4143 2048 4219; x_wconf 87' lang='lat' dir='ltr'><strong>corrupta</strong></span> <span class='ocrx_word' id='word_1_602' title='bbox 2069 4146 2139 4202; x_wconf 91' lang='lat' dir='ltr'><strong>erat</strong></span> <span class='ocrx_word' id='word_1_603' title='bbox 2161 4147 2313 4222; x_wconf 91' lang='lat' dir='ltr'><strong>tempore</strong></span> <span class='ocrx_word' id='word_1_604' title='bbox 2334 4153 2400 4220; x_wconf 83' lang='lat' dir='ltr'><strong>pro</strong></span> 
     </span>
     <span class='ocr_line' id='line_1_44' title="bbox 400 4219 2400 4306; baseline -0.002 -19"><span class='ocrx_word' id='word_1_605' title='bbox 400 4222 545 4303; x_wconf 87' lang='lat' dir='ltr'><strong>Quidam</strong></span> <span class='ocrx_word' id='word_1_606' title='bbox 578 4230 728 4296; x_wconf 85' lang='lat' dir='ltr'><strong>vertunt,</strong></span> <span class='ocrx_word' id='word_1_607' title='bbox 762 4241 780 4286; x_wconf 92' lang='lat' dir='ltr'><strong>e</strong></span> <span class='ocrx_word' id='word_1_608' title='bbox 810 4240 910 4285; x_wconf 88' lang='lat' dir='ltr'><strong>manu</strong></span> <span class='ocrx_word' id='word_1_609' title='bbox 944 4219 1141 4286; x_wconf 82' lang='lat' dir='ltr'><strong>fraudulenti</strong></span> <span class='ocrx_word' id='word_1_610' title='bbox 1178 4221 1269 4303; x_wconf 84' lang='lat' dir='ltr'><strong>quasi</strong></span> <span class='ocrx_word' id='word_1_611' title='bbox 1301 4233 1373 4306; x_wconf 71' lang='lat' dir='ltr'><strong>pico</strong></span> <span class='ocrx_word' id='word_1_612' title='bbox 1426 4222 1554 4305; x_wconf 87' lang='lat' dir='ltr'><strong>phetae,</strong></span> <span class='ocrx_word' id='word_1_613' title='bbox 1587 4222 1791 4306; x_wconf 82' lang='lat' dir='ltr'><strong>lerosolyma</strong></span> <span class='ocrx_word' id='word_1_614' title='bbox 1811 4233 1922 4287; x_wconf 89' lang='lat' dir='ltr'><strong>tamen</strong></span> <span class='ocrx_word' id='word_1_615' title='bbox 1944 4222 2008 4288; x_wconf 83' lang='lat' dir='ltr'><strong>fuit</strong></span> <span class='ocrx_word' id='word_1_616' title='bbox 2028 4233 2127 4304; x_wconf 85' lang='lat' dir='ltr'><strong>caput</strong></span> <span class='ocrx_word' id='word_1_617' title='bbox 2148 4234 2181 4289; x_wconf 91' lang='lat' dir='ltr'><strong>et</strong></span> <span class='ocrx_word' id='word_1_618' title='bbox 2210 4224 2310 4290; x_wconf 92' lang='lat' dir='ltr'><strong>sedes</strong></span> <span class='ocrx_word' id='word_1_619' title='bbox 2338 4241 2400 4286; x_wconf 91' lang='lat' dir='ltr'><strong>om-</strong></span> 
     </span>
     <span class='ocr_line' id='line_1_45' title="bbox 401 4305 2400 4477; baseline -0.002 -17"><span class='ocrx_word' id='word_1_620' title='bbox 401 4305 780 4476; x_wconf 45' lang='lat' dir='ltr'><strong>{attitulati</strong></span> <span class='ocrx_word' id='word_1_621' title='bbox 793 4305 1375 4476; x_wconf 67' lang='lat' dir='ltr'><strong>hel¹⁸t.ttl.i‘.“⁰‘¹ttlt,ttt</strong></span> <span class='ocrx_word' id='word_1_622' title='bbox 1426 4308 1517 4458; x_wconf 55' lang='lat' dir='ltr'><strong>ll?</strong></span> <span class='ocrx_word' id='word_1_623' title='bbox 1537 4307 1743 4459; x_wconf 65' lang='lat' dir='ltr'><strong>editt.</strong></span> <span class='ocrx_word' id='word_1_624' title='bbox 1756 4307 2400 4477; x_wconf 55' lang='lat' dir='ltr'><strong>‘&#39;tittetteltttllaedat</strong></span> 
     </span>
     <span class='ocr_line' id='line_1_46' title="bbox 402 4442 2399 4564; baseline -0.002 -20"><span class='ocrx_word' id='word_1_625' title='bbox 402 4479 532 4564; x_wconf 87' lang='lat' dir='ltr'><strong>quidam</strong></span> <span class='ocrx_word' id='word_1_626' title='bbox 561 4480 647 4544; x_wconf 90' lang='lat' dir='ltr'><strong>iuter</strong></span> <span class='ocrx_word' id='word_1_627' title='bbox 675 4442 756 4544; x_wconf 80' lang='lat' dir='ltr'><strong>haec</strong></span> <span class='ocrx_word' id='word_1_628' title='bbox 782 4477 846 4542; x_wconf 92' lang='lat' dir='ltr'><strong>duo</strong></span> <span class='ocrx_word' id='word_1_629' title='bbox 869 4478 985 4544; x_wconf 84' lang='lat' dir='ltr'><strong>verba:</strong></span> <span class='ocrx_word' id='word_1_630' title='bbox 1014 4477 1100 4561; x_wconf 90' lang='lat' dir='ltr'><strong>quod</strong></span> <span class='ocrx_word' id='word_1_631' title='bbox 1122 4490 1192 4553; x_wconf 63' lang='lat' dir='ltr'><strong>owe</strong></span> <span class='ocrx_word' id='word_1_632' title='bbox 1214 4477 1376 4561; x_wconf 86' lang='lat' dir='ltr'><strong>significet</strong></span> <span class='ocrx_word' id='word_1_633' title='bbox 1426 4479 1551 4558; x_wconf 86' lang='lat' dir='ltr'><strong>locum,</strong></span> <span class='ocrx_word' id='word_1_634' title='bbox 1592 4480 1685 4563; x_wconf 86' lang='lat' dir='ltr'><strong>quasi</strong></span> <span class='ocrx_word' id='word_1_635' title='bbox 1717 4492 1827 4546; x_wconf 89' lang='lat' dir='ltr'><strong>essent</strong></span> <span class='ocrx_word' id='word_1_636' title='bbox 1858 4480 2018 4564; x_wconf 89' lang='lat' dir='ltr'><strong>singulari</strong></span> <span class='ocrx_word' id='word_1_637' title='bbox 2054 4479 2196 4563; x_wconf 85' lang='lat' dir='ltr'><strong>quodam</strong></span> <span class='ocrx_word' id='word_1_638' title='bbox 2229 4477 2399 4564; x_wconf 84' lang='lat' dir='ltr'><strong>privilegio</strong></span> 
     </span>
     <span class='ocr_line' id='line_1_47' title="bbox 401 4562 2401 4650; baseline -0.002 -18"><span class='ocrx_word' id='word_1_639' title='bbox 401 4566 545 4632; x_wconf 90' lang='lat' dir='ltr'><strong>retinere</strong></span> <span class='ocrx_word' id='word_1_640' title='bbox 563 4564 705 4630; x_wconf 87' lang='lat' dir='ltr'><strong>alienum</strong></span> <span class='ocrx_word' id='word_1_641' title='bbox 722 4570 880 4648; x_wconf 90' lang='lat' dir='ltr'><strong>tanquam</strong></span> <span class='ocrx_word' id='word_1_642' title='bbox 896 4562 1086 4647; x_wconf 89' lang='lat' dir='ltr'><strong>depositum,</strong></span> <span class='ocrx_word' id='word_1_643' title='bbox 1108 4576 1165 4628; x_wconf 90' lang='lat' dir='ltr'><strong>aut</strong></span> <span class='ocrx_word' id='word_1_644' title='bbox 1182 4563 1375 4641; x_wconf 86' lang='lat' dir='ltr'><strong>mercedem,</strong></span> <span class='ocrx_word' id='word_1_645' title='bbox 1426 4567 1590 4631; x_wconf 90' lang='lat' dir='ltr'><strong>immunes</strong></span> <span class='ocrx_word' id='word_1_646' title='bbox 1625 4565 1666 4630; x_wconf 90' lang='lat' dir='ltr'><strong>ab</strong></span> <span class='ocrx_word' id='word_1_647' title='bbox 1698 4565 1785 4631; x_wconf 90' lang='lat' dir='ltr'><strong>omni</strong></span> <span class='ocrx_word' id='word_1_648' title='bbox 1819 4565 2087 4648; x_wconf 87' lang='lat' dir='ltr'><strong>reprehensione,</strong></span> <span class='ocrx_word' id='word_1_649' title='bbox 2120 4577 2290 4650; x_wconf 88' lang='lat' dir='ltr'><strong>postremo</strong></span> <span class='ocrx_word' id='word_1_650' title='bbox 2323 4567 2401 4630; x_wconf 81' lang='lat' dir='ltr'><strong>sitne</strong></span> 
     </span>
     <span class='ocr_line' id='line_1_48' title="bbox 403 4633 2401 4736; baseline -0.004 -18"><span class='ocrx_word' id='word_1_651' title='bbox 403 4662 460 4718; x_wconf 91' lang='lat' dir='ltr'><strong>ant</strong></span> <span class='ocrx_word' id='word_1_652' title='bbox 499 4650 589 4716; x_wconf 90' lang='lat' dir='ltr'><strong>aliud</strong></span> <span class='ocrx_word' id='word_1_653' title='bbox 628 4649 808 4733; x_wconf 89' lang='lat' dir='ltr'><strong>quidpiam:</strong></span> <span class='ocrx_word' id='word_1_654' title='bbox 848 4633 892 4718; x_wconf 74' lang='lat' dir='ltr'><strong>iu</strong></span> <span class='ocrx_word' id='word_1_655' title='bbox 926 4659 1034 4716; x_wconf 89' lang='lat' dir='ltr'><strong>autem</strong></span> <span class='ocrx_word' id='word_1_656' title='bbox 1067 4649 1229 4734; x_wconf 88' lang='lat' dir='ltr'><strong>significet</strong></span> <span class='ocrx_word' id='word_1_657' title='bbox 1262 4671 1375 4733; x_wconf 87' lang='lat' dir='ltr'><strong>rapere</strong></span> <span class='ocrx_word' id='word_1_658' title='bbox 1427 4653 1498 4735; x_wconf 90' lang='lat' dir='ltr'><strong>ipse</strong></span> <span class='ocrx_word' id='word_1_659' title='bbox 1518 4651 1611 4717; x_wconf 89' lang='lat' dir='ltr'><strong>urbis</strong></span> <span class='ocrx_word' id='word_1_660' title='bbox 1632 4650 1769 4716; x_wconf 84' lang='lat' dir='ltr'><strong>inflabat</strong></span> <span class='ocrx_word' id='word_1_661' title='bbox 1786 4651 1851 4717; x_wconf 89' lang='lat' dir='ltr'><strong>illis</strong></span> <span class='ocrx_word' id='word_1_662' title='bbox 1865 4651 2000 4717; x_wconf 88' lang='lat' dir='ltr'><strong>animos.</strong></span> <span class='ocrx_word' id='word_1_663' title='bbox 2035 4651 2122 4718; x_wconf 90' lang='lat' dir='ltr'><strong>Nam</strong></span> <span class='ocrx_word' id='word_1_664' title='bbox 2136 4673 2237 4736; x_wconf 91' lang='lat' dir='ltr'><strong>quum</strong></span> <span class='ocrx_word' id='word_1_665' title='bbox 2253 4650 2401 4734; x_wconf 88' lang='lat' dir='ltr'><strong>respicie-</strong></span> 
     </span>
     <span class='ocr_line' id='line_1_49' title="bbox 403 4734 2402 4820; baseline -0.003 -16"><span class='ocrx_word' id='word_1_666' title='bbox 403 4736 572 4804; x_wconf 85' lang='lat' dir='ltr'><strong>violenter.</strong></span> <span class='ocrx_word' id='word_1_667' title='bbox 618 4734 684 4802; x_wconf 86' lang='lat' dir='ltr'><strong>Sed</strong></span> <span class='ocrx_word' id='word_1_668' title='bbox 715 4735 889 4802; x_wconf 87' lang='lat' dir='ltr'><strong>discrimen</strong></span> <span class='ocrx_word' id='word_1_669' title='bbox 917 4734 1000 4800; x_wconf 91' lang='lat' dir='ltr'><strong>illud</strong></span> <span class='ocrx_word' id='word_1_670' title='bbox 1029 4737 1240 4801; x_wconf 86' lang='lat' dir='ltr'><strong>confunditur</strong></span> <span class='ocrx_word' id='word_1_671' title='bbox 1262 4757 1282 4800; x_wconf 90' lang='lat' dir='ltr'><strong>a</strong></span> <span class='ocrx_word' id='word_1_672' title='bbox 1304 4757 1375 4819; x_wconf 91' lang='lat' dir='ltr'><strong>pro·</strong></span> <span class='ocrx_word' id='word_1_673' title='bbox 1426 4737 1507 4804; x_wconf 91' lang='lat' dir='ltr'><strong>bant</strong></span> <span class='ocrx_word' id='word_1_674' title='bbox 1528 4735 1738 4802; x_wconf 89' lang='lat' dir='ltr'><strong>altitudinem</strong></span> <span class='ocrx_word' id='word_1_675' title='bbox 1765 4757 1944 4816; x_wconf 88' lang='lat' dir='ltr'><strong>murorum,</strong></span> <span class='ocrx_word' id='word_1_676' title='bbox 1973 4749 2008 4802; x_wconf 93' lang='lat' dir='ltr'><strong>et</strong></span> <span class='ocrx_word' id='word_1_677' title='bbox 2029 4749 2136 4804; x_wconf 89' lang='lat' dir='ltr'><strong>turres</strong></span> <span class='ocrx_word' id='word_1_678' title='bbox 2158 4759 2247 4820; x_wconf 85' lang='lat' dir='ltr'><strong>suas,</strong></span> <span class='ocrx_word' id='word_1_679' title='bbox 2279 4749 2314 4804; x_wconf 90' lang='lat' dir='ltr'><strong>et</strong></span> <span class='ocrx_word' id='word_1_680' title='bbox 2341 4735 2402 4800; x_wconf 89' lang='lat' dir='ltr'><strong>alia</strong></span> 
     </span>
     <span class='ocr_line' id='line_1_50' title="bbox 403 4819 2402 4908; baseline -0.002 -20"><span class='ocrx_word' id='word_1_681' title='bbox 403 4823 512 4907; x_wconf 90' lang='lat' dir='ltr'><strong>pheta,</strong></span> <span class='ocrx_word' id='word_1_682' title='bbox 541 4820 814 4905; x_wconf 88' lang='lat' dir='ltr'><strong>quemadmodum</strong></span> <span class='ocrx_word' id='word_1_683' title='bbox 845 4832 990 4904; x_wconf 89' lang='lat' dir='ltr'><strong>apparet.</strong></span> <span class='ocrx_word' id='word_1_684' title='bbox 1033 4820 1122 4887; x_wconf 90' lang='lat' dir='ltr'><strong>Dicit</strong></span> <span class='ocrx_word' id='word_1_685' title='bbox 1148 4823 1247 4902; x_wconf 89' lang='lat' dir='ltr'><strong>enim,</strong></span> <span class='ocrx_word' id='word_1_686' title='bbox 1276 4823 1376 4890; x_wconf 87' lang='lat' dir='ltr'><strong>Libe·</strong></span> <span class='ocrx_word' id='word_1_687' title='bbox 1427 4822 1680 4908; x_wconf 91' lang='lat' dir='ltr'><strong>propuguaoula,</strong></span> <span class='ocrx_word' id='word_1_688' title='bbox 1709 4823 1868 4904; x_wconf 88' lang='lat' dir='ltr'><strong>potabant</strong></span> <span class='ocrx_word' id='word_1_689' title='bbox 1889 4843 1924 4890; x_wconf 88' lang='lat' dir='ltr'><strong>se</strong></span> <span class='ocrx_word' id='word_1_690' title='bbox 1946 4844 2017 4890; x_wconf 87' lang='lat' dir='ltr'><strong>esse</strong></span> <span class='ocrx_word' id='word_1_691' title='bbox 2047 4825 2296 4890; x_wconf 69' lang='lat' dir='ltr'><strong>crocitatum</strong></span> <span class='ocrx_word' id='word_1_692' title='bbox 2326 4819 2402 4888; x_wconf 91' lang='lat' dir='ltr'><strong>telo·</strong></span> 
     </span>
     <span class='ocr_line' id='line_1_51' title="bbox 403 4907 2404 4994; baseline -0.002 -19"><span class='ocrx_word' id='word_1_693' title='bbox 403 4919 475 4975; x_wconf 87' lang='lat' dir='ltr'><strong>rate</strong></span> <span class='ocrx_word' id='word_1_694' title='bbox 506 4921 654 4994; x_wconf 87' lang='lat' dir='ltr'><strong>raptum,</strong></span> <span class='ocrx_word' id='word_1_695' title='bbox 687 4909 721 4972; x_wconf 90' lang='lat' dir='ltr'><strong>id</strong></span> <span class='ocrx_word' id='word_1_696' title='bbox 753 4917 817 4985; x_wconf 88' lang='lat' dir='ltr'><strong>est,</strong></span> <span class='ocrx_word' id='word_1_697' title='bbox 850 4907 1042 4989; x_wconf 85' lang='lat' dir='ltr'><strong>spoliatum:</strong></span> <span class='ocrx_word' id='word_1_698' title='bbox 1077 4929 1094 4972; x_wconf 93' lang='lat' dir='ltr'><strong>e</strong></span> <span class='ocrx_word' id='word_1_699' title='bbox 1127 4909 1219 4974; x_wconf 90' lang='lat' dir='ltr'><strong>cuius</strong></span> <span class='ocrx_word' id='word_1_700' title='bbox 1251 4907 1376 4974; x_wconf 80' lang='lat' dir='ltr'><strong>manui</strong></span> <span class='ocrx_word' id='word_1_701' title='bbox 1427 4931 1510 4976; x_wconf 90' lang='lat' dir='ltr'><strong>rum.</strong></span> <span class='ocrx_word' id='word_1_702' title='bbox 1562 4909 1650 4974; x_wconf 89' lang='lat' dir='ltr'><strong>Hinc</strong></span> <span class='ocrx_word' id='word_1_703' title='bbox 1679 4908 1780 4993; x_wconf 89' lang='lat' dir='ltr'><strong>igitur</strong></span> <span class='ocrx_word' id='word_1_704' title='bbox 1808 4909 1966 4976; x_wconf 89' lang='lat' dir='ltr'><strong>securitas</strong></span> <span class='ocrx_word' id='word_1_705' title='bbox 1995 4930 2094 4993; x_wconf 88' lang='lat' dir='ltr'><strong>quam</strong></span> <span class='ocrx_word' id='word_1_706' title='bbox 2123 4931 2213 4976; x_wconf 89' lang='lat' dir='ltr'><strong>nnnc</strong></span> <span class='ocrx_word' id='word_1_707' title='bbox 2243 4907 2404 4994; x_wconf 85' lang='lat' dir='ltr'><strong>propheta</strong></span> 
     </span>
     <span class='ocr_line' id='line_1_52' title="bbox 404 4991 2403 5080; baseline -0.003 -18"><span class='ocrx_word' id='word_1_708' title='bbox 404 5016 522 5080; x_wconf 89' lang='lat' dir='ltr'><strong>nempe</strong></span> <span class='ocrx_word' id='word_1_709' title='bbox 564 4993 773 5078; x_wconf 86' lang='lat' dir='ltr'><strong>oppressoris.</strong></span> <span class='ocrx_word' id='word_1_710' title='bbox 835 4992 946 5074; x_wconf 91' lang='lat' dir='ltr'><strong>Quum</strong></span> <span class='ocrx_word' id='word_1_711' title='bbox 990 4991 1070 5059; x_wconf 88' lang='lat' dir='ltr'><strong>haec</strong></span> <span class='ocrx_word' id='word_1_712' title='bbox 1114 4993 1177 5060; x_wconf 89' lang='lat' dir='ltr'><strong>duo</strong></span> <span class='ocrx_word' id='word_1_713' title='bbox 1216 4994 1302 5058; x_wconf 88' lang='lat' dir='ltr'><strong>inter</strong></span> <span class='ocrx_word' id='word_1_714' title='bbox 1341 5016 1376 5060; x_wconf 88' lang='lat' dir='ltr'><strong>sa</strong></span> <span class='ocrx_word' id='word_1_715' title='bbox 1428 4994 1629 5079; x_wconf 90' lang='lat' dir='ltr'><strong>perstringit,</strong></span> <span class='ocrx_word' id='word_1_716' title='bbox 1658 5004 1689 5058; x_wconf 89' lang='lat' dir='ltr'><strong>st</strong></span> <span class='ocrx_word' id='word_1_717' title='bbox 1719 4994 1791 5062; x_wconf 90' lang='lat' dir='ltr'><strong>ideo</strong></span> <span class='ocrx_word' id='word_1_718' title='bbox 1821 5005 1915 5062; x_wconf 85' lang='lat' dir='ltr'><strong>vocat</strong></span> <span class='ocrx_word' id='word_1_719' title='bbox 1943 4993 2157 5062; x_wconf 66' lang='lat' dir='ltr'><strong>habdotrioom</strong></span> <span class='ocrx_word' id='word_1_720' title='bbox 2184 4995 2292 5062; x_wconf 68' lang='lat' dir='ltr'><strong>cuuis.</strong></span> <span class='ocrx_word' id='word_1_721' title='bbox 2337 4991 2403 5059; x_wconf 87' lang='lat' dir='ltr'><strong>Sei·</strong></span> 
     </span>
     <span class='ocr_line' id='line_1_53' title="bbox 404 5065 2403 5165; baseline -0.001 -19"><span class='ocrx_word' id='word_1_722' title='bbox 404 5079 640 5165; x_wconf 89' lang='lat' dir='ltr'><strong>respondeant,</strong></span> <span class='ocrx_word' id='word_1_723' title='bbox 672 5101 731 5164; x_wconf 92' lang='lat' dir='ltr'><strong>ego</strong></span> <span class='ocrx_word' id='word_1_724' title='bbox 765 5098 830 5143; x_wconf 91' lang='lat' dir='ltr'><strong>non</strong></span> <span class='ocrx_word' id='word_1_725' title='bbox 866 5079 978 5144; x_wconf 94' lang='lat' dir='ltr'><strong>dubito</strong></span> <span class='ocrx_word' id='word_1_726' title='bbox 1011 5080 1089 5161; x_wconf 89' lang='lat' dir='ltr'><strong>quin</strong></span> <span class='ocrx_word' id='word_1_727' title='bbox 1119 5065 1163 5148; x_wconf 76' lang='lat' dir='ltr'><strong>iu</strong></span> <span class='ocrx_word' id='word_1_728' title='bbox 1194 5081 1376 5162; x_wconf 83' lang='lat' dir='ltr'><strong>promiscue</strong></span> <span class='ocrx_word' id='word_1_729' title='bbox 1427 5101 1501 5147; x_wconf 89' lang='lat' dir='ltr'><strong>mue</strong></span> <span class='ocrx_word' id='word_1_730' title='bbox 1523 5079 1759 5165; x_wconf 85' lang='lat' dir='ltr'><strong>lerosolymam</strong></span> <span class='ocrx_word' id='word_1_731' title='bbox 1783 5081 1879 5146; x_wconf 88' lang='lat' dir='ltr'><strong>sitem</strong></span> <span class='ocrx_word' id='word_1_732' title='bbox 1910 5082 2008 5147; x_wconf 85' lang='lat' dir='ltr'><strong>fuisse</strong></span> <span class='ocrx_word' id='word_1_733' title='bbox 2041 5082 2077 5146; x_wconf 95' lang='lat' dir='ltr'><strong>in</strong></span> <span class='ocrx_word' id='word_1_734' title='bbox 2104 5081 2274 5148; x_wconf 88' lang='lat' dir='ltr'><strong>colliculis.</strong></span> <span class='ocrx_word' id='word_1_735' title='bbox 2320 5079 2403 5146; x_wconf 85' lang='lat' dir='ltr'><strong>Nam</strong></span> 
     </span>
     <span class='ocr_line' id='line_1_54' title="bbox 404 5163 2402 5252; baseline -0.001 -19"><span class='ocrx_word' id='word_1_736' title='bbox 404 5167 566 5250; x_wconf 83' lang='lat' dir='ltr'><strong>significet</strong></span> <span class='ocrx_word' id='word_1_737' title='bbox 588 5186 703 5249; x_wconf 90' lang='lat' dir='ltr'><strong>rapere</strong></span> <span class='ocrx_word' id='word_1_738' title='bbox 725 5175 758 5232; x_wconf 90' lang='lat' dir='ltr'><strong>et</strong></span> <span class='ocrx_word' id='word_1_739' title='bbox 781 5164 938 5248; x_wconf 86' lang='lat' dir='ltr'><strong>praedari.</strong></span> <span class='ocrx_word' id='word_1_740' title='bbox 972 5163 1169 5247; x_wconf 77' lang='lat' dir='ltr'><strong>Quanquam</strong></span> <span class='ocrx_word' id='word_1_741' title='bbox 1191 5178 1261 5252; x_wconf 71' lang='grc' dir='ltr'>ριιιι</span> <span class='ocrx_word' id='word_1_742' title='bbox 1280 5186 1376 5248; x_wconf 88' lang='lat' dir='ltr'><strong>saepe</strong></span> <span class='ocrx_word' id='word_1_743' title='bbox 1427 5187 1522 5233; x_wconf 86' lang='lat' dir='ltr'><strong>mons</strong></span> <span class='ocrx_word' id='word_1_744' title='bbox 1545 5165 1627 5233; x_wconf 85' lang='lat' dir='ltr'><strong>Sion</strong></span> <span class='ocrx_word' id='word_1_745' title='bbox 1650 5176 1720 5233; x_wconf 88' lang='lat' dir='ltr'><strong>erat</strong></span> <span class='ocrx_word' id='word_1_746' title='bbox 1750 5168 1844 5251; x_wconf 90' lang='lat' dir='ltr'><strong>quasi</strong></span> <span class='ocrx_word' id='word_1_747' title='bbox 1875 5165 1999 5250; x_wconf 84' lang='lat' dir='ltr'><strong>biceps:</strong></span> <span class='ocrx_word' id='word_1_748' title='bbox 2030 5165 2148 5234; x_wconf 88' lang='lat' dir='ltr'><strong>deinde</strong></span> <span class='ocrx_word' id='word_1_749' title='bbox 2176 5177 2275 5234; x_wconf 88' lang='lat' dir='ltr'><strong>erant</strong></span> <span class='ocrx_word' id='word_1_750' title='bbox 2305 5166 2402 5233; x_wconf 87' lang='lat' dir='ltr'><strong>etiam</strong></span> 
     </span>
     <span class='ocr_line' id='line_1_55' title="bbox 405 5249 2403 5338; baseline -0.002 -18"><span class='ocrx_word' id='word_1_751' title='bbox 405 5254 503 5320; x_wconf 73' lang='lat' dir='ltr'><strong>eoam</strong></span> <span class='ocrx_word' id='word_1_752' title='bbox 533 5251 690 5335; x_wconf 88' lang='lat' dir='ltr'><strong>accipitur</strong></span> <span class='ocrx_word' id='word_1_753' title='bbox 719 5271 778 5336; x_wconf 92' lang='lat' dir='ltr'><strong>pro</strong></span> <span class='ocrx_word' id='word_1_754' title='bbox 808 5249 966 5316; x_wconf 80' lang='lat' dir='ltr'><strong>fallaciter</strong></span> <span class='ocrx_word' id='word_1_755' title='bbox 993 5251 1192 5333; x_wconf 89' lang='lat' dir='ltr'><strong>opprimere,</strong></span> <span class='ocrx_word' id='word_1_756' title='bbox 1225 5251 1283 5318; x_wconf 89' lang='lat' dir='ltr'><strong>sed</strong></span> <span class='ocrx_word' id='word_1_757' title='bbox 1312 5273 1376 5317; x_wconf 91' lang='lat' dir='ltr'><strong>non</strong></span> <span class='ocrx_word' id='word_1_758' title='bbox 1427 5253 1526 5320; x_wconf 89' lang='lat' dir='ltr'><strong>colles</strong></span> <span class='ocrx_word' id='word_1_759' title='bbox 1556 5252 1625 5319; x_wconf 83' lang='lat' dir='ltr'><strong>iere</strong></span> <span class='ocrx_word' id='word_1_760' title='bbox 1653 5253 1808 5338; x_wconf 86' lang='lat' dir='ltr'><strong>contigui,</strong></span> <span class='ocrx_word' id='word_1_761' title='bbox 1842 5273 1957 5318; x_wconf 85' lang='lat' dir='ltr'><strong>versus</strong></span> <span class='ocrx_word' id='word_1_762' title='bbox 1990 5252 2157 5319; x_wconf 85' lang='lat' dir='ltr'><strong>Libanum</strong></span> <span class='ocrx_word' id='word_1_763' title='bbox 2189 5251 2403 5338; x_wconf 84' lang='lat' dir='ltr'><strong>praesertim:</strong></span> 
     </span>
    </p>
   </div>
   <div class='ocr_carea' id='block_1_6' title="bbox 405 5335 2526 5423">
    <p class='ocr_par' dir='ltr' id='par_1_10' title="bbox 405 5335 2526 5423">
     <span class='ocr_line' id='line_1_56' title="bbox 405 5335 2526 5423; baseline -0.004 -16"><span class='ocrx_word' id='word_1_764' title='bbox 405 5359 543 5423; x_wconf 89' lang='lat' dir='ltr'><strong>semper.</strong></span> <span class='ocrx_word' id='word_1_765' title='bbox 576 5337 743 5422; x_wconf 89' lang='lat' dir='ltr'><strong>Quidquid</strong></span> <span class='ocrx_word' id='word_1_766' title='bbox 764 5337 815 5418; x_wconf 87' lang='lat' dir='ltr'><strong>sit,</strong></span> <span class='ocrx_word' id='word_1_767' title='bbox 838 5335 1000 5422; x_wconf 85' lang='lat' dir='ltr'><strong>significat</strong></span> <span class='ocrx_word' id='word_1_768' title='bbox 1018 5337 1108 5403; x_wconf 89' lang='lat' dir='ltr'><strong>Deus</strong></span> <span class='ocrx_word' id='word_1_769' title='bbox 1131 5337 1256 5403; x_wconf 88' lang='lat' dir='ltr'><strong>nullum</strong></span> <span class='ocrx_word' id='word_1_770' title='bbox 1278 5336 1377 5404; x_wconf 84' lang='lat' dir='ltr'><strong>luisse</strong></span> <span class='ocrx_word' id='word_1_771' title='bbox 1428 5347 1538 5405; x_wconf 89' lang='lat' dir='ltr'><strong>tamen</strong></span> <span class='ocrx_word' id='word_1_772' title='bbox 1571 5347 1642 5406; x_wconf 88' lang='lat' dir='ltr'><strong>erat</strong></span> <span class='ocrx_word' id='word_1_773' title='bbox 1674 5338 1819 5421; x_wconf 88' lang='lat' dir='ltr'><strong>undique</strong></span> <span class='ocrx_word' id='word_1_774' title='bbox 1851 5339 2019 5422; x_wconf 87' lang='lat' dir='ltr'><strong>planities:</strong></span> <span class='ocrx_word' id='word_1_775' title='bbox 2061 5339 2178 5408; x_wconf 89' lang='lat' dir='ltr'><strong>deinde</strong></span> <span class='ocrx_word' id='word_1_776' title='bbox 2211 5339 2239 5407; x_wconf 95' lang='lat' dir='ltr'><strong>si</strong></span> <span class='ocrx_word' id='word_1_777' title='bbox 2276 5338 2403 5406; x_wconf 84' lang='lat' dir='ltr'><strong>ablatus</strong></span> <span class='ocrx_word' id='word_1_778' title='bbox 2525 5353 2526 5372; x_wconf 49' lang='grc' dir='ltr'>ι</span> 
     </span>
    </p>
   </div>
   <div class='ocr_carea' id='block_1_7' title="bbox 0 0 2609 6116">
    <p class='ocr_par' dir='ltr' id='par_1_11' title="bbox 0 0 2609 6116">
     <span class='ocr_line' id='line_1_57' title="bbox 0 0 2609 6116; baseline 0 0"><span class='ocrx_word' id='word_1_779' title='bbox 0 0 2609 6116; x_wconf 95' lang='lat' dir='ltr'><strong> </strong></span> 
     </span>
    </p>
   </div>
  </div>
 </body>
</html>
