5118 6136
383 419 446 483 651
1198 407 1582 478 PRAELIIO'PIONES
2322 413 2386 478 652

385 607 472 690 parit
493 605 526 669 in
551 601 630 684 ipsis
658 599 882 664 securitatem:
911 599 958 663 ita
980 599 1018 664 fir
1041 612 1077 662 ut
1100 597 1180 662 fides
1203 598 1360 664 suffocata
1414 599 1457 662 lilt
1478 597 1559 663 haec
1582 599 1728 664 doctrina
1750 601 1848 664 etiam
1872 599 1967 666 debet
1989 602 2225 668 accommodari
2247 603 2288 668 ad
2307 609 2385 668 tem·

385 694 443 770 sit,
473 711 532 758 neu
562 685 705 770 proferat
737 705 813 750 snos
843 683 978 750 fructus.
1031 683 1115 748 Nam
1148 685 1359 766 praecipuam
1412 704 1472 766 pus
1491 696 1650 751 nostrum.
1685 684 1768 750 Nam
1789 685 1927 752 minime
1947 687 2146 769 sperandum
2166 697 2224 769 est,
2244 689 2384 755 utDeus

386 777 460 842 fidei
484 773 675 841 exercitium
698 781 748 835 est
770 769 933 835 invocatio
946 769 1024 833 Dei:
1047 771 1104 852 qui
1123 779 1230 834 eutem
1253 771 1358 834 securi
1411 770 1458 834 ita
1480 773 1659 835 constituat
1681 773 1715 835 in
1739 771 1862 835 mundo
1884 792 1976 836 snam
1999 773 2179 852 ecclesiam,
2210 787 2249 838 ut
2270 795 2384 840 omnes

386 875 463 930 sunt
484 862 559 944 quia
582 878 648 923 non
670 857 816 940 cogitant
837 855 877 919 de
899 855 975 920 allis
1005 856 1168 938 periculis,
1199 855 1271 918 ideo
1296 876 1359 919 nou
1411 853 1451 919 ad
1476 877 1578 921 uuum
1600 857 1716 940 spiritu
1740 858 1808 922 eius
1832 858 1970 941 regeniti
1993 861 2197 924 consentiant
2217 861 2253 924 iu
2272 881 2385 926 reram

386 949 581 1032 confugiunt
602 945 643 1007 ad
667 943 784 1020 Deum,
807 952 841 1005 et
862 941 909 1006 ita
929 942 1193 1024 praetermittunt
1218 940 1360 1005 officium
1411 941 1584 1023 pietatem:
1617 941 1674 1007 sed
1697 941 1820 1026 colligit
1843 944 1985 1027 undique
2013 943 2182 1009 ecclesiam
2206 966 2309 1026 suam,
2339 947 2385 1011 sic

386 1033 469 1100 illud
499 1029 642 1118 pietatis,
671 1029 705 1092 in
730 1049 795 1110 qno
820 1027 994 1111 praecipue
1024 1026 1185 1092 debebant
1208 1047 1241 1090 sc
1264 1047 1359 1090 exer·
1412 1040 1522 1092 tamen
1556 1037 1593 1092 ut
1625 1047 1754 1111 semper
1787 1040 1943 1112 appareat
1979 1031 2123 1112 gratuita
2155 1031 2224 1096 eius
2258 1033 2385 1096 miscri-

387 1141 468 1186 care.
513 1116 684 1199 Propheta
712 1114 814 1198 igitur
837 1112 890 1179 bic
912 1114 1064 1179 admonet
1091 1113 1137 1178 sic
1159 1111 1358 1176 laudandum
1411 1112 1529 1189 cordia,
1552 1114 1703 1196 qnoniam
1725 1127 1821 1178 erunt
1842 1115 1993 1197 reliquiae
2013 1115 2182 1182 duntaxat.
2216 1116 2384 1199 Sequitur,

387 1227 459 1272 esse
501 1205 607 1270 Deum
652 1207 688 1265 ut
727 1211 836 1264 tamen
878 1199 977 1265 simul
1019 1207 1194 1281 precentur
1238 1197 1359 1262 fideles.

388 1291 526 1359 Summa
555 1299 621 1362 est,
655 1306 755 1370 quum
785 1285 878 1350 Deus
912 1286 1072 1366 promittit
1102 1305 1136 1348 se
1166 1283 1259 1349 nobis
1292 1283 1360 1348 iore
1497 1283 1528 1350 8.
1551 1281 1630 1350 Erre
1650 1284 1799 1350 reducens
1820 1287 1908 1366 ipsos
1929 1307 1945 1351 e
1966 1292 2053 1352 terra
2074 1287 2243 1370 aquilonis,
2266 1293 2295 1352 et
2315 1309 2385 1354 corr·

387 1378 574 1462 propitium,
603 1382 776 1456 suppetere
799 1369 892 1437 nobis
914 1373 993 1434 satis
1015 1371 1155 1452 amplam
1188 1369 1360 1435 materiam
1410 1369 1543 1451 prepabo
1564 1390 1615 1435 eos
1635 1390 1674 1434 err
1690 1369 1840 1436 lateribus
1860 1377 1978 1437 terrea
2000 1373 2033 1438 r'rr
2053 1373 2134 1454 ipsis
2156 1379 2246 1439 emerat
2267 1394 2384 1456 meras,

387 1462 507 1548 gandii.
563 1459 719 1528 Contenti
758 1459 860 1541 igitur
897 1458 1000 1521 simus
1037 1455 1123 1520 nudo
1160 1455 1224 1520 Dei
1262 1455 1360 1519 verbo
1411 1455 1601 1537 edacius,
1626 1475 1806 1540 praeperans
1827 1462 1855 1522 et
1873 1476 2032 1538 puerpera
2060 1459 2166 1541 simul,
2195 1464 2295 1525 codar
2316 1480 2384 1524 mu-

387 1571 490 1632 quum
523 1546 666 1612 allirmat
693 1565 727 1607 se
751 1543 843 1608 nobis
878 1542 946 1607 lore
976 1543 1011 1606 in
1035 1555 1170 1624 patrem,
1205 1553 1238 1604 ct
1259 1561 1360 1622 quum
1409 1561 1492 1623 parra
1515 1541 1790 1608 reverteatarbuc.

388 1633 552 1718 promittit
584 1630 723 1697 salntem
756 1639 902 1693 nostram
936 1629 996 1693 sibi
1030 1648 1127 1693 curae
1159 1626 1238 1691 iore.
1293 1625 1360 1690 Sed
2291 1685 2295 1694 .

388 1721 532 1803 interea,
570 1714 845 1800 quemadmodum
880 1713 965 1790 dixi,
1007 1713 1133 1779 laetitia
1165 1734 1231 1777 non
1265 1709 1361 1776 debet
1499 1711 1680 1776 Confirmat
1703 1732 1819 1778 rursus
1841 1713 2001 1796 propheta
2023 1714 2158 1780 eandem
2178 1717 2383 1795 senteutiam,

390 1804 525 1870 reddere
558 1824 617 1868 nos
650 1821 797 1879 securos,
831 1813 869 1864 ut
900 1798 981 1865 fides
1014 1800 1117 1864 otiosa
1150 1799 1269 1880 iaceat,
1304 1796 1360 1861 sed
1412 1797 1468 1862 sed
1490 1818 1565 1863 curn
1588 1798 1847 1879 amplificatione.
1891 1799 2004 1882 Neque
2027 1801 2114 1866 euim
2137 1813 2264 1865 tautum
2290 1821 2385 1884 prae·

389 1891 486 1958 debet
516 1889 625 1973 potius
655 1907 715 1952 uos
737 1885 906 1951 stimulare
929 1885 970 1950 ad
992 1905 1113 1967 preces.
1160 1883 1232 1949 Hoc
1261 1884 1361 1967 igitur
1414 1882 1498 1947 latur
1521 1883 1583 1949 hoc
1604 1884 1772 1949 oraculum
1801 1885 1981 1967 protectum
2012 1907 2081 1952 esse
2104 1907 2123 1951 a
2146 1884 2227 1968 Deo,
2262 1887 2319 1952 sed
2349 1898 2385 1950 ut

390 1996 503 2042 verum
526 1981 577 2041 est
600 1993 637 2038 ac
659 1971 828 2055 spirituale
857 1970 1021 2055 gaudium,
1053 1969 1137 2053 quod
1160 1969 1361 2051 concipimus
1412 1969 1514 2033 oratio
1547 1970 1590 2033 sit
1624 1968 1857 2053 vehementior,
1896 1971 2023 2038 inducit
2054 1973 2162 2053 ipsum
2196 1972 2304 2036 Deum
2339 1973 2387 2036 lo·

389 2085 432 2126 ex
455 2061 553 2126 verbo
576 2059 650 2136 Dei,
678 2079 779 2140 quum
802 2057 924 2122 alacres
947 2078 1061 2122 sumus
1082 2055 1123 2120 ad
1147 2056 1359 2138 precandum:
1413 2064 1575 2135 quantem,
1599 2054 1764 2139 Euterpe,
1788 2056 1903 2139 inquit,
1925 2057 2140 2122 redaoameos
2157 2063 2271 2124 eterra
2295 2060 2385 2140 aqui-

389 2150 493 2230 frigus
516 2154 625 2211 autem
648 2164 686 2208 ac
707 2143 864 2209 securitas
887 2143 1017 2224 signum
1038 2153 1088 2207 est
1111 2163 1174 2206 non
1198 2140 1282 2218 fidei,
1303 2139 1361 2204 sed
1411 2139 1502 2204 lenia.
1546 2139 1632 2204 Nem
1657 2140 1808 2226 Babylon
1838 2153 1911 2206 erat
1939 2143 2204 2224 septentrionalis
2235 2153 2385 2227 respectu

389 2233 571 2300 socordiae:
601 2239 634 2296 et
656 2230 885 2313 promissiones
907 2228 971 2293 Dei
1001 2248 1168 2310 nunqnam
1198 2247 1297 2292 verae
1326 2226 1360 2290 in
1411 2224 1561 2301 Iudaeae,
1585 2238 1622 2290 nt
1644 2227 1723 2292 satis
1747 2241 1860 2292 notum
1883 2238 1942 2294 est.
1987 2229 2032 2294 Et
2055 2230 2181 2312 quoties
2206 2228 2385 2311 loquuntur

390 2319 482 2385 nobis
505 2319 652 2384 efficaces
674 2323 762 2392 sunt,
782 2319 820 2380 ut
843 2335 902 2398 par
925 2322 983 2393 cst,
1006 2314 1068 2378 nisi
1090 2334 1190 2395 quam
1212 2311 1359 2378 accendi·
1412 2311 1589 2394 prophetae
1612 2310 1651 2376 de
1674 2312 1897 2396 redemptione
1926 2314 2052 2397 populi,
2083 2335 2212 2398 semper
2239 2317 2386 2380 nominat

389 2415 445 2470 tur
474 2403 604 2468 animas
638 2413 749 2466 noster
775 2401 816 2465 ad
846 2399 1002 2480 studium,
1035 2399 1101 2464 imo
1130 2397 1169 2463 ad
1200 2398 1361 2463 fervorem
1412 2398 1616 2480 aquilonem:
1654 2399 1749 2463 sicuti
1783 2400 1880 2464 etiam
1913 2421 2014 2483 quum
2052 2399 2219 2465 minantur
2256 2401 2385 2484 populo,

389 2488 553 2573 precandi.
597 2487 690 2553 Haec
712 2485 814 2570 igitur
836 2487 919 2552 ratio
942 2498 992 2550 est
1014 2506 1073 2551 cur
1094 2483 1250 2567 propheta
1273 2495 1361 2567 post·
1413 2482 1528 2548 dicnnt
1560 2485 1742 2548 exercitum
1776 2494 1970 2561 venturum,
2005 2485 2057 2551 vel
2090 2485 2309 2551 calamitatem
2345 2488 2384 2552 ab

390 2596 488 2658 quam
519 2575 616 2638 iussit
646 2571 757 2637 fideles
786 2572 921 2636 laudare
948 2584 981 2634 ot
1006 2569 1170 2635 celebrare
1193 2570 1255 2634 Dei
1286 2591 1360 2653 gra·
1413 2569 1573 2652 aquilone.
1614 2569 1711 2634 Prius
1734 2568 1895 2653 redempti
1918 2571 2047 2636 lucrant
2070 2589 2089 2634 a
2113 2571 2257 2636 meridie.
2298 2571 2383 2636 Nam

390 2664 480 2736 tiam,
512 2659 609 2724 simul
640 2656 740 2722 addat
768 2659 996 2741 precationem.
1037 2656 1160 2738 Dicite,
1190 2654 1289 2720 Serra
1312 2655 1362 2720 Ie·
1414 2655 1488 2719 talis
1520 2663 1591 2719 erat
1627 2655 1710 2720 situs
1742 2655 1894 2741 Aegypti.
1951 2655 2047 2722 Nunc
2081 2667 2190 2721 autem
2226 2657 2385 2740 propheta

388 2745 490 2812 meat
514 2744 669 2826 papalum
697 2749 794 2808 taum.
839 2742 928 2825 Ergo
956 2743 1001 2806 sic
1022 2742 1166 2824 oportuit
1193 2741 1266 2805 illos
1296 2741 1361 2805 lae·
1413 2741 1577 2823 siguificat
1599 2740 1706 2804 Deum
1735 2744 1931 2807 instructum
1962 2763 2033 2806 esse
2059 2743 2207 2824 potentia
2235 2743 2275 2806 ad
2300 2745 2385 2826 ipsos

389 2833 464 2914 tari,
487 2838 525 2895 ut
546 2829 677 2896 solliciti
700 2841 811 2894 essent
832 2827 872 2892 de
891 2827 1097 2893 restitutione
1120 2827 1282 2892 ecclesiae.
1318 2827 1362 2890 Et
1413 2825 1531 2890 iterum
1554 2825 1739 2890 liberandus
1762 2849 1780 2890 e
1803 2833 1891 2892 terra
1913 2827 2155 2910 septentrionis.
2188 2829 2309 2894 Postea
2331 2830 2386 2893 ad·

389 2937 478 2982 nune
500 2917 599 2981 etiam
622 2916 752 2997 quoties
774 2915 866 2979 Deus
894 2913 1030 2996 affulget
1057 2912 1150 2978 nobis
1172 2933 1245 2978 cum
1269 2913 1359 2977 testi·
1414 2911 1536 2995 iungit,
1568 2909 1612 2975 Et
1633 2911 1826 2994 conprepabo
1853 2932 1906 2978 eos
1928 2934 1966 2978 ea
1988 2912 2140 2980 lateribus
2166 2919 2276 2979 turae
2322 2914 2387 2979 Per

389 3003 499 3068 monio
527 3002 653 3086 gratiae
682 3020 760 3066 suae
782 3001 829 3066 sic
851 3018 910 3064 noe
933 2999 1111 3064 exhilarari
1132 2999 1293 3076 convenit,
1323 3009 1361 3062 ιιι
1414 2997 1517 3062 latera
1539 2995 1696 3080 intelligit
1717 3009 1881 3064 extremas
1903 2999 2025 3082 plagas,
2055 3011 2088 3062 et
2111 2999 2258 3084 angulos,
2282 3010 2319 3063 ut
2341 3001 2387 3064 ita

389 3090 515 3153 interea
547 3109 612 3153 non
643 3087 832 3151 omittamus
866 3083 946 3150 illud
979 3085 1125 3167 primum
1157 3083 1233 3150 fidei
1266 3105 1359 3148 exer·
1413 3084 1542 3166 loquar:
1566 3084 1658 3166 quasi
1676 3083 1805 3163 diceret,
1830 3083 2065 3167 dispersionem
2089 3105 2155 3149 non
2177 3085 2387 3166 praecludere

388 3174 510 3250 citium,
534 3192 651 3256 nempe
673 3171 902 3254 precationem.
945 3169 1077 3235 Interea
1098 3168 1188 3234 addit
1209 3169 1362 3251 reliquiar
1415 3172 1500 3236 viam
1513 3167 1592 3245 Deo,
1617 3171 1695 3250 quin
1715 3171 1871 3253 populum
1890 3191 1985 3235 suum
2005 3168 2181 3254 colligeret.
2213 3171 2257 3234 Et
2274 3171 2387 3236 eadem

390 3257 503 3339 Israel,
534 3258 610 3339 quia
631 3257 778 3338 oportuit
807 3256 937 3338 impleri
959 3256 1044 3337 quod
1068 3255 1269 3337 praedictum
1292 3256 1360 3321 lue·
1413 3254 1482 3319 fere
1504 3255 1676 3337 promissio
1697 3255 1818 3340 legitur
1840 3255 1926 3338 apud
1950 3255 2075 3332 Mosen,
2103 3276 2289 3338 qnauquam
2315 3257 2387 3321 aliis

389 3356 441 3409 rat
463 3344 503 3408 ab
526 3342 613 3408 Isaia
641 3339 707 3427 (10,
731 3340 803 3426 22),
837 3340 875 3407 si
899 3341 1038 3424 populus
1060 3352 1136 3405 tuus
1158 3342 1256 3406 luerit
1277 3342 1362 3408 sicut
1414 3340 1534 3419 verbis,
1568 3339 1703 3406 Denter.
1727 3341 1778 3406 30.
1802 3345 1922 3424 capite,
1956 3340 1994 3408 si
2016 3341 2182 3424 dispersus
2204 3343 2306 3407 tueris
2330 3365 2388 3426 per

389 3450 489 3496 arena
510 3427 622 3511 maris,
644 3427 802 3510 reliquiae
825 3432 954 3491 tantum
976 3425 1087 3492 salvae
1110 3427 1197 3492 fient.
1238 3425 1361 3506 Quam·
1414 3439 1552 3511 quatuor
1581 3427 1695 3492 mnndi
1726 3427 1884 3504 cardines,
1919 3447 1978 3510 ogo
2002 3437 2112 3492 tamen
2142 3427 2218 3492 iude
2240 3431 2274 3491 to
2298 3428 2388 3493 colli·

388 3517 440 3582 vis
474 3535 552 3598 ergo
584 3513 743 3597 propheta
773 3511 929 3595 loquutus
961 3511 1062 3576 luerit
1094 3511 1290 3593 generaliter
1323 3509 1363 3578 de
1414 3534 1507 3596 garn:
1537 3511 1605 3578 illic
1628 3512 1791 3598 significat
1812 3513 1906 3578 Deus
1935 3513 2079 3578 locorum
2110 3513 2297 3580 distantiam
2320 3536 2390 3579 non

389 3601 540 3666 omnibus
563 3601 700 3684 posteris
712 3598 876 3677 Abrahae,
899 3602 932 3662 et
949 3595 1233 3680 comprehenderit
1254 3597 1363 3664 decem
1414 3597 1483 3662 fore
1505 3597 1679 3674 obstaculo,
1701 3599 1875 3681 quominus
1897 3598 1996 3664 simul
2018 3609 2115 3681 atque
2137 3599 2309 3664 advenerit
2330 3622 2389 3686 op·

389 3687 506 3764 tribus,
538 3696 647 3750 tamen
670 3685 724 3750 hic
746 3703 804 3767 per
827 3682 960 3748 modum
983 3682 1192 3748 correctionis
1214 3683 1364 3748 nominat
1414 3695 1590 3766 portunum
1624 3691 1763 3766 tempus,
1797 3684 1966 3750 ecclesiam
1994 3705 2087 3750 suam
2115 3705 2229 3752 rursus
2256 3685 2390 3770 colligat

389 3773 552 3854 reliquias,
582 3771 636 3837 vel
658 3768 827 3836 residuum
850 3767 964 3849 Israel,
992 3790 1033 3833 ue
1055 3769 1229 3851 desperant
1250 3769 1363 3836 fideles
1415 3792 1455 3834 ex
1478 3767 1698 3850 dissipatione.
1739 3770 1828 3854 Ergo
1851 3769 2001 3836 ridemus
2024 3769 2107 3852 quid
2127 3771 2291 3854 intelligat
2313 3792 2387 3854 pro·

390 3856 446 3923 ubi
478 3855 638 3923 videbunt
666 3858 724 3921 rix
758 3855 938 3933 decimum,
969 3866 1027 3919 ant
1057 3854 1362 3940 quinquagesimum
1413 3856 1514 3937 pheta
1536 3863 1647 3920 noster
1669 3876 1728 3939 per
1745 3855 1844 3921 latera
1865 3861 1974 3922 terrae.
2008 3855 2090 3920 Vult
2108 3857 2196 3921 enim
2215 3877 2389 3923 occurrere

390 3945 489 4008 etiam
511 3962 672 4024 quemque
694 3941 802 4006 redire
819 3940 860 4006 ab
876 3940 1001 4006 exsilio.
1033 3937 1163 4006 Scimus
1178 3941 1266 4005 enim
1286 3962 1363 4025 prae
1415 3941 1618 4018 dubitationi,
1638 3961 1720 4022 quae
1735 3943 1958 4025 constringere
1976 3950 2105 4026 poterat
2122 3941 2231 4026 populi
2250 3943 2389 4024 animos,

390 4029 517 4112 ingenti
550 4027 760 4092 multitudine
788 4047 908 4110 paucos
939 4046 1089 4091 reversos
1118 4027 1219 4092 luisse
1245 4027 1279 4092 in
1307 4048 1363 4111 pa·
1415 4048 1514 4110 quum
1545 4025 1685 4108 quisque
1707 4027 1834 4092 videret
1860 4049 1978 4110 corpus
2007 4028 2153 4093 lacerum
2176 4036 2209 4092 et
2230 4025 2388 4096 deforma.

392 4114 499 4179 triam.
544 4113 634 4197 Ergo
663 4111 717 4178 hio
739 4111 848 4195 posuit
875 4111 1030 4192 reliquias
1053 4110 1164 4190 Israel,
1194 4121 1230 4176 nt
1251 4113 1363 4178 fideles
1415 4113 1478 4193 He,
1507 4114 1563 4194 qni
1586 4113 1657 4177 fieri
1685 4121 1792 4195 potest
1814 4122 1850 4178 ut
1872 4114 1990 4178 iterum
2020 4113 2264 4179 coalescamus?
2298 4115 2389 4200 Ergo

392 4219 458 4264 non
480 4197 658 4264 abiicerent
679 4219 771 4281 spem
793 4197 828 4261 in
850 4204 1015 4274 posterum
1039 4207 1182 4280 tempus,
1213 4200 1363 4280 quamvis
1415 4198 1573 4281 propheta
1595 4204 1631 4262 ut
1653 4197 1822 4264 medeatur
1849 4196 1925 4264 huic
1952 4198 2146 4264 dubitationi
2175 4197 2255 4264 dicit
2278 4199 2390 4266 Deum

392 4305 458 4349 non
481 4285 593 4349 statim
618 4284 804 4349 restitueret
826 4278 917 4348 Dens
945 4291 1047 4348 totam
1069 4303 1161 4348 suam
1184 4284 1362 4350 ecclesiam.
1416 4283 1537 4365 adfore,
1566 4294 1601 4348 ut
1623 4283 1782 4368 populum
1811 4305 1924 4350 rursus
1952 4295 2138 4369 congreget,
2169 4307 2238 4349 uon
2260 4296 2388 4351 tantum

392 4367 521 4434 Deinde
553 4370 699 4452 oportuit
732 4370 827 4434 etiam
862 4369 1049 4453 hypocritas
1083 4366 1175 4432 deiici
1204 4370 1244 4435 ab
1274 4370 1362 4434 inani
1416 4370 1455 4434 ab
1487 4390 1552 4432 uuo
1582 4369 1720 4452 angulo,
1753 4369 1811 4436 sed
1840 4371 1880 4435 ab
1910 4370 2061 4436 omuibus
2092 4371 2247 4436 extremis
2281 4383 2391 4438 terrae

393 4453 601 4532 confidentia,
624 4476 688 4536 qna
710 4453 894 4538 turgebant.
930 4452 1089 4520 Solebant
1111 4455 1198 4519 euim
1220 4456 1363 4536 arripere
1416 4453 1530 4538 plagis.
1560 4454 1681 4520 Postea
1698 4455 1761 4521 alio
1778 4476 1900 4539 genere
1922 4455 2073 4538 loquendi
2096 4455 2240 4522 ostendit
2261 4457 2390 4523 nullum

393 4538 549 4624 quidquid
572 4539 664 4604 Deus
693 4538 903 4622 promittebat
930 4559 988 4620 per
1009 4559 1120 4604 servos
1142 4559 1228 4605 suos.
1273 4541 1362 4624 Ergo
1415 4539 1686 4622 impedimentum
1712 4551 1780 4606 tam
1803 4541 1947 4606 validum
1970 4541 2039 4606 lore
2062 4541 2147 4624 quod
2170 4563 2233 4606 non
2257 4564 2391 4627 supere·

391 4625 549 4692 Ieremias
570 4625 657 4709 ipsos
678 4624 826 4705 exclusit,
848 4634 887 4689 nt
909 4625 1030 4690 scirent
1051 4622 1092 4689 ad
1113 4645 1147 4690 se
1170 4624 1254 4691 nihil
1275 4647 1365 4708 speo-
1416 4637 1470 4691 tur
1489 4624 1550 4691 Dei
1569 4627 1724 4708 potentia,
1747 4628 1802 4692 abi
1820 4627 1909 4692 volet
1930 4627 2085 4709 populum
2103 4648 2199 4692 sunm
2218 4627 2390 4694 redimere.

391 4721 464 4778 tare
486 4712 573 4777 hanc
595 4711 842 4794 promissionem
864 4709 1136 4793 quemadmodum
1157 4711 1254 4776 etiam
1277 4713 1364 4778 Pau·
1417 4711 1543 4795 Garates,
1576 4712 1700 4794 inquit,
1734 4717 1762 4776 et
1789 4713 1937 4792 eloudaa
1966 4733 2149 4798 praeponas
2177 4717 2204 4778 ei
2228 4735 2393 4797 puerpera

394 4799 447 4865 lus
470 4796 580 4862 multis
604 4795 711 4862 verbis
733 4795 855 4862 insistit
876 4797 911 4860 iu
937 4796 998 4861 hac
1025 4815 1139 4862 eausa:
1168 4811 1200 4862 et
1223 4800 1365 4882 optimus
1415 4797 1545 4864 verpa.
1595 4797 1720 4863 (laeena
1754 4819 1820 4863 nou
1853 4808 1961 4882 potest
1994 4820 2126 4864 movere
2159 4799 2273 4883 pedam
2309 4801 2392 4884 quin

394 4892 444 4950 est
466 4883 630 4966 interpres
663 4881 760 4948 huius
789 4881 867 4961 loci,
901 4893 933 4945 et
955 4881 1122 4960 similium,
1157 4903 1259 4964 quum
1288 4883 1366 4948 dicit
1417 4884 1521 4966 possit
1552 4883 1736 4967 impingere
1765 4884 1818 4950 vel
1848 4885 1973 4950 cadere.
2018 4885 2107 4969 Ergo
2137 4886 2224 4950 caeci
2253 4885 2295 4950 ad
2324 4887 2393 4952 iter

393 4969 500 5034 Deum
523 4988 692 5052 nunquam
714 4967 761 5035 sic
783 4967 975 5033 obstrictum
1000 4966 1100 5033 luisse
1123 4969 1241 5051 populo
1264 4968 1363 5034 israe·
1417 4968 1600 5034 laciendum
1629 4969 1763 5035 minime
1785 4968 1892 5035 idonei
1914 4979 2004 5049 snut,
2035 4971 2112 5053 quia
2134 4968 2226 5036 nulla
2247 4975 2302 5038 via
2323 4971 2393 5038 illis

393 5054 482 5120 litioo
504 5055 585 5137 quin
608 5053 752 5137 potuerit
774 5051 876 5119 libere
905 5053 1022 5119 eiicere
1052 5073 1131 5135 qnos
1153 5051 1298 5132 volebat,
1329 5063 1365 5120 ut
1417 5063 1530 5137 aperta
1551 5063 1618 5120 est:
1652 5055 1760 5120 claudi
1780 5064 1888 5122 antem
1911 5055 1965 5122 ubi
1990 5058 2044 5120 via
2066 5062 2199 5122 ostensa
2219 5067 2288 5133 est,
2322 5079 2392 5123 non

394 5147 524 5204 tantum
546 5139 701 5221 reliquiae
723 5138 902 5204 incolumes
923 5145 1102 5205 manerent.
1131 5137 1236 5204 Vocat
1257 5149 1365 5204 autem
1415 5147 1554 5222 possunt
1575 5139 1734 5224 progredi.
1769 5142 1862 5207 Deus
1884 5152 1992 5207 autem
2015 5141 2178 5224 promittit
2199 5143 2299 5208 talem
2321 5143 2393 5209 iore

395 5223 549 5307 reliquias
581 5225 656 5290 illas
688 5227 829 5310 gratiae,
860 5223 1016 5307 qnoniam
1051 5243 1117 5288 non
1146 5225 1210 5290 alia
1239 5226 1366 5290 ratione
1416 5225 1657 5307 liberationem,
1688 5235 1726 5292 ut
1748 5226 1855 5293 claudi
1889 5228 1985 5292 etiam
2016 5236 2049 5292 et
2070 5227 2157 5292 caeci
2186 5226 2290 5294 futuri
2320 5231 2394 5295 sint

392 5318 545 5376 servatae
572 5311 637 5376 sint
666 5331 763 5394 quam
786 5331 877 5376 mera
898 5314 932 5374 et
954 5309 1097 5394 gratuitu
1127 5307 1269 5376 bonitate
1291 5309 1363 5378 Dei.
1417 5311 1487 5378 eius
1509 5312 1694 5395 participes.
1738 5313 1902 5399 Adiungit
1922 5317 2133 5400 praepaurrtec
2153 5318 2182 5379 ct
2201 5335 2392 5398 prrerprrua
