5134 6124
224 403 286 469 153
935 404 984 469 IN
1007 403 1255 469 IEREMIAM.
1297 403 1397 468 CAP.
1422 399 1520 466 XIII.
1916 456 1923 472 .
2165 411 2227 476 154

222 590 360 657 ieosrint
381 610 417 656 so
438 589 526 656 illins
555 590 633 675 iugo
662 587 704 654 ud
733 589 924 672 obsequium
953 587 1196 674 praestandum.
1249 587 1327 651 theo
1353 607 1452 670 qnam
1476 587 1515 655 da
1537 591 1741 674 subligaoulo
1765 593 1900 676 exponi:
1930 595 1970 659 ad
1993 597 2040 660 rei
2063 617 2224 664 summam

222 675 339 742 Voluit
371 675 460 742 haud
493 675 592 741 dabie
624 693 691 740 non
725 684 792 740 tam
827 685 943 760 gentes
975 676 1065 754 illae,
1099 693 1197 757 qoam
1250 693 1316 737 non
1346 674 1485 738 multum
1516 677 1662 742 interest.
1706 676 1843 744 Inbetur
1868 699 1946 763 argo
1976 683 2135 765 propheta
2163 684 2224 750 eibi

222 761 363 827 Iudaeos
396 770 538 828 terrore:
580 761 616 830 Si
649 762 737 826 enim
771 761 924 846 gentibus
960 761 1095 844 impune
1130 779 1197 824 non
1249 778 1357 823 emere
1381 760 1432 824 vel
1454 781 1571 827 nonam
1593 783 1635 826 ex
1657 762 1733 841 lino,
1757 764 1811 828 vel
1828 765 2085 850 subligaoulum:
2108 769 2226 837 deinde

223 848 330 928 oessit,
356 845 466 913 Deum
488 868 656 932 spernere,
683 847 834 929 quamvis
855 848 1068 932 inoognitum,
1099 865 1198 928 quam
1248 843 1380 908 iubetur
1401 846 1449 910 ire
1470 847 1513 911 aot
1530 843 1738 931 Euphratem,
1761 849 1991 917 etaltemadere
2011 855 2047 918 iu
2066 856 2226 935 [oramine

222 932 463 1000 inexousabiles
492 935 628 998 luerunt
648 931 772 1010 Iudaei,
802 933 857 1014 qui
880 953 901 996 ι
922 933 1030 1016 prima
1057 931 1199 996 infantia
1248 928 1406 1012 eiupulrum
1427 930 1642 998 tutatores
1663 933 1794 999 iubetur
1814 955 1931 1003 mersus
1952 938 1999 1002 ire
2019 939 2062 1004 ad
2076 939 2224 1022 Euphra·

222 1018 421 1084 imbiberant
440 1039 556 1086 veram
577 1018 661 1102 legis
683 1016 922 1102 oognitionem?
949 1018 987 1084 Si
1008 1037 1099 1082 more
1121 1037 1198 1100 gon·
1249 1017 1317 1097 tem,
1338 1019 1365 1080 et
1385 1017 1547 1082 muniere
1568 1038 1585 1084 e
1604 1018 1760 1099 foramine
1781 1021 1959 1104 simpulum:
1989 1024 2122 1089 tandem
2145 1027 2224 1093 dioit

222 1104 303 1168 tium
329 1105 473 1186 protervi
503 1113 628 1183 essent,
658 1109 693 1170 et
713 1103 960 1170 intractabiles?
994 1104 1035 1168 In
1057 1121 1196 1178 summa,
1247 1106 1429 1182 renatam
1456 1107 1529 1168 tuuc
1554 1103 1665 1185 fuisse.
1716 1103 1876 1188 Sequitur
1903 1108 2088 1191 applioatio,
2120 1130 2222 1193 quum

222 1189 372 1256 videmus
402 1191 443 1255 ab
465 1211 532 1256 una
560 1201 654 1274 parto
676 1189 785 1254 Deum
814 1189 945 1256 ailinane
975 1191 1121 1254 suaviter
1141 1187 1196 1252 iu·
1248 1187 1440 1268 pronuntiat
1462 1187 1554 1254 Deus
1576 1209 1610 1254 se
1633 1189 1681 1253 ita
1700 1189 1864 1256 fauturum
1888 1192 2034 1260 ludaeis:
2061 1198 2139 1278 quia
2160 1201 2221 1264 soi-

223 1275 330 1354 daeos,
361 1285 398 1341 ut
420 1287 535 1360 sponte
563 1273 718 1342 obediant
746 1275 811 1358 legi
841 1292 938 1340 snae:
968 1281 1002 1340 et
1024 1275 1064 1340 ab
1094 1273 1197 1338 altera
1249 1271 1324 1338 lieet
1346 1291 1401 1338 eos
1423 1274 1582 1340 habuerat
1609 1274 1715 1340 instar
1744 1274 1880 1356 balthei,
1909 1281 1953 1344 sit
1978 1288 2088 1346 tamen
2118 1283 2222 1348 abieo-

222 1370 316 1444 parte
346 1361 413 1427 illis
446 1363 582 1440 minari,
620 1361 772 1444 quoniam
806 1381 847 1426 no
880 1362 1028 1445 gentium
1064 1359 1196 1442 quidem
1238 1366 1360 1426 ¹turus:
1390 1360 1486 1424 siouti
1509 1361 1598 1425 enim
1620 1361 1707 1443 ipsos
1728 1373 1913 1443 ornaverat,
1941 1364 1988 1429 ita
2010 1366 2140 1432 volebat
2161 1371 2222 1435 eibi

222 1448 458 1513 oontnmaoiam
481 1447 570 1512 ferre
591 1447 702 1529 possit,
725 1446 862 1530 ideoque
881 1447 986 1511 multo
1008 1446 1117 1510 minue
1140 1444 1195 1508 Iu·
1248 1443 1391 1508 viaissim
1414 1465 1486 1510 esse
1505 1458 1711 1512 ornamento:
1734 1467 1810 1512 nam
1830 1448 1934 1532 gloria
1951 1451 2014 1516 Dei
2034 1453 2067 1516 in
2087 1453 2222 1520 eoolssia

224 1531 296 1596 daei
319 1553 354 1598 se
376 1533 501 1598 inultos
529 1533 598 1598 iore
621 1531 760 1597 debeant
788 1552 928 1616 sperare.
974 1532 1065 1598 Haeo
1094 1531 1196 1616 igitur
1249 1527 1397 1614 refulget.
1429 1531 1534 1596 Erant
1556 1531 1658 1616 igitur
1675 1531 1800 1612 Iudaei,
1823 1545 1860 1598 ut
1878 1533 1956 1602 dioit
1973 1536 2077 1602 Isaiae
2099 1537 2164 1624 (62.
2177 1542 2220 1621 3),

222 1637 350 1682 summa
372 1624 432 1684 est.
477 1618 575 1684 Nune
597 1617 744 1701 sequitur
767 1617 855 1683 aliud
879 1618 1078 1698 vaticinium.
1248 1631 1368 1680 oorona
1401 1616 1539 1700 gloriae,
1572 1631 1605 1680 et
1636 1615 1785 1683 diadema
1818 1622 1911 1704 regni
1944 1622 1977 1684 in
2012 1643 2113 1688 manu
2146 1625 2220 1692 Dei.

1247 1699 1338 1784 Ergo
1361 1701 1414 1766 hio
1437 1703 1604 1785 aptissime
1626 1704 1752 1768 oonlert
1773 1724 1828 1769 eos
1846 1705 1898 1770 vel
1918 1706 2056 1786 baltheo,
2080 1710 2133 1774 vel
2155 1713 2221 1776 oin-

1247 1785 1333 1934 gulo.
1380 1787 1489 1868 Quum
1521 1809 1598 1872 ergo
1627 1801 1693 1852 tam
1724 1789 1905 1857 honorifica
1933 1813 2044 1857 eorum
2079 1796 2221 1862 eonditio

1263 1871 1371 1970 uisset,
1399 1875 1544 1938 minatur
1568 1873 1657 1939 Deus
1679 1875 1963 1973 seodetraotnrum'
1980 1878 2062 1956 illos,
2090 1895 2127 1945 ut
2149 1883 2221 1948 abs-

409 2015 547 2086 aaut
574 2015 777 2086 suntuna
804 2015 1009 2086 naanu.
1247 1959 1862 2129 tttttt‘ltt.¹¹t.¹'2t‘tttt.l
1877 1965 2223 2119 mittitete

1248 2130 1445 2212 prophetiae.
1499 2131 1604 2196 Porro
1636 2132 1772 2197 minime
1805 2131 1938 2199 dubium
1972 2145 2023 2202 ost
2054 2139 2134 2220 quin
2167 2139 2222 2205 hio

310 2215 339 2278 1.
364 2213 678 2283 statuerumt
700 2216 787 2296 milti,
810 2215 904 2295 Vade,
927 2221 957 2281 et
972 2236 1118 2299 compara
1141 2217 1197 2282 tabi
1248 2225 1400 2280 armetur
1419 2218 1507 2297 visio,
1531 2238 1597 2282 non
1620 2228 1730 2282 sutem
1754 2238 1807 2284 res
1823 2229 1926 2304 gesta,
1949 2221 2220 2304 quemadmodum

218 2300 379 2384 mapulam
399 2301 526 2381 lineum,
548 2307 577 2366 et
592 2321 675 2384 poue
695 2302 777 2368 ettad
797 2322 893 2386 super
909 2321 999 2368 reses
1015 2307 1093 2385 tuoe,
1116 2308 1146 2368 et
1161 2304 1196 2368 ιιι
1270 2299 1378 2366 uidam
1416 2303 1532 2368 volunt
1568 2303 1740 2368 Ieremiom
1777 2307 1958 2388 protentum
1996 2307 2096 2374 luisse
2131 2309 2220 2376 illue.

219 2406 322 2469 aquae
343 2407 381 2452 ue
401 2388 525 2471 inferos
545 2387 635 2453 ittae.
1247 2320 1314 2452 ded
1344 2387 1422 2470 quid
1451 2387 1623 2452 absurdius
1652 2389 1733 2472 fingi
1763 2391 1892 2472 potest?
1927 2392 2049 2459 seimus
2077 2395 2221 2477 quotidie

305 2472 336 2536 2.
360 2471 404 2538 Et
424 2474 604 2555 comparari
624 2473 705 2538 mibi
725 2473 884 2557 aiuputum
905 2472 1041 2559 (paravi,
1065 2473 1105 2538 ad
1123 2494 1196 2539 ver·
1247 2472 1396 2538 lunatum
1415 2475 1514 2540 luisse
1531 2473 1670 2540 doeendi
1688 2475 1793 2540 ollioio
1812 2475 1898 2560 apud
1916 2498 2003 2544 suos:
2023 2478 2051 2543 si
2068 2491 2222 2564 suseepto

219 2556 312 2642 bum)
341 2559 438 2624 strata·
457 2560 662 2625 maderent
684 2557 828 2640 Ieltouab,
856 2560 999 2640 etpomsi
1020 2557 1101 2624 illud
1129 2558 1195 2644 (vel
1247 2558 1363 2624 luisset
1396 2569 1462 2626 tam
1497 2561 1595 2644 longa
1627 2561 1794 2641 protentio,
1827 2572 1859 2626 ot
1891 2562 2024 2645 quidem
2057 2565 2123 2648 bis,
2154 2588 2219 2632 nou

219 2642 376 2730 applioui)
397 2643 441 2709 od
462 2665 552 2710 renes
571 2665 663 2712 meos.
1247 2643 1396 2710 rediisset
1413 2645 1477 2711 nisi
1494 2659 1569 2728 poet
1587 2645 1709 2729 aliquot
1726 2665 1864 2714 menses.
1892 2650 1982 2734 Itrgo
2000 2654 2221 2718 eontentiosus

306 2729 336 2794 3.
366 2727 412 2795 El
438 2731 542 2812 saeba
567 2736 612 2796 eat
637 2751 739 2798 eerrao
761 2730 894 2796 Ieltooae
921 2731 964 2796 aot
985 2751 1032 2797 me
1053 2731 1195 2812 meurtdo,
1248 2732 1311 2794 erit
1333 2733 1388 2813 qui
1411 2731 1498 2796 volet
1520 2733 1567 2796 ita
1590 2751 1707 2814 urgere
1729 2733 1839 2808 verba,
1869 2736 1961 2816 quasi
1984 2735 2144 2818 propheta
2166 2758 2219 2804 us·

217 2811 355 2897 diceudo,
697 2895 700 2904 Ι
1247 2835 1309 2898 que
1328 2815 1369 2884 ad
1384 2817 1588 2899 Euphratem
1607 2818 1743 2894 venerit,
1766 2827 1800 2883 ιι
1817 2819 1885 2883 illio
1901 2820 2108 2886 abaoondarit
2124 2843 2220 2888 sunm

305 2901 337 2965 4.
362 2900 446 2968 Tolle
466 2902 626 2986 oinpulum
646 2903 728 2986 quod
748 2905 948 2986 caeparum,
975 2904 1056 2985 quod
1076 2909 1123 2970 eat
1142 2924 1195 2970 su·
1247 2901 1426 2986 ningulum.
1478 2901 1609 2968 Soimus
1639 2916 1749 2967 autom
1779 2904 1867 2968 hano
1895 2905 2047 2988 loquendi
2082 2907 2219 2973 formam

216 3003 277 3067 per
296 3007 387 3053 reues
414 2992 495 3071 tuoe,
525 2993 679 3075 etsurge,
706 2989 906 3070 proficuaere
939 2987 1022 3075 (vel,
1053 3010 1194 3074 surgens
1247 2989 1327 3052 satie
1350 2987 1553 3069 frequentem
1577 2988 1721 3070 adeoque
1739 2987 1935 3054 familiarem
1952 3012 2023 3057 esse
2040 2993 2218 3076 prophetis,

217 3071 439 3159 profioisoere)
461 3075 504 3140 ad
520 3073 725 3160 Euphratem,
747 3081 776 3141 et
792 3075 942 3142 αιιιιιιάι
963 3073 1030 3142 tlte
1051 3076 1087 3141 iu
1107 3076 1194 3157 sora-
1246 3085 1285 3138 ut
1307 3073 1449 3140 visiones
1479 3094 1537 3156 pro
1560 3075 1656 3139 rebus
1678 3075 1780 3157 gestis
1801 3088 1946 3140 narrent.
1991 3076 2063 3141 Iam
2086 3077 2147 3144 hoo
2168 3099 2220 3144 ve·

217 3158 302 3223 miae
318 3165 437 3242 petrae.
1246 3159 1354 3227 oundo
1383 3158 1452 3224 looo
1487 3160 1663 3224 tenendum
1695 3168 1746 3224 ast
1774 3160 1920 3242 potuisse
1953 3161 2155 3246 simplioiter,
2186 3174 2220 3230 ιι

304 3245 336 3310 ι.
364 3244 409 3310 Et
431 3247 591 3328 profectus
618 3267 703 3327 mum,
733 3253 762 3312 et
789 3248 935 3314 αιιοοιιιιι
963 3247 999 3310 ιιι
1020 3245 1193 3328 Euphrate,
1247 3244 1750 3329 absquefiguraDeumloqui:
1775 3245 2008 3329 sedquoniam
2033 3269 2097 3314 non
2120 3249 2219 3316 rudes

218 3331 476 3414 queamdmodum
490 3338 693 3415 praeceperat
714 3332 851 3400 Ieltoaalt
870 3331 959 3397 milui.
1245 3337 1386 3408 tantum,
1418 3330 1477 3396 ssd
1499 3331 1620 3414 stupidi
1648 3341 1756 3409 erant,
1789 3333 1934 3414 oportuit
1963 3342 2101 3401 externo
2130 3355 2219 3420 sym-

304 3419 334 3483 6.
368 3416 414 3483 Et
441 3417 554 3484 αιιιιιιι
578 3423 654 3500 poet
681 3418 774 3488 mea
806 3421 840 3502 (a
868 3421 943 3498 line,
971 3417 1013 3483 sd
1042 3419 1193 3513 verbum)
1245 3417 1319 3483 bolo
1352 3418 1469 3501 eorrigi
1503 3437 1615 3482 sorum
1648 3427 1825 3499 torporem.
1877 3417 1983 3485 Haeo·
2001 3421 2103 3503 igitur
2136 3421 2220 3486 ratio

217 3502 341 3568 dierum
360 3502 539 3584 multorum,
567 3505 701 3569 etdr'uit
729 3503 804 3591 (hoe
827 3513 886 3582 ιιι,
916 3513 955 3569 ιι
977 3503 1112 3592 diaeret)
1143 3505 1192 3572 Ie·
1245 3504 1307 3568 luit
1329 3521 1389 3566 our
1410 3501 1502 3566 Deus
1529 3502 1739 3584 insigniverit
1760 3502 1940 3568 doetrinem
1965 3505 2145 3588 prophetae
2165 3505 2218 3572 sui

217 3587 318 3655 ιοιαι
340 3589 433 3670 mibi,
465 3589 576 3673 Sume,
604 3595 634 3656 et
650 3590 846 3672 profieieeere
867 3591 910 3656 ad
931 3589 1137 3674 Euphraten,
1166 3597 1194 3657 et
1244 3588 1343 3654 etiarn
1377 3598 1514 3652 externo
1544 3589 1648 3672 signo.
1701 3586 1738 3654 Si
1769 3589 1816 3652 ιιι
1844 3589 1980 3655 dixisset
2009 3588 2117 3668 Deus,
2148 3590 2218 3656 Vos

216 3674 287 3741 tolle
314 3675 403 3741 illiue
423 3676 592 3759 eloquium,
621 3675 660 3741 ιιι
680 3695 740 3760 quo
763 3679 910 3760 praecem
934 3677 992 3742 titt
1014 3683 1049 3742 ut
1069 3676 1193 3743 abstors-
1244 3675 1351 3739 fuistis
1385 3673 1466 3738 mihi
1503 3674 1662 3739 haetenus
1698 3673 1768 3739 looo
1806 3672 1946 3752 balthei,
1983 3675 2084 3740 eratis
2119 3676 2220 3743 denus

216 3759 398 3826 deseritis.
797 3830 801 3838 ,
1244 3779 1363 3836 meum,
1397 3769 1429 3824 et
1458 3758 1562 3841 gloria
1595 3778 1669 3823 moa
1698 3778 1764 3824 non
1787 3769 1897 3824 vestro
1927 3757 2057 3842 quidem
2090 3763 2219 3842 merito,

304 3846 334 3910 ι.
364 3845 409 3911 Et
430 3847 593 3930 profectus
619 3866 690 3912 sum
710 3846 754 3912 ad
777 3845 982 3930 Euphratem,
1010 3848 1136 3930 asodi,
1166 3854 1194 3914 et
1245 3854 1304 3910 aut
1321 3853 1432 3910 vestra
1449 3845 1619 3927 dignitate,
1643 3844 1699 3909 sed
1719 3845 1795 3927 quia
1812 3864 1872 3910 voe
1890 3845 1974 3910 mihi
1991 3846 2218 3924 adiunxeram,

216 3931 332 3997 ιιιιιιιιι
354 3933 517 4016 olnputum
539 3953 555 3996 e
572 3932 646 4016 toea,
667 3933 721 3998 ubi
743 3933 809 3998 illio
829 3933 1066 3998 absconderam:
1087 3939 1115 3997 et
1132 3953 1194 4000 eoae
1245 3936 1283 3996 ut
1304 3931 1420 3996 essetis
1442 3941 1575 3996 sanetus
1600 3929 1750 4013 populus,
1778 3937 1811 3994 et
1833 3949 1973 4014 rognum
2003 3933 2217 3998 saeerdotala:

216 4022 399 4098 corruptum
419 4024 488 4083 erat
508 4017 677 4102 mapulam,
699 4037 761 4084 aaa
777 4020 929 4102 madunt
948 4019 991 4084 ad
1008 4037 1096 4084 omae
1117 4018 1193 4104 (hoo
1245 4037 1334 4082 nuno
1362 4021 1472 4082 autem
1502 4017 1641 4082 abiioere
1662 4035 1721 4081 vos
1749 4035 1858 4100 oogor,
1887 4027 1920 4081 at
1942 4017 2218 4098 quemadmodum

216 4111 274 4183 est,
297 4101 339 4169 ad
363 4102 562 4186 quidquam).
1244 4104 1272 4168 si
1295 4103 1369 4185 quis
1391 4102 1559 4186 ringulam
1589 4101 1651 4167 sibi
1680 4101 1843 4178 detrahat,
1873 4111 1906 4166 et
1927 4103 2080 4168 ooniioiat
2100 4103 2136 4168 in
2159 4105 2218 4168 ali·

248 4235 250 4240 -
303 4189 334 4254 8.
364 4187 410 4254 Et
435 4189 540 4270 fartus
561 4194 606 4253 eet
626 4208 728 4255 sermo
750 4189 885 4255 Isbouae
907 4191 949 4257 aa
970 4211 1026 4271 rue,
1056 4191 1192 4270 diceudo,
1243 4188 1329 4271 quod
1354 4188 1508 4266 toramen,
1538 4193 1614 4270 post
1635 4187 1771 4271 longum
1794 4197 1922 4269 tempus
1943 4189 2085 4270 reperiet
2105 4201 2217 4272 putre·

303 4275 334 4339 9.
358 4274 412 4340 Sia
428 4274 504 4340 dicit
521 4273 668 4355 Ιιιοιαι,
692 4275 735 4341 Iu
752 4275 832 4341 huuc
849 4277 974 4342 modum
994 4297 1193 4360 eorrumpam
1244 4276 1382 4339 laetum:
1415 4275 1461 4340 sio
1484 4274 1582 4339 etiam
1604 4274 1695 4338 eritis
1724 4272 1905 4338 abaoonditi
1938 4273 2037 4357 longo
2070 4283 2218 4358 tompore

217 4361 427 4426 excellentiam
449 4358 608 4439 Iehudab,
637 4367 666 4425 et
692 4361 902 4428 mentientium
925 4362 1097 4429 remearem
1126 4383 1191 4429 ma·
1244 4359 1333 4425 ultra
1354 4359 1567 4442 Euphratem,
1601 4363 1635 4424 et
1664 4358 1732 4424 illio
1760 4360 1850 4423 tabee
1873 4379 1930 4425 vos
1959 4357 2101 4440 invadet,
2134 4379 2218 4443 quae

216 4467 311 4531 paam
333 4447 408 4530 (vel,
431 4444 664 4532 altitudinem).
1243 4465 1301 4512 voe
1324 4455 1408 4510 totos
1429 4455 1626 4527 eorrumpat,
1656 4455 1694 4525 ut
1716 4445 1812 4528 longe
1834 4443 2001 4510 dissimilis
2031 4445 2145 4511 futura
2174 4448 2218 4512 ait

289 4569 290 4574 ι
1243 4542 1353 4597 ιιιιιι
1375 4531 1483 4613 ιιιιιι,
1506 4529 1559 4594 ιιι
1578 4530 1650 4613 quis
1667 4531 1757 4596 volet
1775 4529 1919 4614 prolerre
1941 4529 2027 4613 quod
2048 4530 2217 4596 residuum

303 4616 383 4682 Dixi
406 4619 468 4684 hoo
490 4619 561 4684 looo
583 4619 710 4682 narrari
734 4639 856 4684 novum
876 4619 1081 4686 vatioinium:
1102 4619 1190 4684 iube·
1242 4617 1305 4683 erit
1330 4636 1371 4682 ex
1395 4616 1495 4682 vobis.
1540 4615 1613 4681 Hoo
1642 4615 1775 4699 quidem
1805 4626 1934 4698 poterat
1962 4617 2129 4682 sullioere:
2158 4615 2217 4681 sed

218 4707 274 4767 tur
288 4704 374 4767 enirn
392 4704 549 4787 propheta
564 4703 626 4770 atti
642 4723 739 4769 emme
754 4705 922 4789 deputam,
938 4707 992 4771 vel
1009 4705 1190 4770 baltheum:
1242 4704 1276 4768 in
1299 4709 1393 4770 tanta
1419 4702 1595 4767 sonoritate
1617 4708 1651 4766 et
1672 4700 1880 4780 hebetudine,
1910 4711 2066 4786 quantam
2096 4703 2217 4768 seimus

217 4787 275 4852 olii
308 4797 442 4854 vortunt
474 4789 745 4868 suooinotorium‚
777 4791 831 4856 vel
863 4790 1121 4876 subligaoulum:
1158 4795 1191 4855 et
1242 4789 1341 4855 luisse
1370 4789 1456 4872 apud
1485 4787 1634 4864 Iudaeos,
1669 4808 1734 4852 non
1765 4793 1834 4852 tam
1867 4787 2042 4854 effieaoiter
2074 4787 2217 4869 simplex

217 4873 296 4957 quia
318 4875 356 4939 fit
377 4874 436 4940 lini
459 4877 591 4955 mentio,
616 4875 674 4940 illa
694 4875 793 4942 stiam
816 4879 980 4942 sententia
1002 4891 1052 4943 est
1074 4875 1190 4959 proba·
1243 4875 1389 4944 doetrina
1407 4881 1613 4958 penetrasset
1630 4875 1663 4938 in
1680 4873 1813 4950 animos,
1832 4894 1929 4956 quam
1945 4874 1999 4938 ubi
2017 4873 2217 4955 propositum

217 4959 302 5025 bilis.
336 4961 392 5028 tlte
415 4962 578 5045 signifieat
599 4963 739 5046 ningere,
768 4961 824 5028 sed
848 4975 916 5030 ultr<
938 4963 1101 5046 signifieat
1122 4972 1190 5028 tarn
1241 4961 1306 5025 fait
1328 4960 1389 5024 hoo
1410 4960 1615 5044 symbolum:
1644 4960 1814 5043 Propheta
1840 4961 1942 5041 igitur
1959 4959 2042 5022 ιιιιιι
2062 4977 2096 5022 ee
2115 4957 2218 5040 fuisse

217 5044 467 5128 subligaoulum‚
490 5047 575 5129 quod
598 5056 678 5113 tono
699 5049 879 5132 gestabant,
904 5069 1000 5132 quam
1023 5048 1190 5113 baltheum
1242 5046 1413 5111 naturatum
1433 5045 1560 5124 ιιιιιιο,
1585 5042 1711 5125 deinde,
1740 5043 1895 5110 betheum
1915 5044 2006 5109 illum
2025 5043 2127 5124 fuisse
2149 5043 2218 5110 aba·

217 5141 250 5196 et
265 5131 447 5214 ringulam:
469 5133 741 5215 quemadmodum
761 5134 859 5199 etiam
879 5134 958 5200 dioit
972 5134 1076 5200 Isaiae
1091 5132 1190 5198 fidem
1242 5132 1399 5198 eonditum
1420 5133 1456 5196 ιιι
1475 5131 1633 5213 [momine
1649 5129 1835 5212 Euphratis,
1859 5133 1887 5193 et
1906 5129 2008 5210 fuisse
2026 5129 2094 5195 ιιιιι
2110 5135 2218 5211 putre·

216 5217 287 5281 fore
318 5217 486 5283 baltheum
516 5237 632 5284 renum
662 5219 742 5303 eius,
774 5220 830 5286 ubi
859 5220 1005 5302 loquitur
1026 5219 1067 5284 de
1090 5237 1191 5301 regno
1242 5219 1369 5301 samum.
1415 5217 1533 5284 Postea
1555 5218 1711 5300 adiungit,
1742 5213 1796 5281 stt
1815 5215 1867 5296 ιιι
1886 5214 1983 5280 nobie.
2026 5215 2120 5281 Haeo
2141 5215 2217 5282 doo-

218 5301 341 5369 Christi
368 5304 428 5368 sub
452 5305 566 5386 ligura.
611 5304 677 5372 flio
699 5317 808 5372 tamen
836 5317 940 5389 potest
970 5316 1037 5370 tam
1060 5305 1101 5371 de
1123 5304 1192 5369 bal·
1244 5305 1339 5382 trina,
1365 5303 1637 5385 quomadmodum
1656 5303 1720 5366 iam
1739 5302 1817 5380 dixi,
1838 5301 1945 5383 potuit
1963 5301 2219 5368 auriusIudaeos
