<?xml version="1.0" encoding="UTF-8"?>
<!DOCTYPE html PUBLIC "-//W3C//DTD XHTML 1.0 Transitional//EN"
    "http://www.w3.org/TR/xhtml1/DTD/xhtml1-transitional.dtd">
<html xmlns="http://www.w3.org/1999/xhtml" xml:lang="en" lang="en">
 <head>
  <title>
</title>
<meta http-equiv="Content-Type" content="text/html;charset=utf-8" />
  <meta name='ocr-system' content='tesseract 3.04.00' />
  <meta name='ocr-capabilities' content='ocr_page ocr_carea ocr_par ocr_line ocrx_word'/>
</head>
<body>
  <div class='ocr_page' id='page_1' title='image "./corpusreformato14melagoog_0230.png"; bbox 0 0 5158 6124; ppageno 0'>
   <div class='ocr_carea' id='block_1_1' title="bbox 224 444 2228 518">
    <p class='ocr_par' dir='ltr' id='par_1_1' title="bbox 224 444 2228 518">
     <span class='ocr_line' id='line_1_1' title="bbox 224 444 2228 518; baseline 0.004 -8"><span class='ocrx_word' id='word_1_1' title='bbox 224 445 289 512; x_wconf 82' lang='lat'><strong><em>429</em></strong></span> <span class='ocrx_word' id='word_1_2' title='bbox 917 445 968 512; x_wconf 88' lang='lat' dir='ltr'><strong><em>IN</em></strong></span> <span class='ocrx_word' id='word_1_3' title='bbox 989 444 1239 512; x_wconf 76' lang='lat' dir='ltr'><strong><em>mutuatum.</em></strong></span> <span class='ocrx_word' id='word_1_4' title='bbox 1286 444 1385 512; x_wconf 82' lang='lat' dir='ltr'><strong><em>cuP.</em></strong></span> <span class='ocrx_word' id='word_1_5' title='bbox 1406 445 1542 512; x_wconf 88' lang='lat' dir='ltr'>XXIII.</span> <span class='ocrx_word' id='word_1_6' title='bbox 2163 451 2228 518; x_wconf 85' lang='lat'><strong><em>430</em></strong></span> 
     </span>
    </p>
   </div>
   <div class='ocr_carea' id='block_1_2' title="bbox 198 632 2232 5414">
    <p class='ocr_par' dir='ltr' id='par_1_2' title="bbox 222 632 2232 4304">
     <span class='ocr_line' id='line_1_2' title="bbox 311 632 2225 719; baseline 0.003 -20"><span class='ocrx_word' id='word_1_7' title='bbox 311 632 495 699; x_wconf 81' lang='lat' dir='ltr'><strong><em>Ocnfirmat</em></strong></span> <span class='ocrx_word' id='word_1_8' title='bbox 516 634 700 718; x_wconf 86' lang='lat' dir='ltr'><strong><em>proximam</em></strong></span> <span class='ocrx_word' id='word_1_9' title='bbox 722 633 929 712; x_wconf 89' lang='lat' dir='ltr'><strong><em>senteutiam,</em></strong></span> <span class='ocrx_word' id='word_1_10' title='bbox 953 653 995 699; x_wconf 90' lang='lat' dir='ltr'><strong><em>ne</em></strong></span> <span class='ocrx_word' id='word_1_11' title='bbox 1015 633 1203 699; x_wconf 78' lang='lat' dir='ltr'>existiment</span> <span class='ocrx_word' id='word_1_12' title='bbox 1254 634 1416 712; x_wconf 88' lang='lat' dir='ltr'><strong><em>reflectat,</em></strong></span> <span class='ocrx_word' id='word_1_13' title='bbox 1452 653 1612 718; x_wconf 78' lang='lat' dir='ltr'><strong><em>quousque</em></strong></span> <span class='ocrx_word' id='word_1_14' title='bbox 1641 635 1835 717; x_wconf 80' lang='lat' dir='ltr'><strong><em>compleverit</em></strong></span> <span class='ocrx_word' id='word_1_15' title='bbox 1865 639 1947 719; x_wconf 82' lang='lat' dir='ltr'><strong><em>quod</em></strong></span> <span class='ocrx_word' id='word_1_16' title='bbox 1978 639 2045 704; x_wconf 84' lang='lat' dir='ltr'><strong><em>iarn</em></strong></span> <span class='ocrx_word' id='word_1_17' title='bbox 2076 639 2225 705; x_wconf 58' lang='lat' dir='ltr'><strong><em>&amp;metam</em></strong></span> 
     </span>
     <span class='ocr_line' id='line_1_3' title="bbox 227 717 2226 804; baseline 0.004 -22"><span class='ocrx_word' id='word_1_18' title='bbox 227 718 436 803; x_wconf 78' lang='lat' dir='ltr'><strong><em>hypocritae,</em></strong></span> <span class='ocrx_word' id='word_1_19' title='bbox 471 717 664 802; x_wconf 76' lang='lat' dir='ltr'>quibuscum</span> <span class='ocrx_word' id='word_1_20' title='bbox 698 722 782 804; x_wconf 78' lang='lat' dir='ltr'><strong><em>agit,</em></strong></span> <span class='ocrx_word' id='word_1_21' title='bbox 818 721 886 785; x_wconf 89' lang='lat' dir='ltr'><strong><em>fore</em></strong></span> <span class='ocrx_word' id='word_1_22' title='bbox 920 719 1026 784; x_wconf 87' lang='lat' dir='ltr'><strong><em>levem</em></strong></span> <span class='ocrx_word' id='word_1_23' title='bbox 1061 719 1202 802; x_wconf 89' lang='lat' dir='ltr'><strong><em>aliquam</em></strong></span> <span class='ocrx_word' id='word_1_24' title='bbox 1253 723 1307 801; x_wconf 84' lang='lat' dir='ltr'><strong><em>cst,</em></strong></span> <span class='ocrx_word' id='word_1_25' title='bbox 1336 739 1453 802; x_wconf 82' lang='lat' dir='ltr'>nempe</span> <span class='ocrx_word' id='word_1_26' title='bbox 1483 721 1568 802; x_wconf 93' lang='lat' dir='ltr'><strong><em>quod</em></strong></span> <span class='ocrx_word' id='word_1_27' title='bbox 1592 721 1683 786; x_wconf 92' lang='lat' dir='ltr'><strong><em>Deus</em></strong></span> <span class='ocrx_word' id='word_1_28' title='bbox 1712 722 1798 804; x_wconf 92' lang='lat' dir='ltr'><strong><em>apud</em></strong></span> <span class='ocrx_word' id='word_1_29' title='bbox 1829 743 1864 788; x_wconf 91' lang='lat' dir='ltr'><strong><em>se</em></strong></span> <span class='ocrx_word' id='word_1_30' title='bbox 1889 727 2006 788; x_wconf 76' lang='lat' dir='ltr'>statuit</span> <span class='ocrx_word' id='word_1_31' title='bbox 2028 725 2069 787; x_wconf 90' lang='lat' dir='ltr'><strong><em>de</em></strong></span> <span class='ocrx_word' id='word_1_32' title='bbox 2092 727 2226 790; x_wconf 89' lang='lat' dir='ltr'><strong><em>interitu</em></strong></span> 
     </span>
     <span class='ocr_line' id='line_1_4' title="bbox 224 803 2227 893; baseline 0.002 -23"><span class='ocrx_word' id='word_1_33' title='bbox 224 805 487 888; x_wconf 77' lang='lat' dir='ltr'><strong><em>castigationem,</em></strong></span> <span class='ocrx_word' id='word_1_34' title='bbox 524 825 607 887; x_wconf 89' lang='lat' dir='ltr'><strong><em>quae</em></strong></span> <span class='ocrx_word' id='word_1_35' title='bbox 639 806 703 871; x_wconf 87' lang='lat' dir='ltr'><strong><em>cito</em></strong></span> <span class='ocrx_word' id='word_1_36' title='bbox 736 810 951 889; x_wconf 88' lang='lat' dir='ltr'><strong><em>pertranseat.</em></strong></span> <span class='ocrx_word' id='word_1_37' title='bbox 1007 805 1202 887; x_wconf 79' lang='lat' dir='ltr'>Quanquam</span> <span class='ocrx_word' id='word_1_38' title='bbox 1253 805 1375 885; x_wconf 91' lang='lat' dir='ltr'><strong><em>populi.</em></strong></span> <span class='ocrx_word' id='word_1_39' title='bbox 1419 805 1588 889; x_wconf 83' lang='lat' dir='ltr'><strong><em>Adiungit,</em></strong></span> <span class='ocrx_word' id='word_1_40' title='bbox 1619 803 1662 870; x_wconf 85' lang='lat' dir='ltr'><strong><em>Ia</em></strong></span> <span class='ocrx_word' id='word_1_41' title='bbox 1690 809 1879 872; x_wconf 68' lang='lat' dir='ltr'><strong><em>extremitate</em></strong></span> <span class='ocrx_word' id='word_1_42' title='bbox 1903 808 2028 874; x_wconf 84' lang='lat' dir='ltr'><strong><em>dieram</em></strong></span> <span class='ocrx_word' id='word_1_43' title='bbox 2048 809 2227 893; x_wconf 74' lang='lat' dir='ltr'><strong><em>intellipetis</em></strong></span> 
     </span>
     <span class='ocr_line' id='line_1_5' title="bbox 223 887 2226 978; baseline 0.003 -25"><span class='ocrx_word' id='word_1_44' title='bbox 223 891 312 954; x_wconf 91' lang='lat' dir='ltr'><strong><em>enim</em></strong></span> <span class='ocrx_word' id='word_1_45' title='bbox 336 887 471 953; x_wconf 85' lang='lat' dir='ltr'><strong><em>rideant</em></strong></span> <span class='ocrx_word' id='word_1_46' title='bbox 493 911 592 973; x_wconf 86' lang='lat' dir='ltr'><strong><em>saepe</em></strong></span> <span class='ocrx_word' id='word_1_47' title='bbox 614 903 775 956; x_wconf 88' lang='lat' dir='ltr'><strong><em>armatam</em></strong></span> <span class='ocrx_word' id='word_1_48' title='bbox 793 890 857 955; x_wconf 90' lang='lat' dir='ltr'><strong><em>Dei</em></strong></span> <span class='ocrx_word' id='word_1_49' title='bbox 879 911 1025 967; x_wconf 90' lang='lat' dir='ltr'><strong><em>manum,</em></strong></span> <span class='ocrx_word' id='word_1_50' title='bbox 1048 892 1203 955; x_wconf 89' lang='lat' dir='ltr'><strong><em>fruantur</em></strong></span> <span class='ocrx_word' id='word_1_51' title='bbox 1253 890 1289 955; x_wconf 85' lang='lat' dir='ltr'><strong><em>ia</em></strong></span> <span class='ocrx_word' id='word_1_52' title='bbox 1309 888 1367 955; x_wconf 83' lang='lat' dir='ltr'><strong><em>loc</em></strong></span> <span class='ocrx_word' id='word_1_53' title='bbox 1387 911 1422 956; x_wconf 83' lang='lat' dir='ltr'><strong><em>re</em></strong></span> <span class='ocrx_word' id='word_1_54' title='bbox 1442 891 1689 976; x_wconf 76' lang='lat' dir='ltr'><strong><em>itttcllipentiam,</em></strong></span> <span class='ocrx_word' id='word_1_55' title='bbox 1709 905 1760 957; x_wconf 91' lang='lat' dir='ltr'><strong><em>est</em></strong></span> <span class='ocrx_word' id='word_1_56' title='bbox 1781 893 1821 957; x_wconf 92' lang='lat' dir='ltr'><strong><em>ad</em></strong></span> <span class='ocrx_word' id='word_1_57' title='bbox 1845 894 1993 959; x_wconf 87' lang='lat' dir='ltr'><strong><em>verbum.</em></strong></span> <span class='ocrx_word' id='word_1_58' title='bbox 2035 892 2226 978; x_wconf 83' lang='lat' dir='ltr'><strong><em>Simplicius</em></strong></span> 
     </span>
     <span class='ocr_line' id='line_1_6' title="bbox 225 975 2226 1064; baseline 0.001 -24"><span class='ocrx_word' id='word_1_59' title='bbox 225 983 338 1040; x_wconf 90' lang='lat' dir='ltr'><strong><em>tamen</em></strong></span> <span class='ocrx_word' id='word_1_60' title='bbox 373 975 433 1041; x_wconf 92' lang='lat' dir='ltr'><strong><em>hoc</em></strong></span> <span class='ocrx_word' id='word_1_61' title='bbox 462 975 593 1054; x_wconf 88' lang='lat' dir='ltr'><strong><em>solatio,</em></strong></span> <span class='ocrx_word' id='word_1_62' title='bbox 626 976 712 1058; x_wconf 90' lang='lat' dir='ltr'><strong><em>quod</em></strong></span> <span class='ocrx_word' id='word_1_63' title='bbox 743 983 877 1062; x_wconf 88' lang='lat' dir='ltr'><strong><em>sperant</em></strong></span> <span class='ocrx_word' id='word_1_64' title='bbox 907 976 1038 1042; x_wconf 85' lang='lat' dir='ltr'><strong><em>brevem</em></strong></span> <span class='ocrx_word' id='word_1_65' title='bbox 1067 976 1202 1041; x_wconf 88' lang='lat' dir='ltr'><strong><em>exitum.</em></strong></span> <span class='ocrx_word' id='word_1_66' title='bbox 1253 975 1388 1040; x_wconf 87' lang='lat' dir='ltr'><strong><em>reddere</em></strong></span> <span class='ocrx_word' id='word_1_67' title='bbox 1410 976 1528 1052; x_wconf 85' lang='lat' dir='ltr'><strong><em>licebit,</em></strong></span> <span class='ocrx_word' id='word_1_68' title='bbox 1558 977 1750 1061; x_wconf 77' lang='lat' dir='ltr'><strong><em>Percipietis</em></strong></span> <span class='ocrx_word' id='word_1_69' title='bbox 1774 979 1872 1043; x_wconf 89' lang='lat' dir='ltr'><strong><em>huius</em></strong></span> <span class='ocrx_word' id='word_1_70' title='bbox 1894 980 1942 1043; x_wconf 89' lang='lat' dir='ltr'><strong><em>rei</em></strong></span> <span class='ocrx_word' id='word_1_71' title='bbox 1964 979 2226 1064; x_wconf 81' lang='lat' dir='ltr'><strong><em>intelligentium,</em></strong></span> 
     </span>
     <span class='ocr_line' id='line_1_7' title="bbox 226 1058 2225 1145; baseline 0.001 -19"><span class='ocrx_word' id='word_1_72' title='bbox 226 1061 317 1144; x_wconf 78' lang='lat' dir='ltr'><strong><em>Ergo</em></strong></span> <span class='ocrx_word' id='word_1_73' title='bbox 351 1059 404 1125; x_wconf 85' lang='lat' dir='ltr'><strong><em>hic</em></strong></span> <span class='ocrx_word' id='word_1_74' title='bbox 430 1059 584 1126; x_wconf 84' lang='lat' dir='ltr'><strong><em>admouet</em></strong></span> <span class='ocrx_word' id='word_1_75' title='bbox 607 1060 773 1140; x_wconf 80' lang='lat' dir='ltr'><strong><em>Ieremias,</em></strong></span> <span class='ocrx_word' id='word_1_76' title='bbox 800 1062 889 1144; x_wconf 88' lang='lat' dir='ltr'><strong><em>ipsos</em></strong></span> <span class='ocrx_word' id='word_1_77' title='bbox 912 1061 1010 1145; x_wconf 81' lang='lat' dir='ltr'><strong><em>louge</em></strong></span> <span class='ocrx_word' id='word_1_78' title='bbox 1032 1060 1146 1143; x_wconf 89' lang='lat' dir='ltr'><strong><em>decipi,</em></strong></span> <span class='ocrx_word' id='word_1_79' title='bbox 1175 1060 1203 1125; x_wconf 91' lang='lat' dir='ltr'><strong><em>si</em></strong></span> <span class='ocrx_word' id='word_1_80' title='bbox 1254 1058 1317 1139; x_wconf 84' lang='lat' dir='ltr'><strong><em>vel,</em></strong></span> <span class='ocrx_word' id='word_1_81' title='bbox 1346 1061 1547 1143; x_wconf 84' lang='lat' dir='ltr'><strong><em>cognoscetis</em></strong></span> <span class='ocrx_word' id='word_1_82' title='bbox 1575 1062 1655 1144; x_wconf 88' lang='lat' dir='ltr'><strong><em>quid</em></strong></span> <span class='ocrx_word' id='word_1_83' title='bbox 1685 1065 1744 1128; x_wconf 93' lang='lat' dir='ltr'><strong><em>hoc</em></strong></span> <span class='ocrx_word' id='word_1_84' title='bbox 1773 1065 1833 1128; x_wconf 90' lang='lat' dir='ltr'><strong><em>sibi</em></strong></span> <span class='ocrx_word' id='word_1_85' title='bbox 1857 1065 1946 1130; x_wconf 87' lang='lat' dir='ltr'><strong><em>velit.</em></strong></span> <span class='ocrx_word' id='word_1_86' title='bbox 1991 1065 2067 1129; x_wconf 90' lang='lat' dir='ltr'><strong><em>Non</em></strong></span> <span class='ocrx_word' id='word_1_87' title='bbox 2090 1065 2225 1130; x_wconf 91' lang='lat' dir='ltr'><strong><em>dubium</em></strong></span> 
     </span>
     <span class='ocr_line' id='line_1_8' title="bbox 229 1145 2226 1232; baseline 0.001 -21"><span class='ocrx_word' id='word_1_88' title='bbox 229 1146 421 1212; x_wconf 78' lang='lat' dir='ltr'><strong><em>existiment</em></strong></span> <span class='ocrx_word' id='word_1_89' title='bbox 459 1165 554 1230; x_wconf 91' lang='lat' dir='ltr'><strong><em>posse</em></strong></span> <span class='ocrx_word' id='word_1_90' title='bbox 591 1145 707 1212; x_wconf 90' lang='lat' dir='ltr'><strong><em>discuti</em></strong></span> <span class='ocrx_word' id='word_1_91' title='bbox 740 1148 938 1227; x_wconf 86' lang='lat' dir='ltr'><strong><em>vindictam,</em></strong></span> <span class='ocrx_word' id='word_1_92' title='bbox 979 1167 1061 1228; x_wconf 87' lang='lat' dir='ltr'><strong><em>quae</em></strong></span> <span class='ocrx_word' id='word_1_93' title='bbox 1091 1147 1202 1220; x_wconf 89' lang='lat' dir='ltr'><strong><em>instat,</em></strong></span> <span class='ocrx_word' id='word_1_94' title='bbox 1254 1153 1304 1209; x_wconf 90' lang='lat' dir='ltr'><strong><em>est</em></strong></span> <span class='ocrx_word' id='word_1_95' title='bbox 1336 1149 1415 1227; x_wconf 94' lang='lat' dir='ltr'><strong><em>quin</em></strong></span> <span class='ocrx_word' id='word_1_96' title='bbox 1449 1149 1607 1229; x_wconf 87' lang='lat' dir='ltr'><strong><em>propheta</em></strong></span> <span class='ocrx_word' id='word_1_97' title='bbox 1639 1148 1776 1213; x_wconf 89' lang='lat' dir='ltr'><strong><em>insultet</em></strong></span> <span class='ocrx_word' id='word_1_98' title='bbox 1809 1170 1920 1214; x_wconf 90' lang='lat' dir='ltr'><strong><em>eorum</em></strong></span> <span class='ocrx_word' id='word_1_99' title='bbox 1953 1149 2133 1227; x_wconf 88' lang='lat' dir='ltr'><strong><em>socordiae,</em></strong></span> <span class='ocrx_word' id='word_1_100' title='bbox 2171 1151 2226 1232; x_wconf 91' lang='lat' dir='ltr'><strong><em>qui</em></strong></span> 
     </span>
     <span class='ocr_line' id='line_1_9' title="bbox 223 1230 2225 1317; baseline 0.001 -21"><span class='ocrx_word' id='word_1_101' title='bbox 223 1245 384 1314; x_wconf 89' lang='lat' dir='ltr'><strong><em>tanquam</em></strong></span> <span class='ocrx_word' id='word_1_102' title='bbox 417 1231 592 1296; x_wconf 89' lang='lat' dir='ltr'><strong><em>nebulam:</em></strong></span> <span class='ocrx_word' id='word_1_103' title='bbox 625 1233 702 1313; x_wconf 88' lang='lat' dir='ltr'><strong><em>quia</em></strong></span> <span class='ocrx_word' id='word_1_104' title='bbox 731 1233 822 1297; x_wconf 90' lang='lat' dir='ltr'><strong><em>Deus</em></strong></span> <span class='ocrx_word' id='word_1_105' title='bbox 855 1254 919 1297; x_wconf 92' lang='lat' dir='ltr'><strong><em>non</em></strong></span> <span class='ocrx_word' id='word_1_106' title='bbox 955 1232 1083 1297; x_wconf 87' lang='lat' dir='ltr'><strong><em>desinet</em></strong></span> <span class='ocrx_word' id='word_1_107' title='bbox 1115 1232 1204 1314; x_wconf 88' lang='lat' dir='ltr'><strong><em>ipsos</em></strong></span> <span class='ocrx_word' id='word_1_108' title='bbox 1252 1230 1338 1295; x_wconf 89' lang='lat' dir='ltr'><strong><em>affici</em></strong></span> <span class='ocrx_word' id='word_1_109' title='bbox 1365 1241 1430 1296; x_wconf 92' lang='lat' dir='ltr'><strong><em>tam</em></strong></span> <span class='ocrx_word' id='word_1_110' title='bbox 1462 1236 1582 1299; x_wconf 84' lang='lat' dir='ltr'><strong><em>sanctis</em></strong></span> <span class='ocrx_word' id='word_1_111' title='bbox 1604 1234 1836 1300; x_wconf 90' lang='lat' dir='ltr'><strong><em>monitionibus</em></strong></span> <span class='ocrx_word' id='word_1_112' title='bbox 1859 1255 1925 1299; x_wconf 94' lang='lat' dir='ltr'><strong><em>uon</em></strong></span> <span class='ocrx_word' id='word_1_113' title='bbox 1947 1245 2108 1317; x_wconf 88' lang='lat' dir='ltr'><strong><em>poterant.</em></strong></span> <span class='ocrx_word' id='word_1_114' title='bbox 2153 1234 2225 1300; x_wconf 83' lang='lat' dir='ltr'><strong><em>Sci·</em></strong></span> 
     </span>
     <span class='ocr_line' id='line_1_10' title="bbox 223 1316 2226 1403; baseline 0.001 -21"><span class='ocrx_word' id='word_1_115' title='bbox 223 1316 384 1400; x_wconf 88' lang='lat' dir='ltr'><strong><em>psrseqai,</em></strong></span> <span class='ocrx_word' id='word_1_116' title='bbox 420 1317 524 1383; x_wconf 89' lang='lat' dir='ltr'><strong><em>donec</em></strong></span> <span class='ocrx_word' id='word_1_117' title='bbox 553 1337 686 1400; x_wconf 90' lang='lat' dir='ltr'><strong><em>prorsas</em></strong></span> <span class='ocrx_word' id='word_1_118' title='bbox 715 1319 962 1400; x_wconf 90' lang='lat' dir='ltr'><strong><em>consumpserit.</em></strong></span> <span class='ocrx_word' id='word_1_119' title='bbox 1008 1317 1084 1382; x_wconf 81' lang='lat' dir='ltr'><strong><em>ulie</em></strong></span> <span class='ocrx_word' id='word_1_120' title='bbox 1104 1318 1203 1380; x_wconf 88' lang='lat' dir='ltr'><strong><em>etiam</em></strong></span> <span class='ocrx_word' id='word_1_121' title='bbox 1255 1336 1328 1382; x_wconf 89' lang='lat' dir='ltr'><strong><em>mus</em></strong></span> <span class='ocrx_word' id='word_1_122' title='bbox 1351 1330 1474 1397; x_wconf 88' lang='lat' dir='ltr'><strong><em>quanta</em></strong></span> <span class='ocrx_word' id='word_1_123' title='bbox 1495 1318 1539 1382; x_wconf 90' lang='lat' dir='ltr'><strong><em>sit</em></strong></span> <span class='ocrx_word' id='word_1_124' title='bbox 1556 1319 1729 1400; x_wconf 90' lang='lat' dir='ltr'><strong><em>impiorum</em></strong></span> <span class='ocrx_word' id='word_1_125' title='bbox 1751 1319 1895 1400; x_wconf 91' lang='lat' dir='ltr'><strong><em>durities,</em></strong></span> <span class='ocrx_word' id='word_1_126' title='bbox 1919 1323 2109 1403; x_wconf 90' lang='lat' dir='ltr'><strong><em>praesertim</em></strong></span> <span class='ocrx_word' id='word_1_127' title='bbox 2125 1341 2226 1402; x_wconf 92' lang='lat' dir='ltr'><strong><em>quam</em></strong></span> 
     </span>
     <span class='ocr_line' id='line_1_11' title="bbox 224 1401 2225 1488; baseline 0.001 -20"><span class='ocrx_word' id='word_1_128' title='bbox 224 1403 384 1468; x_wconf 85' lang='lat' dir='ltr'><strong><em>securitas</em></strong></span> <span class='ocrx_word' id='word_1_129' title='bbox 406 1401 493 1466; x_wconf 86' lang='lat' dir='ltr'><strong><em>fallit</em></strong></span> <span class='ocrx_word' id='word_1_130' title='bbox 515 1402 642 1485; x_wconf 89' lang='lat' dir='ltr'><strong><em>impios.</em></strong></span> <span class='ocrx_word' id='word_1_131' title='bbox 686 1402 771 1468; x_wconf 89' lang='lat' dir='ltr'><strong><em>Nam</em></strong></span> <span class='ocrx_word' id='word_1_132' title='bbox 795 1406 893 1468; x_wconf 90' lang='lat' dir='ltr'><strong><em>minis</em></strong></span> <span class='ocrx_word' id='word_1_133' title='bbox 915 1403 1114 1486; x_wconf 86' lang='lat' dir='ltr'><strong><em>propheticis</em></strong></span> <span class='ocrx_word' id='word_1_134' title='bbox 1137 1421 1201 1466; x_wconf 91' lang='lat' dir='ltr'><strong><em>non</em></strong></span> <span class='ocrx_word' id='word_1_135' title='bbox 1256 1423 1366 1466; x_wconf 92' lang='lat' dir='ltr'><strong><em>eorum</em></strong></span> <span class='ocrx_word' id='word_1_136' title='bbox 1400 1415 1526 1469; x_wconf 88' lang='lat' dir='ltr'><strong><em>mentes</em></strong></span> <span class='ocrx_word' id='word_1_137' title='bbox 1559 1415 1592 1468; x_wconf 88' lang='lat' dir='ltr'><strong><em>et</em></strong></span> <span class='ocrx_word' id='word_1_138' title='bbox 1623 1403 1722 1469; x_wconf 89' lang='lat' dir='ltr'><strong><em>corda</em></strong></span> <span class='ocrx_word' id='word_1_139' title='bbox 1752 1403 1856 1470; x_wconf 83' lang='lat' dir='ltr'><strong><em>Setun</em></strong></span> <span class='ocrx_word' id='word_1_140' title='bbox 1891 1416 2037 1488; x_wconf 83' lang='lat' dir='ltr'><strong><em>occtrpat.</em></strong></span> <span class='ocrx_word' id='word_1_141' title='bbox 2089 1405 2225 1470; x_wconf 89' lang='lat' dir='ltr'><strong><em>Nullum</em></strong></span> 
     </span>
     <span class='ocr_line' id='line_1_12' title="bbox 225 1486 2227 1572; baseline 0 -19"><span class='ocrx_word' id='word_1_142' title='bbox 225 1495 409 1554; x_wconf 86' lang='lat' dir='ltr'><strong><em>morentur.</em></strong></span> <span class='ocrx_word' id='word_1_143' title='bbox 464 1489 669 1553; x_wconf 77' lang='lat' dir='ltr'><strong><em>Existimant</em></strong></span> <span class='ocrx_word' id='word_1_144' title='bbox 704 1489 789 1552; x_wconf 90' lang='lat' dir='ltr'><strong><em>enim</em></strong></span> <span class='ocrx_word' id='word_1_145' title='bbox 823 1488 932 1552; x_wconf 93' lang='lat' dir='ltr'><strong><em>Deum</em></strong></span> <span class='ocrx_word' id='word_1_146' title='bbox 967 1486 1203 1570; x_wconf 90' lang='lat' dir='ltr'><strong><em>quodammodo</em></strong></span> <span class='ocrx_word' id='word_1_147' title='bbox 1255 1487 1355 1570; x_wconf 81' lang='lat' dir='ltr'><strong><em>igitur</em></strong></span> <span class='ocrx_word' id='word_1_148' title='bbox 1384 1491 1515 1564; x_wconf 88' lang='lat' dir='ltr'><strong><em>ferram,</em></strong></span> <span class='ocrx_word' id='word_1_149' title='bbox 1544 1489 1654 1554; x_wconf 93' lang='lat' dir='ltr'><strong><em>nullus</em></strong></span> <span class='ocrx_word' id='word_1_150' title='bbox 1685 1490 1767 1572; x_wconf 91' lang='lat' dir='ltr'><strong><em>lapis</em></strong></span> <span class='ocrx_word' id='word_1_151' title='bbox 1797 1501 1923 1556; x_wconf 86' lang='lat' dir='ltr'><strong><em>tantam</em></strong></span> <span class='ocrx_word' id='word_1_152' title='bbox 1952 1491 2050 1556; x_wconf 89' lang='lat' dir='ltr'><strong><em>habet</em></strong></span> <span class='ocrx_word' id='word_1_153' title='bbox 2073 1489 2227 1555; x_wconf 83' lang='lat' dir='ltr'><strong><em>duritiem</em></strong></span> 
     </span>
     <span class='ocr_line' id='line_1_13' title="bbox 224 1572 2228 1659; baseline 0 -20"><span class='ocrx_word' id='word_1_154' title='bbox 224 1573 350 1650; x_wconf 86' lang='lat' dir='ltr'><strong><em>ludere,</em></strong></span> <span class='ocrx_word' id='word_1_155' title='bbox 378 1575 506 1655; x_wconf 88' lang='lat' dir='ltr'><strong><em>quoties</em></strong></span> <span class='ocrx_word' id='word_1_156' title='bbox 528 1573 695 1637; x_wconf 91' lang='lat' dir='ltr'><strong><em>interitum</em></strong></span> <span class='ocrx_word' id='word_1_157' title='bbox 719 1574 800 1656; x_wconf 90' lang='lat' dir='ltr'><strong><em>ipsis</em></strong></span> <span class='ocrx_word' id='word_1_158' title='bbox 823 1574 1006 1639; x_wconf 89' lang='lat' dir='ltr'><strong><em>denuntiat.</em></strong></span> <span class='ocrx_word' id='word_1_159' title='bbox 1050 1573 1095 1638; x_wconf 79' lang='lat' dir='ltr'><strong><em>Et</em></strong></span> <span class='ocrx_word' id='word_1_160' title='bbox 1117 1583 1203 1638; x_wconf 88' lang='lat' dir='ltr'><strong><em>certe</em></strong></span> <span class='ocrx_word' id='word_1_161' title='bbox 1255 1585 1377 1655; x_wconf 90' lang='lat' dir='ltr'><strong><em>quanta</em></strong></span> <span class='ocrx_word' id='word_1_162' title='bbox 1405 1586 1456 1637; x_wconf 89' lang='grc' dir='ltr'><strong><em>εει</em></strong></span> <span class='ocrx_word' id='word_1_163' title='bbox 1484 1572 1518 1638; x_wconf 92' lang='lat' dir='ltr'><strong><em>in</em></strong></span> <span class='ocrx_word' id='word_1_164' title='bbox 1548 1573 1707 1656; x_wconf 84' lang='lat' dir='ltr'><strong><em>reprobis:</em></strong></span> <span class='ocrx_word' id='word_1_165' title='bbox 1742 1587 1774 1638; x_wconf 92' lang='grc' dir='ltr'><strong><em>ει</em></strong></span> <span class='ocrx_word' id='word_1_166' title='bbox 1803 1576 2037 1659; x_wconf 89' lang='lat' dir='ltr'><strong><em>quodammodo</em></strong></span> <span class='ocrx_word' id='word_1_167' title='bbox 2059 1577 2228 1640; x_wconf 88' lang='lat' dir='ltr'><strong><em>incursant</em></strong></span> 
     </span>
     <span class='ocr_line' id='line_1_14' title="bbox 224 1657 2228 1744; baseline 0 -20"><span class='ocrx_word' id='word_1_168' title='bbox 224 1659 309 1742; x_wconf 92' lang='lat' dir='ltr'><strong><em>quod</em></strong></span> <span class='ocrx_word' id='word_1_169' title='bbox 331 1667 401 1723; x_wconf 89' lang='lat' dir='ltr'><strong><em>tam</em></strong></span> <span class='ocrx_word' id='word_1_170' title='bbox 420 1677 533 1725; x_wconf 90' lang='lat' dir='ltr'><strong><em>secure</em></strong></span> <span class='ocrx_word' id='word_1_171' title='bbox 551 1659 611 1723; x_wconf 90' lang='lat' dir='ltr'><strong><em>sihi</em></strong></span> <span class='ocrx_word' id='word_1_172' title='bbox 630 1659 804 1742; x_wconf 79' lang='lat' dir='ltr'><strong><em>indulgent</em></strong></span> <span class='ocrx_word' id='word_1_173' title='bbox 823 1659 962 1744; x_wconf 86' lang='lat' dir='ltr'><strong><em>reprobi,</em></strong></span> <span class='ocrx_word' id='word_1_174' title='bbox 986 1679 1049 1723; x_wconf 93' lang='lat' dir='ltr'><strong><em>non</em></strong></span> <span class='ocrx_word' id='word_1_175' title='bbox 1071 1657 1203 1722; x_wconf 81' lang='lat' dir='ltr'><strong><em>aliunde</em></strong></span> <span class='ocrx_word' id='word_1_176' title='bbox 1256 1657 1412 1723; x_wconf 86' lang='lat' dir='ltr'><strong><em>adversus</em></strong></span> <span class='ocrx_word' id='word_1_177' title='bbox 1428 1657 1536 1724; x_wconf 90' lang='lat' dir='ltr'><strong><em>Deum</em></strong></span> <span class='ocrx_word' id='word_1_178' title='bbox 1559 1680 1632 1724; x_wconf 92' lang='lat' dir='ltr'><strong><em>cum</em></strong></span> <span class='ocrx_word' id='word_1_179' title='bbox 1656 1680 1716 1724; x_wconf 89' lang='lat' dir='ltr'><strong><em>sua</em></strong></span> <span class='ocrx_word' id='word_1_180' title='bbox 1737 1660 1964 1740; x_wconf 79' lang='lat' dir='ltr'><strong><em>obstinatione,</em></strong></span> <span class='ocrx_word' id='word_1_181' title='bbox 1987 1684 2024 1726; x_wconf 91' lang='lat' dir='ltr'><strong><em>ac</em></strong></span> <span class='ocrx_word' id='word_1_182' title='bbox 2042 1661 2069 1725; x_wconf 91' lang='lat' dir='ltr'><strong><em>si</em></strong></span> <span class='ocrx_word' id='word_1_183' title='bbox 2088 1663 2228 1726; x_wconf 88' lang='lat' dir='ltr'><strong><em>victores</em></strong></span> 
     </span>
     <span class='ocr_line' id='line_1_15' title="bbox 225 1743 2226 1827; baseline 0 -17"><span class='ocrx_word' id='word_1_184' title='bbox 225 1744 397 1826; x_wconf 77' lang='lat' dir='ltr'><strong><em>contingit,</em></strong></span> <span class='ocrx_word' id='word_1_185' title='bbox 420 1745 482 1809; x_wconf 91' lang='lat' dir='ltr'><strong><em>nisi</em></strong></span> <span class='ocrx_word' id='word_1_186' title='bbox 505 1745 669 1827; x_wconf 90' lang='lat' dir='ltr'><strong><em>quianon</em></strong></span> <span class='ocrx_word' id='word_1_187' title='bbox 693 1743 891 1826; x_wconf 84' lang='lat' dir='ltr'><strong><em>persuadent</em></strong></span> <span class='ocrx_word' id='word_1_188' title='bbox 914 1744 973 1810; x_wconf 88' lang='lat' dir='ltr'><strong><em>sibi</em></strong></span> <span class='ocrx_word' id='word_1_189' title='bbox 997 1744 1061 1809; x_wconf 91' lang='lat' dir='ltr'><strong><em>Dei</em></strong></span> <span class='ocrx_word' id='word_1_190' title='bbox 1084 1764 1204 1809; x_wconf 90' lang='lat' dir='ltr'><strong><em>sermo·</em></strong></span> <span class='ocrx_word' id='word_1_191' title='bbox 1256 1756 1365 1807; x_wconf 89' lang='lat' dir='ltr'><strong><em>essent</em></strong></span> <span class='ocrx_word' id='word_1_192' title='bbox 1386 1745 1569 1826; x_wconf 88' lang='lat' dir='ltr'><strong><em>spernendo</em></strong></span> <span class='ocrx_word' id='word_1_193' title='bbox 1590 1765 1703 1810; x_wconf 92' lang='lat' dir='ltr'><strong><em>omnes</em></strong></span> <span class='ocrx_word' id='word_1_194' title='bbox 1721 1747 1789 1811; x_wconf 91' lang='lat' dir='ltr'><strong><em>eius</em></strong></span> <span class='ocrx_word' id='word_1_195' title='bbox 1807 1746 2043 1811; x_wconf 87' lang='lat' dir='ltr'><strong><em>admonitiones</em></strong></span> <span class='ocrx_word' id='word_1_196' title='bbox 2061 1759 2094 1811; x_wconf 93' lang='lat' dir='ltr'><strong><em>et</em></strong></span> <span class='ocrx_word' id='word_1_197' title='bbox 2111 1750 2226 1811; x_wconf 88' lang='lat' dir='ltr'><strong><em>minas.</em></strong></span> 
     </span>
     <span class='ocr_line' id='line_1_16' title="bbox 227 1827 2227 1914; baseline 0.001 -20"><span class='ocrx_word' id='word_1_198' title='bbox 227 1851 303 1895; x_wconf 91' lang='lat' dir='ltr'><strong><em>nem</em></strong></span> <span class='ocrx_word' id='word_1_199' title='bbox 333 1829 545 1895; x_wconf 87' lang='lat' dir='ltr'><strong><em>coniunctam</em></strong></span> <span class='ocrx_word' id='word_1_200' title='bbox 569 1850 639 1894; x_wconf 88' lang='lat' dir='ltr'><strong><em>esse</em></strong></span> <span class='ocrx_word' id='word_1_201' title='bbox 663 1851 735 1895; x_wconf 89' lang='lat' dir='ltr'><strong><em>cum</em></strong></span> <span class='ocrx_word' id='word_1_202' title='bbox 763 1831 892 1896; x_wconf 84' lang='lat' dir='ltr'><strong><em>effectu.</em></strong></span> <span class='ocrx_word' id='word_1_203' title='bbox 938 1831 1102 1911; x_wconf 79' lang='lat' dir='ltr'><strong><em>Quoniam</em></strong></span> <span class='ocrx_word' id='word_1_204' title='bbox 1126 1847 1204 1912; x_wconf 81' lang='lat' dir='ltr'><strong><em>ergo</em></strong></span> <span class='ocrx_word' id='word_1_205' title='bbox 1255 1827 1334 1892; x_wconf 92' lang='lat' dir='ltr'><strong><em>Idco</em></strong></span> <span class='ocrx_word' id='word_1_206' title='bbox 1362 1828 1522 1913; x_wconf 89' lang='lat' dir='ltr'><strong><em>propbeta</em></strong></span> <span class='ocrx_word' id='word_1_207' title='bbox 1545 1830 1695 1895; x_wconf 91' lang='lat' dir='ltr'><strong><em>deridens</em></strong></span> <span class='ocrx_word' id='word_1_208' title='bbox 1717 1830 1802 1896; x_wconf 92' lang='lat' dir='ltr'><strong><em>hanc</em></strong></span> <span class='ocrx_word' id='word_1_209' title='bbox 1824 1833 2014 1913; x_wconf 88' lang='lat' dir='ltr'><strong><em>socordiam,</em></strong></span> <span class='ocrx_word' id='word_1_210' title='bbox 2043 1832 2094 1897; x_wconf 89' lang='lat' dir='ltr'><strong><em>vcl</em></strong></span> <span class='ocrx_word' id='word_1_211' title='bbox 2118 1833 2227 1914; x_wconf 88' lang='lat' dir='ltr'><strong><em>potius</em></strong></span> 
     </span>
     <span class='ocr_line' id='line_1_17' title="bbox 229 1913 2229 2000; baseline 0 -20"><span class='ocrx_word' id='word_1_212' title='bbox 229 1927 389 1981; x_wconf 88' lang='lat' dir='ltr'><strong><em>terrorem</em></strong></span> <span class='ocrx_word' id='word_1_213' title='bbox 413 1936 479 1980; x_wconf 93' lang='lat' dir='ltr'><strong><em>uon</em></strong></span> <span class='ocrx_word' id='word_1_214' title='bbox 503 1915 667 1980; x_wconf 90' lang='lat' dir='ltr'><strong><em>incutiunt</em></strong></span> <span class='ocrx_word' id='word_1_215' title='bbox 690 1916 871 2000; x_wconf 79' lang='lat' dir='ltr'><strong><em>hypocritis</em></strong></span> <span class='ocrx_word' id='word_1_216' title='bbox 893 1915 957 1980; x_wconf 91' lang='lat' dir='ltr'><strong><em>Dei</em></strong></span> <span class='ocrx_word' id='word_1_217' title='bbox 979 1918 1098 1999; x_wconf 88' lang='lat' dir='ltr'><strong><em>minae,</em></strong></span> <span class='ocrx_word' id='word_1_218' title='bbox 1130 1935 1203 1997; x_wconf 93' lang='lat' dir='ltr'><strong><em>pro·</em></strong></span> <span class='ocrx_word' id='word_1_219' title='bbox 1255 1913 1343 1979; x_wconf 94' lang='lat' dir='ltr'><strong><em>huno</em></strong></span> <span class='ocrx_word' id='word_1_220' title='bbox 1364 1917 1516 1993; x_wconf 87' lang='lat' dir='ltr'><strong><em>furorem,</em></strong></span> <span class='ocrx_word' id='word_1_221' title='bbox 1547 1916 1634 1991; x_wconf 91' lang='lat' dir='ltr'><strong><em>dicit,</em></strong></span> <span class='ocrx_word' id='word_1_222' title='bbox 1654 1917 1842 2000; x_wconf 64' lang='lat' dir='ltr'><strong><em>intellipetcb,</em></strong></span> <span class='ocrx_word' id='word_1_223' title='bbox 1864 1919 1919 1984; x_wconf 83' lang='lat' dir='ltr'><strong><em>sed</em></strong></span> <span class='ocrx_word' id='word_1_224' title='bbox 1939 1937 2016 1983; x_wconf 84' lang='lat' dir='ltr'><strong><em>sero.</em></strong></span> <span class='ocrx_word' id='word_1_225' title='bbox 2061 1917 2147 1981; x_wconf 88' lang='lat' dir='ltr'><strong><em>Nam</em></strong></span> <span class='ocrx_word' id='word_1_226' title='bbox 2170 1938 2229 1997; x_wconf 91' lang='lat' dir='ltr'><strong><em>per</em></strong></span> 
     </span>
     <span class='ocr_line' id='line_1_18' title="bbox 227 2000 2229 2086; baseline 0 -21"><span class='ocrx_word' id='word_1_227' title='bbox 227 2001 328 2081; x_wconf 88' lang='lat' dir='ltr'><strong><em>pheta</em></strong></span> <span class='ocrx_word' id='word_1_228' title='bbox 360 2000 415 2066; x_wconf 92' lang='lat' dir='ltr'><strong><em>hio</em></strong></span> <span class='ocrx_word' id='word_1_229' title='bbox 448 2001 657 2084; x_wconf 86' lang='lat' dir='ltr'><strong><em>pronuntiat,</em></strong></span> <span class='ocrx_word' id='word_1_230' title='bbox 691 2023 756 2065; x_wconf 92' lang='lat' dir='ltr'><strong><em>non</em></strong></span> <span class='ocrx_word' id='word_1_231' title='bbox 792 2023 861 2066; x_wconf 89' lang='lat' dir='ltr'><strong><em>esse</em></strong></span> <span class='ocrx_word' id='word_1_232' title='bbox 889 2021 948 2066; x_wconf 89' lang='lat' dir='ltr'><strong><em>cur</em></strong></span> <span class='ocrx_word' id='word_1_233' title='bbox 977 2022 1012 2066; x_wconf 89' lang='lat' dir='ltr'><strong><em>se</em></strong></span> <span class='ocrx_word' id='word_1_234' title='bbox 1041 2022 1126 2066; x_wconf 83' lang='lat' dir='ltr'><strong><em>rana</em></strong></span> <span class='ocrx_word' id='word_1_235' title='bbox 1148 2020 1206 2082; x_wconf 87' lang='lat' dir='ltr'><strong><em>spe</em></strong></span> <span class='ocrx_word' id='word_1_236' title='bbox 1255 2001 1478 2066; x_wconf 71' lang='lat' dir='ltr'><strong><em>extremitatem</em></strong></span> <span class='ocrx_word' id='word_1_237' title='bbox 1509 2002 1647 2085; x_wconf 79' lang='lat' dir='ltr'><strong><em>dimam,</em></strong></span> <span class='ocrx_word' id='word_1_238' title='bbox 1679 2003 1834 2086; x_wconf 85' lang='lat' dir='ltr'><strong><em>intelligit</em></strong></span> <span class='ocrx_word' id='word_1_239' title='bbox 1866 2015 1995 2086; x_wconf 90' lang='lat' dir='ltr'><strong><em>tempas</em></strong></span> <span class='ocrx_word' id='word_1_240' title='bbox 2024 2003 2110 2085; x_wconf 89' lang='lat' dir='ltr'><strong><em>quod</em></strong></span> <span class='ocrx_word' id='word_1_241' title='bbox 2137 2001 2229 2066; x_wconf 88' lang='lat' dir='ltr'><strong><em>Deus</em></strong></span> 
     </span>
     <span class='ocr_line' id='line_1_19' title="bbox 228 2085 2230 2171; baseline 0 -19"><span class='ocrx_word' id='word_1_242' title='bbox 228 2087 409 2169; x_wconf 81' lang='lat' dir='ltr'><strong><em>decipiant,</em></strong></span> <span class='ocrx_word' id='word_1_243' title='bbox 443 2086 535 2169; x_wconf 88' lang='lat' dir='ltr'><strong><em>quasi</em></strong></span> <span class='ocrx_word' id='word_1_244' title='bbox 565 2086 656 2152; x_wconf 90' lang='lat' dir='ltr'><strong><em>Deus</em></strong></span> <span class='ocrx_word' id='word_1_245' title='bbox 690 2097 817 2150; x_wconf 91' lang='lat' dir='ltr'><strong><em>tantum</em></strong></span> <span class='ocrx_word' id='word_1_246' title='bbox 852 2087 952 2153; x_wconf 83' lang='lat' dir='ltr'><strong><em>verba</em></strong></span> <span class='ocrx_word' id='word_1_247' title='bbox 985 2085 1205 2170; x_wconf 83' lang='lat' dir='ltr'><strong><em>profunderet,</em></strong></span> <span class='ocrx_word' id='word_1_248' title='bbox 1255 2086 1324 2149; x_wconf 88' lang='lat' dir='ltr'><strong><em>irae</em></strong></span> <span class='ocrx_word' id='word_1_249' title='bbox 1353 2106 1430 2150; x_wconf 88' lang='lat' dir='ltr'><strong><em>suas</em></strong></span> <span class='ocrx_word' id='word_1_250' title='bbox 1459 2086 1689 2153; x_wconf 88' lang='lat' dir='ltr'><strong><em>destinaverat.</em></strong></span> <span class='ocrx_word' id='word_1_251' title='bbox 1736 2090 1835 2170; x_wconf 80' lang='lat' dir='ltr'><strong><em>Atqui</em></strong></span> <span class='ocrx_word' id='word_1_252' title='bbox 1867 2088 1957 2153; x_wconf 89' lang='lat' dir='ltr'><strong><em>Deus</em></strong></span> <span class='ocrx_word' id='word_1_253' title='bbox 1986 2089 2074 2171; x_wconf 89' lang='lat' dir='ltr'><strong><em>ipsus</em></strong></span> <span class='ocrx_word' id='word_1_254' title='bbox 2102 2100 2230 2152; x_wconf 88' lang='lat' dir='ltr'><strong><em>matare</em></strong></span> 
     </span>
     <span class='ocr_line' id='line_1_20' title="bbox 227 2171 2231 2256; baseline 0 -18"><span class='ocrx_word' id='word_1_255' title='bbox 227 2172 321 2238; x_wconf 90' lang='lat' dir='ltr'><strong><em>nulla</em></strong></span> <span class='ocrx_word' id='word_1_256' title='bbox 345 2182 455 2238; x_wconf 90' lang='lat' dir='ltr'><strong><em>autem</em></strong></span> <span class='ocrx_word' id='word_1_257' title='bbox 480 2182 564 2237; x_wconf 92' lang='lat' dir='ltr'><strong><em>esset</em></strong></span> <span class='ocrx_word' id='word_1_258' title='bbox 588 2171 751 2238; x_wconf 86' lang='lat' dir='ltr'><strong><em>vindictae</em></strong></span> <span class='ocrx_word' id='word_1_259' title='bbox 774 2173 975 2254; x_wconf 76' lang='lat' dir='ltr'><strong><em>exaequatio.</em></strong></span> <span class='ocrx_word' id='word_1_260' title='bbox 1011 2171 1087 2237; x_wconf 83' lang='lat' dir='ltr'><strong><em>Noa</em></strong></span> <span class='ocrx_word' id='word_1_261' title='bbox 1106 2191 1206 2236; x_wconf 82' lang='lat' dir='ltr'><strong><em>rerer-</em></strong></span> <span class='ocrx_word' id='word_1_262' title='bbox 1257 2171 1421 2244; x_wconf 87' lang='lat' dir='ltr'><strong><em>monebat,</em></strong></span> <span class='ocrx_word' id='word_1_263' title='bbox 1444 2181 1480 2236; x_wconf 92' lang='lat' dir='ltr'><strong><em>ut</em></strong></span> <span class='ocrx_word' id='word_1_264' title='bbox 1498 2172 1725 2256; x_wconf 86' lang='lat' dir='ltr'><strong><em>resipiscerent</em></strong></span> <span class='ocrx_word' id='word_1_265' title='bbox 1743 2183 1918 2255; x_wconf 88' lang='lat' dir='ltr'><strong><em>antequam</em></strong></span> <span class='ocrx_word' id='word_1_266' title='bbox 1938 2177 2083 2239; x_wconf 82' lang='lat' dir='ltr'><strong><em>venisset</em></strong></span> <span class='ocrx_word' id='word_1_267' title='bbox 2100 2185 2231 2256; x_wconf 90' lang='lat' dir='ltr'><strong><em>tempas</em></strong></span> 
     </span>
     <span class='ocr_line' id='line_1_21' title="bbox 226 2256 2230 2342; baseline -0.001 -18"><span class='ocrx_word' id='word_1_268' title='bbox 226 2263 314 2336; x_wconf 79' lang='lat' dir='ltr'><strong><em>mar,</em></strong></span> <span class='ocrx_word' id='word_1_269' title='bbox 338 2259 455 2339; x_wconf 90' lang='lat' dir='ltr'><strong><em>iuquit,</em></strong></span> <span class='ocrx_word' id='word_1_270' title='bbox 476 2257 571 2339; x_wconf 74' lang='lat' dir='ltr'><strong><em>furor</em></strong></span> <span class='ocrx_word' id='word_1_271' title='bbox 593 2256 737 2342; x_wconf 81' lang='lat' dir='ltr'><strong><em>Ielooae,</em></strong></span> <span class='ocrx_word' id='word_1_272' title='bbox 765 2259 859 2324; x_wconf 80' lang='lat' dir='ltr'><strong><em>donec</em></strong></span> <span class='ocrx_word' id='word_1_273' title='bbox 874 2259 1043 2340; x_wconf 80' lang='lat' dir='ltr'><strong><em>perfecerit</em></strong></span> <span class='ocrx_word' id='word_1_274' title='bbox 1064 2262 1090 2322; x_wconf 93' lang='lat' dir='ltr'><strong><em>el</em></strong></span> <span class='ocrx_word' id='word_1_275' title='bbox 1110 2256 1205 2323; x_wconf 83' lang='lat' dir='ltr'><strong><em>stabi·</em></strong></span> <span class='ocrx_word' id='word_1_276' title='bbox 1257 2257 1378 2322; x_wconf 92' lang='lat' dir='ltr'><strong><em>iudicii.</em></strong></span> <span class='ocrx_word' id='word_1_277' title='bbox 1423 2257 1565 2322; x_wconf 88' lang='lat' dir='ltr'><strong><em>Perinde</em></strong></span> <span class='ocrx_word' id='word_1_278' title='bbox 1595 2258 1695 2341; x_wconf 84' lang='lat' dir='ltr'><strong><em>igitur</em></strong></span> <span class='ocrx_word' id='word_1_279' title='bbox 1719 2269 1768 2323; x_wconf 91' lang='lat' dir='ltr'><strong><em>est</em></strong></span> <span class='ocrx_word' id='word_1_280' title='bbox 1789 2279 1827 2323; x_wconf 93' lang='lat' dir='ltr'><strong><em>ac</em></strong></span> <span class='ocrx_word' id='word_1_281' title='bbox 1848 2262 1875 2324; x_wconf 89' lang='lat' dir='ltr'><strong><em>si</em></strong></span> <span class='ocrx_word' id='word_1_282' title='bbox 1898 2259 2096 2341; x_wconf 89' lang='lat' dir='ltr'><strong><em>relinqueret</em></strong></span> <span class='ocrx_word' id='word_1_283' title='bbox 2119 2279 2173 2324; x_wconf 89' lang='lat' dir='ltr'><strong><em>eos</em></strong></span> <span class='ocrx_word' id='word_1_284' title='bbox 2196 2261 2230 2323; x_wconf 94' lang='lat' dir='ltr'><strong><em>iu</em></strong></span> 
     </span>
     <span class='ocr_line' id='line_1_22' title="bbox 228 2342 2231 2428; baseline -0 -20"><span class='ocrx_word' id='word_1_285' title='bbox 228 2342 314 2410; x_wconf 85' lang='lat' dir='ltr'><strong><em>lierit</em></strong></span> <span class='ocrx_word' id='word_1_286' title='bbox 352 2343 549 2426; x_wconf 78' lang='lat' dir='ltr'><strong><em>copitalioma</em></strong></span> <span class='ocrx_word' id='word_1_287' title='bbox 587 2343 689 2408; x_wconf 80' lang='lat' dir='ltr'><strong><em>cordis</em></strong></span> <span class='ocrx_word' id='word_1_288' title='bbox 728 2345 789 2408; x_wconf 83' lang='lat' dir='ltr'><strong><em>sai.</em></strong></span> <span class='ocrx_word' id='word_1_289' title='bbox 848 2342 1003 2409; x_wconf 88' lang='lat' dir='ltr'><strong><em>Ostendit</em></strong></span> <span class='ocrx_word' id='word_1_290' title='bbox 1040 2342 1206 2423; x_wconf 90' lang='lat' dir='ltr'><strong><em>Ieremias,</em></strong></span> <span class='ocrx_word' id='word_1_291' title='bbox 1258 2363 1316 2407; x_wconf 87' lang='lat' dir='ltr'><strong><em>sno</em></strong></span> <span class='ocrx_word' id='word_1_292' title='bbox 1346 2353 1488 2425; x_wconf 91' lang='lat' dir='ltr'><strong><em>stupore,</em></strong></span> <span class='ocrx_word' id='word_1_293' title='bbox 1518 2363 1555 2408; x_wconf 88' lang='lat' dir='ltr'><strong><em>aa</em></strong></span> <span class='ocrx_word' id='word_1_294' title='bbox 1585 2343 1714 2421; x_wconf 85' lang='lat' dir='ltr'><strong><em>diceret,</em></strong></span> <span class='ocrx_word' id='word_1_295' title='bbox 1746 2365 1812 2408; x_wconf 93' lang='lat' dir='ltr'><strong><em>non</em></strong></span> <span class='ocrx_word' id='word_1_296' title='bbox 1837 2365 1931 2428; x_wconf 88' lang='lat' dir='ltr'><strong><em>posse</em></strong></span> <span class='ocrx_word' id='word_1_297' title='bbox 1953 2355 2064 2409; x_wconf 90' lang='lat' dir='ltr'><strong><em>temen</em></strong></span> <span class='ocrx_word' id='word_1_298' title='bbox 2086 2345 2231 2428; x_wconf 82' lang='lat' dir='ltr'><strong><em>effugere</em></strong></span> 
     </span>
     <span class='ocr_line' id='line_1_23' title="bbox 227 2427 2229 2512; baseline 0 -18"><span class='ocrx_word' id='word_1_299' title='bbox 227 2429 336 2494; x_wconf 89' lang='lat' dir='ltr'><strong><em>Deum</em></strong></span> <span class='ocrx_word' id='word_1_300' title='bbox 360 2448 427 2493; x_wconf 91' lang='lat' dir='ltr'><strong><em>non</em></strong></span> <span class='ocrx_word' id='word_1_301' title='bbox 451 2428 590 2492; x_wconf 85' lang='lat' dir='ltr'><strong><em>futiliter</em></strong></span> <span class='ocrx_word' id='word_1_302' title='bbox 612 2428 701 2510; x_wconf 90' lang='lat' dir='ltr'><strong><em>loqui</em></strong></span> <span class='ocrx_word' id='word_1_303' title='bbox 723 2451 781 2512; x_wconf 89' lang='lat' dir='ltr'><strong><em>per</em></strong></span> <span class='ocrx_word' id='word_1_304' title='bbox 804 2450 917 2494; x_wconf 88' lang='lat' dir='ltr'><strong><em>servos</em></strong></span> <span class='ocrx_word' id='word_1_305' title='bbox 939 2449 1026 2506; x_wconf 88' lang='lat' dir='ltr'><strong><em>suos,</em></strong></span> <span class='ocrx_word' id='word_1_306' title='bbox 1054 2429 1206 2511; x_wconf 88' lang='lat' dir='ltr'><strong><em>quemad·</em></strong></span> <span class='ocrx_word' id='word_1_307' title='bbox 1258 2449 1392 2493; x_wconf 90' lang='lat' dir='ltr'><strong><em>manum</em></strong></span> <span class='ocrx_word' id='word_1_308' title='bbox 1416 2427 1478 2492; x_wconf 93' lang='lat' dir='ltr'><strong><em>Dei</em></strong></span> <span class='ocrx_word' id='word_1_309' title='bbox 1509 2449 1567 2493; x_wconf 88' lang='lat' dir='ltr'><strong><em>sua</em></strong></span> <span class='ocrx_word' id='word_1_310' title='bbox 1596 2429 1790 2512; x_wconf 87' lang='lat' dir='ltr'><strong><em>pertinacia:</em></strong></span> <span class='ocrx_word' id='word_1_311' title='bbox 1824 2430 2095 2512; x_wconf 82' lang='lat' dir='ltr'><strong><em>quemadmodum</em></strong></span> <span class='ocrx_word' id='word_1_312' title='bbox 2127 2449 2229 2512; x_wconf 88' lang='lat' dir='ltr'><strong><em>quum</em></strong></span> 
     </span>
     <span class='ocr_line' id='line_1_24' title="bbox 223 2513 2230 2602; baseline -0.001 -23"><span class='ocrx_word' id='word_1_313' title='bbox 223 2515 358 2579; x_wconf 91' lang='lat' dir='ltr'><strong><em>modum</em></strong></span> <span class='ocrx_word' id='word_1_314' title='bbox 388 2513 492 2577; x_wconf 90' lang='lat' dir='ltr'><strong><em>multa</em></strong></span> <span class='ocrx_word' id='word_1_315' title='bbox 521 2513 708 2579; x_wconf 90' lang='lat' dir='ltr'><strong><em>homiuibus</em></strong></span> <span class='ocrx_word' id='word_1_316' title='bbox 743 2527 864 2579; x_wconf 89' lang='lat' dir='ltr'><strong><em>temera</em></strong></span> <span class='ocrx_word' id='word_1_317' title='bbox 888 2513 1061 2580; x_wconf 87' lang='lat' dir='ltr'><strong><em>excidunt:</em></strong></span> <span class='ocrx_word' id='word_1_318' title='bbox 1095 2515 1205 2598; x_wconf 86' lang='lat' dir='ltr'><strong><em>lingua</em></strong></span> <span class='ocrx_word' id='word_1_319' title='bbox 1258 2513 1383 2578; x_wconf 90' lang='lat' dir='ltr'><strong><em>Paulus</em></strong></span> <span class='ocrx_word' id='word_1_320' title='bbox 1406 2514 1482 2579; x_wconf 86' lang='lat' dir='ltr'><strong><em>dloit</em></strong></span> <span class='ocrx_word' id='word_1_321' title='bbox 1506 2513 1548 2598; x_wconf 90' lang='lat'><strong><em>(1.</em></strong></span> <span class='ocrx_word' id='word_1_322' title='bbox 1573 2513 1648 2579; x_wconf 84' lang='lat' dir='ltr'><strong><em>Cor.</em></strong></span> <span class='ocrx_word' id='word_1_323' title='bbox 1672 2515 1722 2587; x_wconf 88' lang='grc'><strong><em>14,</em></strong></span> <span class='ocrx_word' id='word_1_324' title='bbox 1746 2515 1809 2602; x_wconf 86' lang='grc'>38).</span> <span class='ocrx_word' id='word_1_325' title='bbox 1836 2514 1897 2591; x_wconf 84' lang='lat' dir='ltr'><strong><em>Qui</em></strong></span> <span class='ocrx_word' id='word_1_326' title='bbox 1920 2516 2061 2599; x_wconf 82' lang='lat' dir='ltr'><strong><em>ignorat,</em></strong></span> <span class='ocrx_word' id='word_1_327' title='bbox 2090 2515 2230 2599; x_wconf 87' lang='lat' dir='ltr'><strong><em>ignoret,</em></strong></span> 
     </span>
     <span class='ocr_line' id='line_1_25' title="bbox 223 2598 2229 2684; baseline -0.002 -20"><span class='ocrx_word' id='word_1_328' title='bbox 223 2603 312 2664; x_wconf 91' lang='lat' dir='ltr'><strong><em>enim</em></strong></span> <span class='ocrx_word' id='word_1_329' title='bbox 353 2617 452 2681; x_wconf 89' lang='lat' dir='ltr'><strong><em>saepe</em></strong></span> <span class='ocrx_word' id='word_1_330' title='bbox 493 2601 601 2681; x_wconf 90' lang='lat' dir='ltr'><strong><em>praeit</em></strong></span> <span class='ocrx_word' id='word_1_331' title='bbox 640 2615 795 2666; x_wconf 89' lang='lat' dir='ltr'><strong><em>mentem.</em></strong></span> <span class='ocrx_word' id='word_1_332' title='bbox 852 2598 917 2666; x_wconf 81' lang='lat' dir='ltr'><strong><em>Sed</em></strong></span> <span class='ocrx_word' id='word_1_333' title='bbox 953 2599 1006 2664; x_wconf 89' lang='lat' dir='ltr'><strong><em>hio</em></strong></span> <span class='ocrx_word' id='word_1_334' title='bbox 1045 2599 1206 2678; x_wconf 87' lang='lat' dir='ltr'><strong><em>admonet,</em></strong></span> <span class='ocrx_word' id='word_1_335' title='bbox 1258 2619 1323 2663; x_wconf 92' lang='lat' dir='ltr'><strong><em>uon</em></strong></span> <span class='ocrx_word' id='word_1_336' title='bbox 1351 2599 1484 2664; x_wconf 90' lang='lat' dir='ltr'><strong><em>dubium</em></strong></span> <span class='ocrx_word' id='word_1_337' title='bbox 1515 2611 1564 2664; x_wconf 92' lang='grc' dir='ltr'><strong><em>εει</em></strong></span> <span class='ocrx_word' id='word_1_338' title='bbox 1592 2601 1670 2683; x_wconf 93' lang='lat' dir='ltr'><strong><em>quin</em></strong></span> <span class='ocrx_word' id='word_1_339' title='bbox 1701 2603 1918 2684; x_wconf 78' lang='lat' dir='ltr'><strong><em>pervicaciam</em></strong></span> <span class='ocrx_word' id='word_1_340' title='bbox 1947 2621 2058 2665; x_wconf 88' lang='lat' dir='ltr'><strong><em>eorum</em></strong></span> <span class='ocrx_word' id='word_1_341' title='bbox 2093 2600 2229 2677; x_wconf 88' lang='lat' dir='ltr'><strong><em>refellat,</em></strong></span> 
     </span>
     <span class='ocr_line' id='line_1_26' title="bbox 225 2683 2230 2769; baseline 0 -19"><span class='ocrx_word' id='word_1_342' title='bbox 225 2685 323 2768; x_wconf 82' lang='lat' dir='ltr'><strong><em>longe</em></strong></span> <span class='ocrx_word' id='word_1_343' title='bbox 346 2684 455 2752; x_wconf 89' lang='lat' dir='ltr'><strong><em>Deum</em></strong></span> <span class='ocrx_word' id='word_1_344' title='bbox 487 2685 527 2750; x_wconf 88' lang='lat' dir='ltr'><strong><em>ab</em></strong></span> <span class='ocrx_word' id='word_1_345' title='bbox 557 2683 745 2751; x_wconf 91' lang='lat' dir='ltr'><strong><em>hominibus</em></strong></span> <span class='ocrx_word' id='word_1_346' title='bbox 776 2686 915 2762; x_wconf 86' lang='lat' dir='ltr'><strong><em>differre,</em></strong></span> <span class='ocrx_word' id='word_1_347' title='bbox 946 2687 1025 2769; x_wconf 85' lang='lat' dir='ltr'><strong><em>quia</em></strong></span> <span class='ocrx_word' id='word_1_348' title='bbox 1052 2687 1136 2750; x_wconf 89' lang='lat' dir='ltr'><strong><em>serio</em></strong></span> <span class='ocrx_word' id='word_1_349' title='bbox 1159 2685 1204 2748; x_wconf 91' lang='lat' dir='ltr'><strong><em>lo-</em></strong></span> <span class='ocrx_word' id='word_1_350' title='bbox 1257 2683 1312 2766; x_wconf 91' lang='lat' dir='ltr'><strong><em>qui</em></strong></span> <span class='ocrx_word' id='word_1_351' title='bbox 1343 2704 1408 2748; x_wconf 93' lang='lat' dir='ltr'><strong><em>uon</em></strong></span> <span class='ocrx_word' id='word_1_352' title='bbox 1431 2686 1607 2750; x_wconf 90' lang='lat' dir='ltr'><strong><em>admittunt</em></strong></span> <span class='ocrx_word' id='word_1_353' title='bbox 1630 2686 1679 2750; x_wconf 87' lang='lat' dir='ltr'><strong><em>vel</em></strong></span> <span class='ocrx_word' id='word_1_354' title='bbox 1704 2706 1818 2750; x_wconf 90' lang='lat' dir='ltr'><strong><em>sanam</em></strong></span> <span class='ocrx_word' id='word_1_355' title='bbox 1842 2687 2033 2766; x_wconf 90' lang='lat' dir='ltr'><strong><em>doctrinam,</em></strong></span> <span class='ocrx_word' id='word_1_356' title='bbox 2066 2686 2119 2750; x_wconf 86' lang='lat' dir='ltr'><strong><em>vel</em></strong></span> <span class='ocrx_word' id='word_1_357' title='bbox 2141 2697 2230 2750; x_wconf 88' lang='lat' dir='ltr'><strong><em>recta</em></strong></span> 
     </span>
     <span class='ocr_line' id='line_1_27' title="bbox 226 2767 2229 2855; baseline -0 -19"><span class='ocrx_word' id='word_1_358' title='bbox 226 2771 352 2855; x_wconf 88' lang='lat' dir='ltr'><strong><em>quitur:</em></strong></span> <span class='ocrx_word' id='word_1_359' title='bbox 372 2779 406 2836; x_wconf 91' lang='grc' dir='ltr'><strong><em>ει</em></strong></span> <span class='ocrx_word' id='word_1_360' title='bbox 423 2790 531 2835; x_wconf 88' lang='lat' dir='ltr'><strong><em>sermo</em></strong></span> <span class='ocrx_word' id='word_1_361' title='bbox 550 2771 758 2853; x_wconf 88' lang='lat' dir='ltr'><strong><em>propheticus</em></strong></span> <span class='ocrx_word' id='word_1_362' title='bbox 774 2785 900 2837; x_wconf 86' lang='lat' dir='ltr'><strong><em>certum</em></strong></span> <span class='ocrx_word' id='word_1_363' title='bbox 918 2781 967 2836; x_wconf 91' lang='lat' dir='ltr'><strong><em>est</em></strong></span> <span class='ocrx_word' id='word_1_364' title='bbox 984 2771 1203 2835; x_wconf 87' lang='lat' dir='ltr'><strong><em>testimoniam</em></strong></span> <span class='ocrx_word' id='word_1_365' title='bbox 1256 2770 1401 2834; x_wconf 87' lang='lat' dir='ltr'><strong><em>consilia.</em></strong></span> <span class='ocrx_word' id='word_1_366' title='bbox 1446 2767 1502 2835; x_wconf 86' lang='lat' dir='ltr'><strong><em>Sic</em></strong></span> <span class='ocrx_word' id='word_1_367' title='bbox 1530 2789 1609 2854; x_wconf 81' lang='lat' dir='ltr'><strong><em>ergo</em></strong></span> <span class='ocrx_word' id='word_1_368' title='bbox 1638 2771 1797 2854; x_wconf 88' lang='lat' dir='ltr'><strong><em>propheta</em></strong></span> <span class='ocrx_word' id='word_1_369' title='bbox 1820 2771 1873 2837; x_wconf 90' lang='lat' dir='ltr'><strong><em>hic</em></strong></span> <span class='ocrx_word' id='word_1_370' title='bbox 1894 2772 1996 2848; x_wconf 90' lang='lat' dir='ltr'><strong><em>docet,</em></strong></span> <span class='ocrx_word' id='word_1_371' title='bbox 2026 2771 2111 2835; x_wconf 91' lang='lat' dir='ltr'><strong><em>nihil</em></strong></span> <span class='ocrx_word' id='word_1_372' title='bbox 2134 2771 2229 2835; x_wconf 92' lang='lat' dir='ltr'><strong><em>luori-</em></strong></span> 
     </span>
     <span class='ocr_line' id='line_1_28' title="bbox 225 2854 2229 2940; baseline -0.002 -17"><span class='ocrx_word' id='word_1_373' title='bbox 225 2857 337 2923; x_wconf 86' lang='lat' dir='ltr'><strong><em>arcani</em></strong></span> <span class='ocrx_word' id='word_1_374' title='bbox 368 2856 441 2921; x_wconf 90' lang='lat' dir='ltr'><strong><em>cias</em></strong></span> <span class='ocrx_word' id='word_1_375' title='bbox 472 2856 611 2934; x_wconf 91' lang='lat' dir='ltr'><strong><em>consilii,</em></strong></span> <span class='ocrx_word' id='word_1_376' title='bbox 641 2868 680 2920; x_wconf 95' lang='lat' dir='ltr'><strong><em>ut</em></strong></span> <span class='ocrx_word' id='word_1_377' title='bbox 710 2857 808 2939; x_wconf 91' lang='lat' dir='ltr'><strong><em>paulo</em></strong></span> <span class='ocrx_word' id='word_1_378' title='bbox 830 2870 905 2940; x_wconf 91' lang='lat' dir='ltr'><strong><em>post</em></strong></span> <span class='ocrx_word' id='word_1_379' title='bbox 927 2858 1044 2922; x_wconf 91' lang='lat' dir='ltr'><strong><em>iterum</em></strong></span> <span class='ocrx_word' id='word_1_380' title='bbox 1069 2855 1204 2920; x_wconf 88' lang='lat' dir='ltr'><strong><em>dicetur.</em></strong></span> <span class='ocrx_word' id='word_1_381' title='bbox 1257 2855 1401 2920; x_wconf 88' lang='lat' dir='ltr'><strong><em>facturos</em></strong></span> <span class='ocrx_word' id='word_1_382' title='bbox 1423 2854 1619 2939; x_wconf 82' lang='lat' dir='ltr'><strong><em>hypocritas,</em></strong></span> <span class='ocrx_word' id='word_1_383' title='bbox 1648 2877 1748 2938; x_wconf 93' lang='lat' dir='ltr'><strong><em>quum</em></strong></span> <span class='ocrx_word' id='word_1_384' title='bbox 1772 2856 1844 2921; x_wconf 94' lang='lat' dir='ltr'><strong><em>Deo</em></strong></span> <span class='ocrx_word' id='word_1_385' title='bbox 1867 2858 2077 2940; x_wconf 90' lang='lat' dir='ltr'><strong><em>opposuerint</em></strong></span> <span class='ocrx_word' id='word_1_386' title='bbox 2098 2865 2131 2919; x_wconf 91' lang='lat' dir='ltr'><strong><em>ct</em></strong></span> <span class='ocrx_word' id='word_1_387' title='bbox 2152 2875 2229 2920; x_wconf 89' lang='lat' dir='ltr'><strong><em>con·</em></strong></span> 
     </span>
     <span class='ocr_line' id='line_1_29' title="bbox 224 2939 2231 3025; baseline -0.001 -17"><span class='ocrx_word' id='word_1_388' title='bbox 224 2941 318 3008; x_wconf 90' lang='lat' dir='ltr'><strong><em>Haec</em></strong></span> <span class='ocrx_word' id='word_1_389' title='bbox 347 2942 433 3007; x_wconf 87' lang='lat' dir='ltr'><strong><em>ratio</em></strong></span> <span class='ocrx_word' id='word_1_390' title='bbox 465 2951 515 3007; x_wconf 88' lang='lat' dir='ltr'><strong><em>est</em></strong></span> <span class='ocrx_word' id='word_1_391' title='bbox 545 2963 604 3006; x_wconf 92' lang='lat' dir='ltr'><strong><em>car</em></strong></span> <span class='ocrx_word' id='word_1_392' title='bbox 631 2946 777 3006; x_wconf 87' lang='lat' dir='ltr'><strong><em>nominet</em></strong></span> <span class='ocrx_word' id='word_1_393' title='bbox 799 2943 998 3025; x_wconf 77' lang='lat' dir='ltr'><strong><em>copitotioaes</em></strong></span> <span class='ocrx_word' id='word_1_394' title='bbox 1018 2941 1121 3008; x_wconf 83' lang='lat' dir='ltr'><strong><em>cordis</em></strong></span> <span class='ocrx_word' id='word_1_395' title='bbox 1142 2942 1204 3006; x_wconf 86' lang='lat' dir='ltr'><strong><em>sui.</em></strong></span> <span class='ocrx_word' id='word_1_396' title='bbox 1257 2941 1431 3005; x_wconf 87' lang='lat' dir='ltr'><strong><em>tumaciam</em></strong></span> <span class='ocrx_word' id='word_1_397' title='bbox 1471 2950 1505 3004; x_wconf 91' lang='lat' dir='ltr'><strong><em>et</em></strong></span> <span class='ocrx_word' id='word_1_398' title='bbox 1541 2939 1783 3022; x_wconf 89' lang='lat' dir='ltr'><strong><em>improbitatem</em></strong></span> <span class='ocrx_word' id='word_1_399' title='bbox 1822 2962 1931 3006; x_wconf 90' lang='lat' dir='ltr'><strong><em>suam:</em></strong></span> <span class='ocrx_word' id='word_1_400' title='bbox 1971 2942 2047 3024; x_wconf 90' lang='lat' dir='ltr'><strong><em>qnia</em></strong></span> <span class='ocrx_word' id='word_1_401' title='bbox 2087 2941 2231 3005; x_wconf 87' lang='lat' dir='ltr'><strong><em>sentient</em></strong></span> 
     </span>
     <span class='ocr_line' id='line_1_30' title="bbox 223 3025 2229 3113; baseline -0.001 -20"><span class='ocrx_word' id='word_1_402' title='bbox 223 3025 359 3093; x_wconf 87' lang='lat' dir='ltr'><strong><em>Interea</em></strong></span> <span class='ocrx_word' id='word_1_403' title='bbox 390 3047 455 3092; x_wconf 92' lang='lat' dir='ltr'><strong><em>nou</em></strong></span> <span class='ocrx_word' id='word_1_404' title='bbox 486 3027 642 3092; x_wconf 87' lang='lat' dir='ltr'><strong><em>dehemus</em></strong></span> <span class='ocrx_word' id='word_1_405' title='bbox 671 3029 844 3113; x_wconf 87' lang='lat' dir='ltr'><strong><em>imaginari</em></strong></span> <span class='ocrx_word' id='word_1_406' title='bbox 869 3027 979 3093; x_wconf 90' lang='lat' dir='ltr'><strong><em>Deum</em></strong></span> <span class='ocrx_word' id='word_1_407' title='bbox 1009 3029 1102 3092; x_wconf 93' lang='lat' dir='ltr'><strong><em>nohis</em></strong></span> <span class='ocrx_word' id='word_1_408' title='bbox 1135 3048 1206 3092; x_wconf 85' lang='lat' dir='ltr'><strong><em>esse</em></strong></span> <span class='ocrx_word' id='word_1_409' title='bbox 1258 3026 1396 3089; x_wconf 92' lang='lat' dir='ltr'><strong><em>nimium</em></strong></span> <span class='ocrx_word' id='word_1_410' title='bbox 1436 3045 1508 3090; x_wconf 88' lang='lat' dir='ltr'><strong><em>sero</em></strong></span> <span class='ocrx_word' id='word_1_411' title='bbox 1542 3026 1648 3090; x_wconf 91' lang='lat' dir='ltr'><strong><em>Deum</em></strong></span> <span class='ocrx_word' id='word_1_412' title='bbox 1690 3048 1752 3089; x_wconf 94' lang='lat' dir='ltr'><strong><em>uon</em></strong></span> <span class='ocrx_word' id='word_1_413' title='bbox 1785 3026 1909 3092; x_wconf 89' lang='lat' dir='ltr'><strong><em>frustra</em></strong></span> <span class='ocrx_word' id='word_1_414' title='bbox 1941 3027 2113 3109; x_wconf 90' lang='lat' dir='ltr'><strong><em>loquutum</em></strong></span> <span class='ocrx_word' id='word_1_415' title='bbox 2148 3047 2229 3090; x_wconf 92' lang='lat' dir='ltr'><strong><em>esse.</em></strong></span> 
     </span>
     <span class='ocr_line' id='line_1_31' title="bbox 224 3110 2229 3194; baseline -0.002 -14"><span class='ocrx_word' id='word_1_416' title='bbox 224 3113 377 3190; x_wconf 85' lang='lat' dir='ltr'><strong><em>similam,</em></strong></span> <span class='ocrx_word' id='word_1_417' title='bbox 408 3133 446 3178; x_wconf 87' lang='lat' dir='ltr'><strong><em>aa</em></strong></span> <span class='ocrx_word' id='word_1_418' title='bbox 473 3113 501 3178; x_wconf 91' lang='lat' dir='ltr'><strong><em>si</em></strong></span> <span class='ocrx_word' id='word_1_419' title='bbox 532 3116 643 3178; x_wconf 92' lang='lat' dir='ltr'><strong><em>animo</em></strong></span> <span class='ocrx_word' id='word_1_420' title='bbox 671 3113 733 3179; x_wconf 91' lang='lat' dir='ltr'><strong><em>hoc</em></strong></span> <span class='ocrx_word' id='word_1_421' title='bbox 764 3114 814 3178; x_wconf 84' lang='lat' dir='ltr'><strong><em>rel</em></strong></span> <span class='ocrx_word' id='word_1_422' title='bbox 845 3114 925 3178; x_wconf 93' lang='lat' dir='ltr'><strong><em>illud</em></strong></span> <span class='ocrx_word' id='word_1_423' title='bbox 949 3113 1144 3194; x_wconf 89' lang='lat' dir='ltr'><strong><em>conciperet,</em></strong></span> <span class='ocrx_word' id='word_1_424' title='bbox 1173 3123 1205 3176; x_wconf 90' lang='grc' dir='ltr'><strong><em>ει</em></strong></span> <span class='ocrx_word' id='word_1_425' title='bbox 1257 3110 1419 3175; x_wconf 82' lang='lat' dir='ltr'><strong><em>Videmus</em></strong></span> <span class='ocrx_word' id='word_1_426' title='bbox 1456 3131 1532 3193; x_wconf 84' lang='lat' dir='ltr'><strong><em>ergo</em></strong></span> <span class='ocrx_word' id='word_1_427' title='bbox 1569 3131 1629 3193; x_wconf 90' lang='lat' dir='ltr'><strong><em>per</em></strong></span> <span class='ocrx_word' id='word_1_428' title='bbox 1668 3113 1890 3177; x_wconf 79' lang='lat' dir='ltr'><strong><em>eatremitatem</em></strong></span> <span class='ocrx_word' id='word_1_429' title='bbox 1928 3112 2051 3178; x_wconf 77' lang='lat' dir='ltr'><strong><em>dicam</em></strong></span> <span class='ocrx_word' id='word_1_430' title='bbox 2088 3111 2229 3194; x_wconf 85' lang='lat' dir='ltr'><strong><em>intelligi</em></strong></span> 
     </span>
     <span class='ocr_line' id='line_1_32' title="bbox 222 3195 2232 3282; baseline -0.001 -20"><span class='ocrx_word' id='word_1_431' title='bbox 222 3209 372 3264; x_wconf 82' lang='lat' dir='ltr'><strong><em>versaret</em></strong></span> <span class='ocrx_word' id='word_1_432' title='bbox 394 3198 500 3263; x_wconf 91' lang='lat' dir='ltr'><strong><em>multa</em></strong></span> <span class='ocrx_word' id='word_1_433' title='bbox 522 3199 668 3281; x_wconf 89' lang='lat' dir='ltr'><strong><em>consilia,</em></strong></span> <span class='ocrx_word' id='word_1_434' title='bbox 698 3211 730 3263; x_wconf 94' lang='lat' dir='ltr'><strong><em>et</em></strong></span> <span class='ocrx_word' id='word_1_435' title='bbox 753 3219 840 3264; x_wconf 89' lang='lat' dir='ltr'><strong><em>nuuc</em></strong></span> <span class='ocrx_word' id='word_1_436' title='bbox 863 3219 976 3282; x_wconf 89' lang='lat' dir='ltr'><strong><em>uuum,</em></strong></span> <span class='ocrx_word' id='word_1_437' title='bbox 1003 3219 1092 3262; x_wconf 89' lang='lat' dir='ltr'><strong><em>nuuc</em></strong></span> <span class='ocrx_word' id='word_1_438' title='bbox 1114 3197 1204 3262; x_wconf 89' lang='lat' dir='ltr'><strong><em>alind</em></strong></span> <span class='ocrx_word' id='word_1_439' title='bbox 1258 3205 1388 3278; x_wconf 89' lang='lat' dir='ltr'><strong><em>tempas</em></strong></span> <span class='ocrx_word' id='word_1_440' title='bbox 1417 3195 1512 3276; x_wconf 92' lang='lat' dir='ltr'><strong><em>illud,</em></strong></span> <span class='ocrx_word' id='word_1_441' title='bbox 1546 3217 1608 3278; x_wconf 94' lang='lat' dir='ltr'><strong><em>quo</em></strong></span> <span class='ocrx_word' id='word_1_442' title='bbox 1638 3196 1748 3261; x_wconf 90' lang='lat' dir='ltr'><strong><em>clausa</em></strong></span> <span class='ocrx_word' id='word_1_443' title='bbox 1773 3198 1836 3262; x_wconf 86' lang='lat' dir='ltr'><strong><em>orit</em></strong></span> <span class='ocrx_word' id='word_1_444' title='bbox 1866 3197 1977 3274; x_wconf 91' lang='lat' dir='ltr'><strong><em>ianua,</em></strong></span> <span class='ocrx_word' id='word_1_445' title='bbox 2011 3197 2086 3279; x_wconf 90' lang='lat' dir='ltr'><strong><em>qnia</em></strong></span> <span class='ocrx_word' id='word_1_446' title='bbox 2108 3197 2232 3262; x_wconf 89' lang='lat' dir='ltr'><strong><em>scilicet</em></strong></span> 
     </span>
     <span class='ocr_line' id='line_1_33' title="bbox 223 3279 2231 3365; baseline -0.002 -15"><span class='ocrx_word' id='word_1_447' title='bbox 223 3286 354 3350; x_wconf 81' lang='lat' dir='ltr'><strong><em>veniret</em></strong></span> <span class='ocrx_word' id='word_1_448' title='bbox 383 3285 419 3349; x_wconf 95' lang='lat' dir='ltr'><strong><em>in</em></strong></span> <span class='ocrx_word' id='word_1_449' title='bbox 449 3294 611 3348; x_wconf 88' lang='lat' dir='ltr'><strong><em>mentem:</em></strong></span> <span class='ocrx_word' id='word_1_450' title='bbox 645 3283 725 3349; x_wconf 88' lang='lat' dir='ltr'><strong><em>haec</em></strong></span> <span class='ocrx_word' id='word_1_451' title='bbox 752 3285 851 3347; x_wconf 90' lang='lat' dir='ltr'><strong><em>nimis</em></strong></span> <span class='ocrx_word' id='word_1_452' title='bbox 879 3305 987 3350; x_wconf 89' lang='lat' dir='ltr'><strong><em>crassa</em></strong></span> <span class='ocrx_word' id='word_1_453' title='bbox 1018 3293 1109 3360; x_wconf 91' lang='lat' dir='ltr'><strong><em>sunt,</em></strong></span> <span class='ocrx_word' id='word_1_454' title='bbox 1144 3304 1205 3348; x_wconf 90' lang='lat' dir='ltr'><strong><em>neo</em></strong></span> <span class='ocrx_word' id='word_1_455' title='bbox 1245 3279 1331 3346; x_wconf 91' lang='lat' dir='ltr'><strong><em>·Deo</em></strong></span> <span class='ocrx_word' id='word_1_456' title='bbox 1361 3301 1428 3344; x_wconf 92' lang='lat' dir='ltr'><strong><em>uon</em></strong></span> <span class='ocrx_word' id='word_1_457' title='bbox 1459 3281 1687 3364; x_wconf 88' lang='lat' dir='ltr'><strong><em>responderint</em></strong></span> <span class='ocrx_word' id='word_1_458' title='bbox 1713 3293 1858 3361; x_wconf 89' lang='lat' dir='ltr'><strong><em>mature,</em></strong></span> <span class='ocrx_word' id='word_1_459' title='bbox 1890 3303 1991 3365; x_wconf 91' lang='lat' dir='ltr'><strong><em>quum</em></strong></span> <span class='ocrx_word' id='word_1_460' title='bbox 2020 3284 2109 3363; x_wconf 79' lang='lat' dir='ltr'><strong><em>Ipsos</em></strong></span> <span class='ocrx_word' id='word_1_461' title='bbox 2131 3283 2172 3347; x_wconf 90' lang='lat' dir='ltr'><strong><em>ad</em></strong></span> <span class='ocrx_word' id='word_1_462' title='bbox 2196 3303 2231 3346; x_wconf 87' lang='lat' dir='ltr'><strong><em>se</em></strong></span> 
     </span>
     <span class='ocr_line' id='line_1_34' title="bbox 224 3367 2231 3454; baseline -0.001 -20"><span class='ocrx_word' id='word_1_463' title='bbox 224 3373 365 3454; x_wconf 85' lang='lat' dir='ltr'><strong><em>possunt</em></strong></span> <span class='ocrx_word' id='word_1_464' title='bbox 396 3369 512 3436; x_wconf 88' lang='lat' dir='ltr'><strong><em>cadere</em></strong></span> <span class='ocrx_word' id='word_1_465' title='bbox 542 3369 576 3432; x_wconf 94' lang='lat' dir='ltr'><strong><em>in</em></strong></span> <span class='ocrx_word' id='word_1_466' title='bbox 600 3367 664 3433; x_wconf 92' lang='lat' dir='ltr'><strong><em>Dei</em></strong></span> <span class='ocrx_word' id='word_1_467' title='bbox 687 3381 848 3434; x_wconf 91' lang='lat' dir='ltr'><strong><em>naturam.</em></strong></span> <span class='ocrx_word' id='word_1_468' title='bbox 894 3368 961 3434; x_wconf 80' lang='lat' dir='ltr'><strong><em>Sed</em></strong></span> <span class='ocrx_word' id='word_1_469' title='bbox 984 3367 1206 3452; x_wconf 86' lang='lat' dir='ltr'><strong><em>metaphorice</em></strong></span> <span class='ocrx_word' id='word_1_470' title='bbox 1258 3367 1414 3431; x_wconf 84' lang='lat' dir='ltr'><strong><em>invitaret</em></strong></span> <span class='ocrx_word' id='word_1_471' title='bbox 1447 3377 1480 3430; x_wconf 92' lang='lat' dir='ltr'><strong><em>ct</em></strong></span> <span class='ocrx_word' id='word_1_472' title='bbox 1512 3378 1707 3449; x_wconf 87' lang='lat' dir='ltr'><strong><em>proponeret</em></strong></span> <span class='ocrx_word' id='word_1_473' title='bbox 1739 3368 1805 3432; x_wconf 91' lang='lat' dir='ltr'><strong><em>illis</em></strong></span> <span class='ocrx_word' id='word_1_474' title='bbox 1834 3389 1925 3450; x_wconf 89' lang='lat' dir='ltr'><strong><em>spem</em></strong></span> <span class='ocrx_word' id='word_1_475' title='bbox 1956 3367 2081 3432; x_wconf 87' lang='lat' dir='ltr'><strong><em>salutis.</em></strong></span> <span class='ocrx_word' id='word_1_476' title='bbox 2134 3367 2231 3433; x_wconf 90' lang='lat' dir='ltr'><strong><em>Nunc</em></strong></span> 
     </span>
     <span class='ocr_line' id='line_1_35' title="bbox 225 3451 2229 3539; baseline -0.002 -18"><span class='ocrx_word' id='word_1_477' title='bbox 225 3456 428 3539; x_wconf 77' lang='lat' dir='ltr'><strong><em>capitaliorem</em></strong></span> <span class='ocrx_word' id='word_1_478' title='bbox 443 3453 508 3520; x_wconf 89' lang='lat' dir='ltr'><strong><em>Dei</em></strong></span> <span class='ocrx_word' id='word_1_479' title='bbox 525 3469 619 3520; x_wconf 86' lang='lat' dir='ltr'><strong><em>vocat</em></strong></span> <span class='ocrx_word' id='word_1_480' title='bbox 637 3454 793 3518; x_wconf 89' lang='lat' dir='ltr'><strong><em>Ieremias</em></strong></span> <span class='ocrx_word' id='word_1_481' title='bbox 808 3454 978 3519; x_wconf 91' lang='lat' dir='ltr'><strong><em>consiliam</em></strong></span> <span class='ocrx_word' id='word_1_482' title='bbox 995 3455 1065 3519; x_wconf 90' lang='lat' dir='ltr'><strong><em>eius</em></strong></span> <span class='ocrx_word' id='word_1_483' title='bbox 1080 3465 1205 3519; x_wconf 88' lang='lat' dir='ltr'><strong><em>certum</em></strong></span> <span class='ocrx_word' id='word_1_484' title='bbox 1259 3472 1337 3535; x_wconf 83' lang='lat' dir='ltr'><strong><em>orgo</em></strong></span> <span class='ocrx_word' id='word_1_485' title='bbox 1360 3451 1501 3516; x_wconf 88' lang='lat' dir='ltr'><strong><em>tenenda</em></strong></span> <span class='ocrx_word' id='word_1_486' title='bbox 1522 3466 1571 3516; x_wconf 91' lang='lat' dir='ltr'><strong><em>est</em></strong></span> <span class='ocrx_word' id='word_1_487' title='bbox 1593 3453 1696 3517; x_wconf 87' lang='lat' dir='ltr'><strong><em>altera</em></strong></span> <span class='ocrx_word' id='word_1_488' title='bbox 1717 3455 1889 3531; x_wconf 88' lang='lat' dir='ltr'><strong><em>sententia,</em></strong></span> <span class='ocrx_word' id='word_1_489' title='bbox 1920 3473 2046 3534; x_wconf 87' lang='lat' dir='ltr'><strong><em>nempe,</em></strong></span> <span class='ocrx_word' id='word_1_490' title='bbox 2074 3461 2111 3517; x_wconf 88' lang='lat' dir='ltr'><strong><em>at</em></strong></span> <span class='ocrx_word' id='word_1_491' title='bbox 2132 3472 2229 3534; x_wconf 92' lang='lat' dir='ltr'><strong><em>quae·</em></strong></span> 
     </span>
     <span class='ocr_line' id='line_1_36' title="bbox 226 3536 2230 3623; baseline -0.003 -17"><span class='ocrx_word' id='word_1_492' title='bbox 226 3555 259 3606; x_wconf 88' lang='lat' dir='ltr'><strong><em>et</em></strong></span> <span class='ocrx_word' id='word_1_493' title='bbox 294 3541 425 3619; x_wconf 84' lang='lat' dir='ltr'><strong><em>stabile,</em></strong></span> <span class='ocrx_word' id='word_1_494' title='bbox 460 3541 544 3623; x_wconf 92' lang='lat' dir='ltr'><strong><em>quod</em></strong></span> <span class='ocrx_word' id='word_1_495' title='bbox 579 3539 721 3605; x_wconf 88' lang='lat' dir='ltr'><strong><em>fideliter</em></strong></span> <span class='ocrx_word' id='word_1_496' title='bbox 755 3539 899 3605; x_wconf 92' lang='lat' dir='ltr'><strong><em>declarat</em></strong></span> <span class='ocrx_word' id='word_1_497' title='bbox 931 3560 990 3622; x_wconf 88' lang='lat' dir='ltr'><strong><em>per</em></strong></span> <span class='ocrx_word' id='word_1_498' title='bbox 1022 3560 1098 3605; x_wconf 91' lang='lat' dir='ltr'><strong><em>suos</em></strong></span> <span class='ocrx_word' id='word_1_499' title='bbox 1131 3559 1204 3622; x_wconf 89' lang='lat' dir='ltr'><strong><em>pro·</em></strong></span> <span class='ocrx_word' id='word_1_500' title='bbox 1260 3557 1371 3616; x_wconf 86' lang='lat' dir='ltr'><strong><em>ramus</em></strong></span> <span class='ocrx_word' id='word_1_501' title='bbox 1394 3536 1502 3603; x_wconf 90' lang='lat' dir='ltr'><strong><em>Deum</em></strong></span> <span class='ocrx_word' id='word_1_502' title='bbox 1527 3537 1602 3602; x_wconf 92' lang='lat' dir='ltr'><strong><em>dum</em></strong></span> <span class='ocrx_word' id='word_1_503' title='bbox 1625 3537 1769 3602; x_wconf 85' lang='lat' dir='ltr'><strong><em>inveniri</em></strong></span> <span class='ocrx_word' id='word_1_504' title='bbox 1791 3547 1909 3620; x_wconf 87' lang='lat' dir='ltr'><strong><em>potest,</em></strong></span> <span class='ocrx_word' id='word_1_505' title='bbox 1930 3540 2121 3603; x_wconf 86' lang='lat' dir='ltr'><strong><em>invocemus</em></strong></span> <span class='ocrx_word' id='word_1_506' title='bbox 2144 3556 2230 3613; x_wconf 90' lang='lat' dir='ltr'><strong><em>eum,</em></strong></span> 
     </span>
     <span class='ocr_line' id='line_1_37' title="bbox 225 3622 2229 3708; baseline -0.003 -18"><span class='ocrx_word' id='word_1_507' title='bbox 225 3626 354 3708; x_wconf 88' lang='lat' dir='ltr'><strong><em>phetas.</em></strong></span> <span class='ocrx_word' id='word_1_508' title='bbox 387 3625 561 3689; x_wconf 91' lang='lat' dir='ltr'><strong><em>Interdum</em></strong></span> <span class='ocrx_word' id='word_1_509' title='bbox 584 3624 714 3706; x_wconf 89' lang='lat' dir='ltr'><strong><em>quidem</em></strong></span> <span class='ocrx_word' id='word_1_510' title='bbox 733 3626 880 3690; x_wconf 89' lang='lat' dir='ltr'><strong><em>minatur</em></strong></span> <span class='ocrx_word' id='word_1_511' title='bbox 898 3625 1000 3702; x_wconf 90' lang='lat' dir='ltr'><strong><em>Deus,</em></strong></span> <span class='ocrx_word' id='word_1_512' title='bbox 1023 3634 1059 3688; x_wconf 93' lang='lat' dir='ltr'><strong><em>ut</em></strong></span> <span class='ocrx_word' id='word_1_513' title='bbox 1077 3633 1222 3689; x_wconf 84' lang='lat' dir='ltr'><strong><em>revocet</em></strong></span> <span class='ocrx_word' id='word_1_514' title='bbox 1258 3623 1336 3686; x_wconf 92' lang='lat' dir='ltr'><strong><em>dum</em></strong></span> <span class='ocrx_word' id='word_1_515' title='bbox 1370 3643 1472 3704; x_wconf 87' lang='lat' dir='ltr'><strong><em>prope</em></strong></span> <span class='ocrx_word' id='word_1_516' title='bbox 1500 3633 1559 3686; x_wconf 91' lang='lat' dir='ltr'><strong><em>est.</em></strong></span> <span class='ocrx_word' id='word_1_517' title='bbox 1602 3623 1686 3688; x_wconf 90' lang='lat' dir='ltr'><strong><em>Nam</em></strong></span> <span class='ocrx_word' id='word_1_518' title='bbox 1717 3625 1745 3688; x_wconf 91' lang='lat' dir='ltr'><strong><em>si</em></strong></span> <span class='ocrx_word' id='word_1_519' title='bbox 1767 3624 1933 3688; x_wconf 91' lang='lat' dir='ltr'><strong><em>abutimur</em></strong></span> <span class='ocrx_word' id='word_1_520' title='bbox 1955 3624 2024 3689; x_wconf 91' lang='lat' dir='ltr'><strong><em>aius</em></strong></span> <span class='ocrx_word' id='word_1_521' title='bbox 2047 3622 2229 3701; x_wconf 89' lang='lat' dir='ltr'><strong><em>tolerantia,</em></strong></span> 
     </span>
     <span class='ocr_line' id='line_1_38' title="bbox 224 3706 2229 3793; baseline -0.002 -17"><span class='ocrx_word' id='word_1_522' title='bbox 224 3709 379 3777; x_wconf 88' lang='lat' dir='ltr'><strong><em>h&#39;ominss</em></strong></span> <span class='ocrx_word' id='word_1_523' title='bbox 412 3711 453 3777; x_wconf 90' lang='lat' dir='ltr'><strong><em>ad</em></strong></span> <span class='ocrx_word' id='word_1_524' title='bbox 488 3712 722 3793; x_wconf 88' lang='lat' dir='ltr'><strong><em>poeniteutiam</em></strong></span> <span class='ocrx_word' id='word_1_525' title='bbox 757 3712 813 3774; x_wconf 89' lang='lat' dir='ltr'><strong><em>sed</em></strong></span> <span class='ocrx_word' id='word_1_526' title='bbox 848 3710 911 3775; x_wconf 90' lang='lat' dir='ltr'><strong><em>hoc</em></strong></span> <span class='ocrx_word' id='word_1_527' title='bbox 940 3709 1117 3775; x_wconf 88' lang='lat' dir='ltr'><strong><em>tenendum</em></strong></span> <span class='ocrx_word' id='word_1_528' title='bbox 1148 3721 1208 3787; x_wconf 89' lang='lat' dir='ltr'><strong><em>est,</em></strong></span> <span class='ocrx_word' id='word_1_529' title='bbox 1258 3720 1291 3770; x_wconf 91' lang='lat' dir='ltr'><strong><em>st</em></strong></span> <span class='ocrx_word' id='word_1_530' title='bbox 1313 3706 1408 3772; x_wconf 93' lang='lat' dir='ltr'><strong><em>hodie</em></strong></span> <span class='ocrx_word' id='word_1_531' title='bbox 1429 3707 1613 3789; x_wconf 86' lang='lat' dir='ltr'><strong><em>spernimus</em></strong></span> <span class='ocrx_word' id='word_1_532' title='bbox 1634 3728 1709 3772; x_wconf 89' lang='lat' dir='ltr'><strong><em>eum</em></strong></span> <span class='ocrx_word' id='word_1_533' title='bbox 1732 3709 1927 3792; x_wconf 88' lang='lat' dir='ltr'><strong><em>loquentem,</em></strong></span> <span class='ocrx_word' id='word_1_534' title='bbox 1949 3729 2021 3774; x_wconf 90' lang='lat' dir='ltr'><strong><em>sero</em></strong></span> <span class='ocrx_word' id='word_1_535' title='bbox 2041 3707 2229 3790; x_wconf 89' lang='lat' dir='ltr'><strong><em>sentiemus,</em></strong></span> 
     </span>
     <span class='ocr_line' id='line_1_39' title="bbox 228 3792 2229 3879; baseline -0.002 -18"><span class='ocrx_word' id='word_1_536' title='bbox 228 3797 337 3879; x_wconf 92' lang='lat' dir='ltr'><strong><em>ipsam</em></strong></span> <span class='ocrx_word' id='word_1_537' title='bbox 362 3817 422 3861; x_wconf 87' lang='lat' dir='ltr'><strong><em>neo</em></strong></span> <span class='ocrx_word' id='word_1_538' title='bbox 444 3797 572 3861; x_wconf 87' lang='lat' dir='ltr'><strong><em>varium</em></strong></span> <span class='ocrx_word' id='word_1_539' title='bbox 597 3818 677 3877; x_wconf 88' lang='lat' dir='ltr'><strong><em>esse,</em></strong></span> <span class='ocrx_word' id='word_1_540' title='bbox 699 3816 760 3861; x_wconf 87' lang='lat' dir='ltr'><strong><em>nec</em></strong></span> <span class='ocrx_word' id='word_1_541' title='bbox 778 3810 906 3861; x_wconf 88' lang='lat' dir='ltr'><strong><em>mutare</em></strong></span> <span class='ocrx_word' id='word_1_542' title='bbox 925 3795 1071 3861; x_wconf 91' lang='lat' dir='ltr'><strong><em>consilia.</em></strong></span> <span class='ocrx_word' id='word_1_543' title='bbox 1104 3795 1222 3875; x_wconf 51' lang='lat' dir='ltr'><strong><em>Quid-¹</em></strong></span> <span class='ocrx_word' id='word_1_544' title='bbox 1258 3805 1290 3856; x_wconf 88' lang='lat' dir='ltr'><strong><em>st</em></strong></span> <span class='ocrx_word' id='word_1_545' title='bbox 1312 3812 1376 3856; x_wconf 92' lang='lat' dir='ltr'><strong><em>non</em></strong></span> <span class='ocrx_word' id='word_1_546' title='bbox 1398 3793 1468 3857; x_wconf 91' lang='lat' dir='ltr'><strong><em>sina</em></strong></span> <span class='ocrx_word' id='word_1_547' title='bbox 1490 3793 1683 3876; x_wconf 80' lang='lat' dir='ltr'><strong><em>gravissimo</em></strong></span> <span class='ocrx_word' id='word_1_548' title='bbox 1705 3793 1823 3871; x_wconf 89' lang='lat' dir='ltr'><strong><em>dolore,</em></strong></span> <span class='ocrx_word' id='word_1_549' title='bbox 1850 3815 1909 3859; x_wconf 92' lang='lat' dir='ltr'><strong><em>nos</em></strong></span> <span class='ocrx_word' id='word_1_550' title='bbox 1930 3795 2029 3859; x_wconf 89' lang='lat' dir='ltr'><strong><em>tuisse</em></strong></span> <span class='ocrx_word' id='word_1_551' title='bbox 2051 3792 2229 3857; x_wconf 84' lang='lat' dir='ltr'><strong><em>fascinatos</em></strong></span> 
     </span>
     <span class='ocr_line' id='line_1_40' title="bbox 228 3875 2228 3968; baseline -0.003 -22"><span class='ocrx_word' id='word_1_552' title='bbox 228 3883 306 3964; x_wconf 91' lang='lat' dir='ltr'><strong><em>quid</em></strong></span> <span class='ocrx_word' id='word_1_553' title='bbox 331 3902 409 3965; x_wconf 83' lang='lat' dir='ltr'><strong><em>ergo</em></strong></span> <span class='ocrx_word' id='word_1_554' title='bbox 432 3884 604 3966; x_wconf 87' lang='lat' dir='ltr'><strong><em>proferunt</em></strong></span> <span class='ocrx_word' id='word_1_555' title='bbox 626 3883 658 3945; x_wconf 93' lang='lat' dir='ltr'><strong><em>in</em></strong></span> <span class='ocrx_word' id='word_1_556' title='bbox 682 3883 752 3946; x_wconf 92' lang='lat' dir='ltr'><strong><em>eius</em></strong></span> <span class='ocrx_word' id='word_1_557' title='bbox 775 3885 908 3946; x_wconf 90' lang='lat' dir='ltr'><strong><em>nomine</em></strong></span> <span class='ocrx_word' id='word_1_558' title='bbox 931 3881 1116 3964; x_wconf 87' lang='lat' dir='ltr'><strong><em>prophetae,</em></strong></span> <span class='ocrx_word' id='word_1_559' title='bbox 1147 3879 1208 3945; x_wconf 91' lang='lat' dir='ltr'><strong><em>hoc</em></strong></span> <span class='ocrx_word' id='word_1_560' title='bbox 1259 3897 1278 3941; x_wconf 88' lang='lat' dir='ltr'><strong><em>a</em></strong></span> <span class='ocrx_word' id='word_1_561' title='bbox 1309 3876 1452 3955; x_wconf 88' lang='lat' dir='ltr'><strong><em>diabolo,</em></strong></span> <span class='ocrx_word' id='word_1_562' title='bbox 1483 3878 1567 3960; x_wconf 90' lang='lat' dir='ltr'><strong><em>qaod</em></strong></span> <span class='ocrx_word' id='word_1_563' title='bbox 1596 3899 1660 3943; x_wconf 93' lang='lat' dir='ltr'><strong><em>nou</em></strong></span> <span class='ocrx_word' id='word_1_564' title='bbox 1687 3878 1952 3962; x_wconf 88' lang='lat' dir='ltr'><strong><em>responderimus</em></strong></span> <span class='ocrx_word' id='word_1_565' title='bbox 1982 3879 2123 3968; x_wconf 84' lang='lat' dir='ltr'><strong><em>vocanti.</em></strong></span> <span class='ocrx_word' id='word_1_566' title='bbox 2168 3875 2228 3942; x_wconf 82' lang='lat' dir='ltr'><strong><em>Se·</em></strong></span> 
     </span>
     <span class='ocr_line' id='line_1_41' title="bbox 225 3964 1378 4049; baseline -0.003 -18"><span class='ocrx_word' id='word_1_567' title='bbox 225 3974 341 4031; x_wconf 89' lang='lat' dir='ltr'><strong><em>manat</em></strong></span> <span class='ocrx_word' id='word_1_568' title='bbox 360 3988 400 4031; x_wconf 90' lang='lat' dir='ltr'><strong><em>ex</em></strong></span> <span class='ocrx_word' id='word_1_569' title='bbox 424 3987 544 4032; x_wconf 88' lang='lat' dir='ltr'><strong><em>arcano</em></strong></span> <span class='ocrx_word' id='word_1_570' title='bbox 568 3968 638 4031; x_wconf 88' lang='lat' dir='ltr'><strong><em>eius</em></strong></span> <span class='ocrx_word' id='word_1_571' title='bbox 662 3967 814 4030; x_wconf 89' lang='lat' dir='ltr'><strong><em>oonsilio:</em></strong></span> <span class='ocrx_word' id='word_1_572' title='bbox 837 3980 869 4030; x_wconf 89' lang='grc' dir='ltr'><strong><em>ει</em></strong></span> <span class='ocrx_word' id='word_1_573' title='bbox 892 3967 1025 4049; x_wconf 90' lang='lat' dir='ltr'><strong><em>perinde</em></strong></span> <span class='ocrx_word' id='word_1_574' title='bbox 1049 3979 1098 4029; x_wconf 89' lang='lat' dir='ltr'><strong><em>est</em></strong></span> <span class='ocrx_word' id='word_1_575' title='bbox 1121 3984 1158 4028; x_wconf 84' lang='lat' dir='ltr'><strong><em>aa</em></strong></span> <span class='ocrx_word' id='word_1_576' title='bbox 1180 3966 1207 4030; x_wconf 92' lang='lat' dir='ltr'><strong><em>si</em></strong></span> <span class='ocrx_word' id='word_1_577' title='bbox 1258 3964 1378 4045; x_wconf 92' lang='lat' dir='ltr'><strong><em>quitur,</em></strong></span> 
     </span>
     <span class='ocr_line' id='line_1_42' title="bbox 226 4050 1205 4135; baseline -0.006 -17"><span class='ocrx_word' id='word_1_578' title='bbox 226 4072 282 4118; x_wconf 88' lang='lat' dir='ltr'><strong><em>cor</em></strong></span> <span class='ocrx_word' id='word_1_579' title='bbox 312 4072 406 4116; x_wconf 91' lang='lat' dir='ltr'><strong><em>suum</em></strong></span> <span class='ocrx_word' id='word_1_580' title='bbox 438 4053 533 4117; x_wconf 90' lang='lat' dir='ltr'><strong><em>nohis</em></strong></span> <span class='ocrx_word' id='word_1_581' title='bbox 563 4053 596 4116; x_wconf 94' lang='lat' dir='ltr'><strong><em>in</em></strong></span> <span class='ocrx_word' id='word_1_582' title='bbox 628 4051 771 4116; x_wconf 86' lang='lat' dir='ltr'><strong><em>mediam</em></strong></span> <span class='ocrx_word' id='word_1_583' title='bbox 803 4054 970 4135; x_wconf 83' lang='lat' dir='ltr'><strong><em>proferret.</em></strong></span> <span class='ocrx_word' id='word_1_584' title='bbox 1014 4051 1058 4114; x_wconf 86' lang='lat' dir='ltr'><strong><em>Et</em></strong></span> <span class='ocrx_word' id='word_1_585' title='bbox 1081 4050 1143 4114; x_wconf 92' lang='lat' dir='ltr'><strong><em>hoo</em></strong></span> <span class='ocrx_word' id='word_1_586' title='bbox 1165 4051 1205 4114; x_wconf 91' lang='lat' dir='ltr'><strong><em>ad</em></strong></span> 
     </span>
     <span class='ocr_line' id='line_1_43' title="bbox 222 4132 2228 4221; baseline -0.002 -17"><span class='ocrx_word' id='word_1_587' title='bbox 222 4137 541 4204; x_wconf 89' lang='lat' dir='ltr'><strong><em>commendationem</em></strong></span> <span class='ocrx_word' id='word_1_588' title='bbox 572 4137 783 4221; x_wconf 88' lang='lat' dir='ltr'><strong><em>propheticae</em></strong></span> <span class='ocrx_word' id='word_1_589' title='bbox 813 4136 979 4202; x_wconf 87' lang='lat' dir='ltr'><strong><em>doctrinae</em></strong></span> <span class='ocrx_word' id='word_1_590' title='bbox 1002 4157 1066 4199; x_wconf 94' lang='lat' dir='ltr'><strong><em>uon</em></strong></span> <span class='ocrx_word' id='word_1_591' title='bbox 1088 4155 1204 4216; x_wconf 87' lang='lat' dir='ltr'><strong><em>parum</em></strong></span> <span class='ocrx_word' id='word_1_592' title='bbox 1343 4134 1394 4198; x_wconf 84' lang='lat'><strong><em>21.</em></strong></span> <span class='ocrx_word' id='word_1_593' title='bbox 1428 4133 1501 4198; x_wconf 84' lang='lat' dir='ltr'><strong><em>Nom</em></strong></span> <span class='ocrx_word' id='word_1_594' title='bbox 1533 4135 1610 4199; x_wconf 81' lang='lat' dir='ltr'><strong><em>miei</em></strong></span> <span class='ocrx_word' id='word_1_595' title='bbox 1637 4132 1814 4218; x_wconf 77' lang='lat' dir='ltr'><strong><em>propbetas,</em></strong></span> <span class='ocrx_word' id='word_1_596' title='bbox 1853 4139 1883 4197; x_wconf 88' lang='lat' dir='ltr'><strong><em>el</em></strong></span> <span class='ocrx_word' id='word_1_597' title='bbox 1913 4133 1978 4215; x_wconf 71' lang='lat' dir='ltr'><strong><em>ipsi</em></strong></span> <span class='ocrx_word' id='word_1_598' title='bbox 2009 4139 2228 4201; x_wconf 78' lang='lat' dir='ltr'><strong><em>cucurrerant:</em></strong></span> 
     </span>
     <span class='ocr_line' id='line_1_44' title="bbox 223 4219 2104 4304; baseline -0.002 -17"><span class='ocrx_word' id='word_1_599' title='bbox 223 4223 325 4302; x_wconf 81' lang='lat' dir='ltr'><strong><em>valet,</em></strong></span> <span class='ocrx_word' id='word_1_600' title='bbox 357 4221 412 4286; x_wconf 91' lang='lat' dir='ltr'><strong><em>ubi</em></strong></span> <span class='ocrx_word' id='word_1_601' title='bbox 437 4220 529 4287; x_wconf 88' lang='lat' dir='ltr'><strong><em>Deus</em></strong></span> <span class='ocrx_word' id='word_1_602' title='bbox 560 4241 616 4286; x_wconf 90' lang='lat' dir='ltr'><strong><em>cor</em></strong></span> <span class='ocrx_word' id='word_1_603' title='bbox 638 4244 734 4287; x_wconf 92' lang='lat' dir='ltr'><strong><em>saum</em></strong></span> <span class='ocrx_word' id='word_1_604' title='bbox 757 4243 831 4286; x_wconf 88' lang='lat' dir='ltr'><strong><em>oum</em></strong></span> <span class='ocrx_word' id='word_1_605' title='bbox 847 4243 910 4286; x_wconf 83' lang='lat' dir='ltr'><strong><em>-ore</em></strong></span> <span class='ocrx_word' id='word_1_606' title='bbox 933 4222 1112 4304; x_wconf 80' lang='lat' dir='ltr'><strong><em>coniungit.</em></strong></span> <span class='ocrx_word' id='word_1_607' title='bbox 1158 4219 1205 4286; x_wconf 92' lang='lat' dir='ltr'><strong><em>Os</em></strong></span> <span class='ocrx_word' id='word_1_608' title='bbox 1257 4239 1318 4285; x_wconf 80' lang='lat' dir='ltr'><strong><em>nou</em></strong></span> <span class='ocrx_word' id='word_1_609' title='bbox 1339 4219 1485 4301; x_wconf 70' lang='lat' dir='ltr'><strong><em>loquutus</em></strong></span> <span class='ocrx_word' id='word_1_610' title='bbox 1505 4239 1576 4286; x_wconf 82' lang='lat' dir='ltr'><strong><em>sam</em></strong></span> <span class='ocrx_word' id='word_1_611' title='bbox 1597 4221 1639 4285; x_wconf 84' lang='lat' dir='ltr'><strong><em>od</em></strong></span> <span class='ocrx_word' id='word_1_612' title='bbox 1660 4239 1719 4302; x_wconf 85' lang='lat' dir='ltr'><strong><em>ecs,</em></strong></span> <span class='ocrx_word' id='word_1_613' title='bbox 1742 4223 1769 4284; x_wconf 88' lang='lat' dir='ltr'><strong><em>et</em></strong></span> <span class='ocrx_word' id='word_1_614' title='bbox 1790 4219 1855 4300; x_wconf 79' lang='lat' dir='ltr'><strong><em>ipsi</em></strong></span> <span class='ocrx_word' id='word_1_615' title='bbox 1872 4219 2104 4302; x_wconf 77' lang='lat' dir='ltr'><strong><em>prophetarant.</em></strong></span> 
     </span>
    </p>

    <p class='ocr_par' dir='ltr' id='par_1_3' title="bbox 223 4305 1203 4390">
     <span class='ocr_line' id='line_1_45' title="bbox 223 4305 1203 4390; baseline -0.004 -17"><span class='ocrx_word' id='word_1_616' title='bbox 223 4307 288 4373; x_wconf 91' lang='lat' dir='ltr'><strong><em>Dei</em></strong></span> <span class='ocrx_word' id='word_1_617' title='bbox 323 4307 458 4372; x_wconf 93' lang='lat' dir='ltr'><strong><em>nomino</em></strong></span> <span class='ocrx_word' id='word_1_618' title='bbox 491 4309 594 4390; x_wconf 88' lang='lat' dir='ltr'><strong><em>ipsam</em></strong></span> <span class='ocrx_word' id='word_1_619' title='bbox 628 4308 821 4374; x_wconf 88' lang='lat' dir='ltr'><strong><em>doctrinam.</em></strong></span> <span class='ocrx_word' id='word_1_620' title='bbox 873 4305 965 4372; x_wconf 93' lang='lat' dir='ltr'><strong><em>Dicit</em></strong></span> <span class='ocrx_word' id='word_1_621' title='bbox 993 4320 1101 4372; x_wconf 89' lang='lat' dir='ltr'><strong><em>autem</em></strong></span> <span class='ocrx_word' id='word_1_622' title='bbox 1132 4327 1203 4370; x_wconf 91' lang='lat' dir='ltr'><strong><em>cam</em></strong></span> 
     </span>
    </p>

    <p class='ocr_par' dir='ltr' id='par_1_4' title="bbox 198 4389 2227 5414">
     <span class='ocr_line' id='line_1_46' title="bbox 225 4389 2226 4478; baseline -0.001 -20"><span class='ocrx_word' id='word_1_623' title='bbox 225 4394 388 4478; x_wconf 88' lang='lat' dir='ltr'><strong><em>proficisci</em></strong></span> <span class='ocrx_word' id='word_1_624' title='bbox 429 4413 471 4457; x_wconf 88' lang='lat' dir='ltr'><strong><em>ex</em></strong></span> <span class='ocrx_word' id='word_1_625' title='bbox 512 4394 675 4475; x_wconf 87' lang='lat' dir='ltr'><strong><em>profundo</em></strong></span> <span class='ocrx_word' id='word_1_626' title='bbox 714 4393 821 4458; x_wconf 86' lang='lat' dir='ltr'><strong><em>cordis</em></strong></span> <span class='ocrx_word' id='word_1_627' title='bbox 861 4394 990 4458; x_wconf 85' lang='lat' dir='ltr'><strong><em>affectu.</em></strong></span> <span class='ocrx_word' id='word_1_628' title='bbox 1048 4391 1206 4473; x_wconf 83' lang='lat' dir='ltr'><strong><em>Sequitur</em></strong></span> <span class='ocrx_word' id='word_1_629' title='bbox 1340 4389 1465 4454; x_wconf 88' lang='lat' dir='ltr'><strong><em>Iterum</em></strong></span> <span class='ocrx_word' id='word_1_630' title='bbox 1496 4389 1653 4472; x_wconf 89' lang='lat' dir='ltr'><strong><em>propheta</em></strong></span> <span class='ocrx_word' id='word_1_631' title='bbox 1683 4395 1795 4454; x_wconf 88' lang='lat' dir='ltr'><strong><em>noster</em></strong></span> <span class='ocrx_word' id='word_1_632' title='bbox 1823 4389 1975 4455; x_wconf 87' lang='lat' dir='ltr'><strong><em>admonet</em></strong></span> <span class='ocrx_word' id='word_1_633' title='bbox 2001 4389 2154 4470; x_wconf 88' lang='lat' dir='ltr'><strong><em>Iudaeos,</em></strong></span> <span class='ocrx_word' id='word_1_634' title='bbox 2185 4412 2226 4455; x_wconf 88' lang='lat' dir='ltr'><strong><em>ue</em></strong></span> 
     </span>
     <span class='ocr_line' id='line_1_47' title="bbox 225 4474 2226 4564; baseline -0.001 -21"><span class='ocrx_word' id='word_1_635' title='bbox 225 4499 315 4564; x_wconf 81' lang='lat' dir='ltr'><strong><em>crgo,</em></strong></span> <span class='ocrx_word' id='word_1_636' title='bbox 344 4478 429 4543; x_wconf 89' lang='lat' dir='ltr'><strong><em>nihil</em></strong></span> <span class='ocrx_word' id='word_1_637' title='bbox 457 4479 492 4542; x_wconf 93' lang='lat' dir='ltr'><strong><em>in</em></strong></span> <span class='ocrx_word' id='word_1_638' title='bbox 523 4498 673 4543; x_wconf 87' lang='lat' dir='ltr'><strong><em>sermone</em></strong></span> <span class='ocrx_word' id='word_1_639' title='bbox 695 4477 761 4543; x_wconf 89' lang='lat' dir='ltr'><strong><em>Dei</em></strong></span> <span class='ocrx_word' id='word_1_640' title='bbox 792 4499 863 4544; x_wconf 90' lang='lat' dir='ltr'><strong><em>esso</em></strong></span> <span class='ocrx_word' id='word_1_641' title='bbox 886 4481 1138 4554; x_wconf 81' lang='lat' dir='ltr'><strong><em>frustratoriam,</em></strong></span> <span class='ocrx_word' id='word_1_642' title='bbox 1168 4489 1205 4541; x_wconf 96' lang='lat' dir='ltr'><strong><em>at</em></strong></span> <span class='ocrx_word' id='word_1_643' title='bbox 1256 4474 1424 4540; x_wconf 90' lang='lat' dir='ltr'><strong><em>blanditiis</em></strong></span> <span class='ocrx_word' id='word_1_644' title='bbox 1458 4475 1612 4540; x_wconf 87' lang='lat' dir='ltr'><strong><em>falsorum</em></strong></span> <span class='ocrx_word' id='word_1_645' title='bbox 1646 4474 1814 4541; x_wconf 89' lang='lat' dir='ltr'><strong><em>doctorum</em></strong></span> <span class='ocrx_word' id='word_1_646' title='bbox 1848 4476 1991 4559; x_wconf 90' lang='lat' dir='ltr'><strong><em>corrupti</em></strong></span> <span class='ocrx_word' id='word_1_647' title='bbox 2024 4479 2130 4542; x_wconf 90' lang='lat' dir='ltr'><strong><em>minas</em></strong></span> <span class='ocrx_word' id='word_1_648' title='bbox 2161 4477 2226 4542; x_wconf 89' lang='lat' dir='ltr'><strong><em>Dei</em></strong></span> 
     </span>
     <span class='ocr_line' id='line_1_48' title="bbox 224 4559 2227 4647; baseline -0.001 -18"><span class='ocrx_word' id='word_1_649' title='bbox 224 4565 419 4647; x_wconf 89' lang='lat' dir='ltr'><strong><em>loquuntur:</em></strong></span> <span class='ocrx_word' id='word_1_650' title='bbox 458 4565 534 4647; x_wconf 92' lang='lat' dir='ltr'><strong><em>quia</em></strong></span> <span class='ocrx_word' id='word_1_651' title='bbox 572 4563 625 4627; x_wconf 92' lang='lat' dir='ltr'><strong><em>hic</em></strong></span> <span class='ocrx_word' id='word_1_652' title='bbox 662 4567 853 4646; x_wconf 88' lang='lat' dir='ltr'><strong><em>pronuntiat</em></strong></span> <span class='ocrx_word' id='word_1_653' title='bbox 886 4585 957 4628; x_wconf 89' lang='lat' dir='ltr'><strong><em>esse</em></strong></span> <span class='ocrx_word' id='word_1_654' title='bbox 990 4563 1204 4646; x_wconf 83' lang='lat' dir='ltr'><strong><em>cogitationes</em></strong></span> <span class='ocrx_word' id='word_1_655' title='bbox 1256 4581 1314 4644; x_wconf 93' lang='lat' dir='ltr'><strong><em>pro</em></strong></span> <span class='ocrx_word' id='word_1_656' title='bbox 1351 4559 1455 4624; x_wconf 90' lang='lat' dir='ltr'><strong><em>nihilo</em></strong></span> <span class='ocrx_word' id='word_1_657' title='bbox 1494 4560 1623 4624; x_wconf 90' lang='lat' dir='ltr'><strong><em>ducant.</em></strong></span> <span class='ocrx_word' id='word_1_658' title='bbox 1679 4560 1830 4625; x_wconf 90' lang='lat' dir='ltr'><strong><em>Diximus</em></strong></span> <span class='ocrx_word' id='word_1_659' title='bbox 1868 4563 1954 4626; x_wconf 90' lang='lat' dir='ltr'><strong><em>enim</em></strong></span> <span class='ocrx_word' id='word_1_660' title='bbox 1995 4563 2116 4645; x_wconf 90' lang='lat' dir='ltr'><strong><em>sopitas</em></strong></span> <span class='ocrx_word' id='word_1_661' title='bbox 2149 4571 2227 4627; x_wconf 90' lang='lat' dir='ltr'><strong><em>tuno</em></strong></span> 
     </span>
     <span class='ocr_line' id='line_1_49' title="bbox 224 4645 2225 4731; baseline -0.002 -15"><span class='ocrx_word' id='word_1_662' title='bbox 224 4649 333 4716; x_wconf 88' lang='lat' dir='ltr'><strong><em>cordis</em></strong></span> <span class='ocrx_word' id='word_1_663' title='bbox 362 4651 412 4714; x_wconf 89' lang='lat' dir='ltr'><strong><em>sni</em></strong></span> <span class='ocrx_word' id='word_1_664' title='bbox 444 4670 657 4731; x_wconf 89' lang='lat' dir='ltr'><strong><em>quaecunque</em></strong></span> <span class='ocrx_word' id='word_1_665' title='bbox 685 4651 856 4714; x_wconf 85' lang='lat' dir='ltr'><strong><em>mandavit</em></strong></span> <span class='ocrx_word' id='word_1_666' title='bbox 878 4650 983 4714; x_wconf 89' lang='lat' dir='ltr'><strong><em>servis</em></strong></span> <span class='ocrx_word' id='word_1_667' title='bbox 1005 4649 1082 4712; x_wconf 90' lang='lat' dir='ltr'><strong><em>sais.</em></strong></span> <span class='ocrx_word' id='word_1_668' title='bbox 1129 4646 1203 4713; x_wconf 85' lang='lat' dir='ltr'><strong><em>Sta·</em></strong></span> <span class='ocrx_word' id='word_1_669' title='bbox 1254 4645 1354 4711; x_wconf 87' lang='lat' dir='ltr'><strong><em>fuisse</em></strong></span> <span class='ocrx_word' id='word_1_670' title='bbox 1382 4645 1493 4729; x_wconf 91' lang='lat' dir='ltr'><strong><em>populi</em></strong></span> <span class='ocrx_word' id='word_1_671' title='bbox 1516 4658 1650 4726; x_wconf 88' lang='lat' dir='ltr'><strong><em>mentes,</em></strong></span> <span class='ocrx_word' id='word_1_672' title='bbox 1679 4666 1779 4728; x_wconf 91' lang='lat' dir='ltr'><strong><em>qaum</em></strong></span> <span class='ocrx_word' id='word_1_673' title='bbox 1801 4647 2031 4730; x_wconf 89' lang='lat' dir='ltr'><strong><em>impunitatem</em></strong></span> <span class='ocrx_word' id='word_1_674' title='bbox 2056 4645 2129 4711; x_wconf 88' lang='lat' dir='ltr'><strong><em>falsi</em></strong></span> <span class='ocrx_word' id='word_1_675' title='bbox 2152 4645 2225 4711; x_wconf 92' lang='lat' dir='ltr'><strong><em>doc·</em></strong></span> 
     </span>
     <span class='ocr_line' id='line_1_50' title="bbox 225 4730 2225 4816; baseline -0.003 -14"><span class='ocrx_word' id='word_1_676' title='bbox 225 4734 322 4802; x_wconf 89' lang='lat' dir='ltr'><strong><em>hilire</em></strong></span> <span class='ocrx_word' id='word_1_677' title='bbox 341 4747 451 4800; x_wconf 88' lang='lat' dir='ltr'><strong><em>autem</em></strong></span> <span class='ocrx_word' id='word_1_678' title='bbox 470 4736 526 4800; x_wconf 92' lang='lat' dir='ltr'><strong><em>hic</em></strong></span> <span class='ocrx_word' id='word_1_679' title='bbox 540 4734 580 4799; x_wconf 88' lang='lat' dir='ltr'><strong><em>ad</em></strong></span> <span class='ocrx_word' id='word_1_680' title='bbox 598 4737 865 4816; x_wconf 84' lang='lat' dir='ltr'><strong><em>exaequationem</em></strong></span> <span class='ocrx_word' id='word_1_681' title='bbox 883 4738 1031 4799; x_wconf 88' lang='lat' dir='ltr'><strong><em>refertur.</em></strong></span> <span class='ocrx_word' id='word_1_682' title='bbox 1066 4730 1203 4798; x_wconf 82' lang='lat' dir='ltr'><strong><em>Summa</em></strong></span> <span class='ocrx_word' id='word_1_683' title='bbox 1256 4744 1342 4796; x_wconf 89' lang='lat' dir='ltr'><strong><em>tores</em></strong></span> <span class='ocrx_word' id='word_1_684' title='bbox 1383 4738 1629 4816; x_wconf 87' lang='lat' dir='ltr'><strong><em>promitterent:</em></strong></span> <span class='ocrx_word' id='word_1_685' title='bbox 1669 4743 1703 4796; x_wconf 90' lang='lat' dir='ltr'><strong><em>et</em></strong></span> <span class='ocrx_word' id='word_1_686' title='bbox 1735 4731 1826 4795; x_wconf 91' lang='lat' dir='ltr'><strong><em>nulla</em></strong></span> <span class='ocrx_word' id='word_1_687' title='bbox 1858 4742 1908 4797; x_wconf 87' lang='lat' dir='ltr'><strong><em>est</em></strong></span> <span class='ocrx_word' id='word_1_688' title='bbox 1939 4734 2039 4815; x_wconf 89' lang='lat' dir='ltr'><strong><em>pestis</em></strong></span> <span class='ocrx_word' id='word_1_689' title='bbox 2072 4730 2225 4812; x_wconf 88' lang='lat' dir='ltr'><strong><em>deterior,</em></strong></span> 
     </span>
     <span class='ocr_line' id='line_1_51' title="bbox 224 4815 2225 4905; baseline -0.002 -19"><span class='ocrx_word' id='word_1_690' title='bbox 224 4832 284 4901; x_wconf 88' lang='lat' dir='ltr'><strong><em>eet,</em></strong></span> <span class='ocrx_word' id='word_1_691' title='bbox 311 4819 419 4884; x_wconf 91' lang='lat' dir='ltr'><strong><em>Deum</em></strong></span> <span class='ocrx_word' id='word_1_692' title='bbox 444 4843 532 4887; x_wconf 90' lang='lat' dir='ltr'><strong><em>nunc</em></strong></span> <span class='ocrx_word' id='word_1_693' title='bbox 552 4821 768 4905; x_wconf 89' lang='lat' dir='ltr'><strong><em>pronuntiare</em></strong></span> <span class='ocrx_word' id='word_1_694' title='bbox 791 4823 986 4885; x_wconf 84' lang='lat' dir='ltr'><strong><em>seutentiam</em></strong></span> <span class='ocrx_word' id='word_1_695' title='bbox 1009 4831 1123 4883; x_wconf 88' lang='lat' dir='ltr'><strong><em>contra</em></strong></span> <span class='ocrx_word' id='word_1_696' title='bbox 1147 4839 1201 4900; x_wconf 91' lang='lat' dir='ltr'><strong><em>po·</em></strong></span> <span class='ocrx_word' id='word_1_697' title='bbox 1254 4838 1350 4900; x_wconf 88' lang='lat' dir='ltr'><strong><em>qnam</em></strong></span> <span class='ocrx_word' id='word_1_698' title='bbox 1386 4817 1440 4882; x_wconf 91' lang='lat' dir='ltr'><strong><em>uhi</em></strong></span> <span class='ocrx_word' id='word_1_699' title='bbox 1474 4817 1534 4881; x_wconf 87' lang='lat' dir='ltr'><strong><em>suh</em></strong></span> <span class='ocrx_word' id='word_1_700' title='bbox 1568 4815 1630 4882; x_wconf 91' lang='lat' dir='ltr'><strong><em>Dei</em></strong></span> <span class='ocrx_word' id='word_1_701' title='bbox 1670 4817 1802 4882; x_wconf 91' lang='lat' dir='ltr'><strong><em>nomino</em></strong></span> <span class='ocrx_word' id='word_1_702' title='bbox 1843 4817 1915 4882; x_wconf 90' lang='lat' dir='ltr'><strong><em>falsi</em></strong></span> <span class='ocrx_word' id='word_1_703' title='bbox 1949 4818 2094 4882; x_wconf 87' lang='lat' dir='ltr'><strong><em>doctores</em></strong></span> <span class='ocrx_word' id='word_1_704' title='bbox 2132 4816 2225 4881; x_wconf 90' lang='lat' dir='ltr'><strong><em>nobis</em></strong></span> 
     </span>
     <span class='ocr_line' id='line_1_52' title="bbox 198 4902 2225 4990; baseline -0.003 -19"><span class='ocrx_word' id='word_1_705' title='bbox 198 4908 342 4990; x_wconf 54' lang='lat' dir='ltr'><strong><em>⁴palum</em></strong></span> <span class='ocrx_word' id='word_1_706' title='bbox 384 4926 467 4987; x_wconf 88' lang='lat' dir='ltr'><strong><em>quae</em></strong></span> <span class='ocrx_word' id='word_1_707' title='bbox 507 4910 677 4972; x_wconf 89' lang='lat' dir='ltr'><strong><em>retractari</em></strong></span> <span class='ocrx_word' id='word_1_708' title='bbox 718 4913 875 4989; x_wconf 87' lang='lat' dir='ltr'><strong><em>nequeat,</em></strong></span> <span class='ocrx_word' id='word_1_709' title='bbox 916 4906 1064 4988; x_wconf 88' lang='lat' dir='ltr'><strong><em>quoniam</em></strong></span> <span class='ocrx_word' id='word_1_710' title='bbox 1103 4904 1201 4968; x_wconf 86' lang='lat' dir='ltr'><strong><em>semel</em></strong></span> <span class='ocrx_word' id='word_1_711' title='bbox 1255 4903 1382 4967; x_wconf 87' lang='lat' dir='ltr'><strong><em>delitias</em></strong></span> <span class='ocrx_word' id='word_1_712' title='bbox 1423 4903 1562 4979; x_wconf 83' lang='lat' dir='ltr'><strong><em>faciunt,</em></strong></span> <span class='ocrx_word' id='word_1_713' title='bbox 1602 4911 1635 4965; x_wconf 91' lang='lat' dir='ltr'><strong><em>et</em></strong></span> <span class='ocrx_word' id='word_1_714' title='bbox 1675 4902 1838 4984; x_wconf 87' lang='lat' dir='ltr'><strong><em>repellunt</em></strong></span> <span class='ocrx_word' id='word_1_715' title='bbox 1870 4924 2000 4967; x_wconf 91' lang='lat' dir='ltr'><strong><em>omnem</em></strong></span> <span class='ocrx_word' id='word_1_716' title='bbox 2035 4911 2158 4965; x_wconf 89' lang='lat' dir='ltr'><strong><em>metum</em></strong></span> <span class='ocrx_word' id='word_1_717' title='bbox 2192 4916 2225 4965; x_wconf 92' lang='grc' dir='ltr'><strong><em>ει</em></strong></span> 
     </span>
     <span class='ocr_line' id='line_1_53' title="bbox 225 4985 2224 5074; baseline -0.002 -19"><span class='ocrx_word' id='word_1_718' title='bbox 225 4991 409 5058; x_wconf 87' lang='lat' dir='ltr'><strong><em>decreverit</em></strong></span> <span class='ocrx_word' id='word_1_719' title='bbox 431 4993 567 5074; x_wconf 89' lang='lat' dir='ltr'><strong><em>perdere</em></strong></span> <span class='ocrx_word' id='word_1_720' title='bbox 591 5007 656 5057; x_wconf 88' lang='lat' dir='ltr'><strong><em>tam</em></strong></span> <span class='ocrx_word' id='word_1_721' title='bbox 680 4992 859 5056; x_wconf 88' lang='lat' dir='ltr'><strong><em>obstinatos</em></strong></span> <span class='ocrx_word' id='word_1_722' title='bbox 882 4993 915 5055; x_wconf 93' lang='lat' dir='ltr'><strong><em>in</em></strong></span> <span class='ocrx_word' id='word_1_723' title='bbox 939 4991 1007 5056; x_wconf 92' lang='lat' dir='ltr'><strong><em>suis</em></strong></span> <span class='ocrx_word' id='word_1_724' title='bbox 1027 4989 1204 5055; x_wconf 89' lang='lat' dir='ltr'><strong><em>sceleribus</em></strong></span> <span class='ocrx_word' id='word_1_725' title='bbox 1255 4987 1518 5052; x_wconf 89' lang='lat' dir='ltr'><strong><em>sollicitudiuem.</em></strong></span> <span class='ocrx_word' id='word_1_726' title='bbox 1554 4985 1688 5052; x_wconf 84' lang='lat' dir='ltr'><strong><em>Morbus</em></strong></span> <span class='ocrx_word' id='word_1_727' title='bbox 1711 4987 1766 5051; x_wconf 91' lang='lat' dir='ltr'><strong><em>ille</em></strong></span> <span class='ocrx_word' id='word_1_728' title='bbox 1789 5003 1955 5070; x_wconf 82' lang='lat' dir='ltr'><strong><em>grassatus</em></strong></span> <span class='ocrx_word' id='word_1_729' title='bbox 1978 4986 2041 5051; x_wconf 91' lang='lat' dir='ltr'><strong><em>fuit</em></strong></span> <span class='ocrx_word' id='word_1_730' title='bbox 2063 4987 2097 5050; x_wconf 94' lang='lat' dir='ltr'><strong><em>in</em></strong></span> <span class='ocrx_word' id='word_1_731' title='bbox 2122 4988 2224 5052; x_wconf 86' lang='lat' dir='ltr'><strong><em>veteri</em></strong></span> 
     </span>
     <span class='ocr_line' id='line_1_54' title="bbox 222 5059 2224 5160; baseline -0.003 -18"><span class='ocrx_word' id='word_1_732' title='bbox 222 5075 385 5142; x_wconf 91' lang='lat' dir='ltr'><strong><em>homines.</em></strong></span> <span class='ocrx_word' id='word_1_733' title='bbox 431 5077 571 5142; x_wconf 89' lang='lat' dir='ltr'><strong><em>Videtur</em></strong></span> <span class='ocrx_word' id='word_1_734' title='bbox 599 5087 708 5142; x_wconf 88' lang='lat' dir='ltr'><strong><em>autem</em></strong></span> <span class='ocrx_word' id='word_1_735' title='bbox 732 5081 893 5160; x_wconf 88' lang='lat' dir='ltr'><strong><em>respicere</em></strong></span> <span class='ocrx_word' id='word_1_736' title='bbox 916 5077 955 5140; x_wconf 91' lang='lat' dir='ltr'><strong><em>ad</em></strong></span> <span class='ocrx_word' id='word_1_737' title='bbox 979 5075 1115 5140; x_wconf 86' lang='lat' dir='ltr'><strong><em>verbum</em></strong></span> <span class='ocrx_word' id='word_1_738' title='bbox 1140 5059 1204 5142; x_wconf 62' lang='lat' dir='ltr'><strong><em>hin*</em></strong></span> <span class='ocrx_word' id='word_1_739' title='bbox 1254 5073 1387 5156; x_wconf 92' lang='lat' dir='ltr'><strong><em>populo,</em></strong></span> <span class='ocrx_word' id='word_1_740' title='bbox 1421 5085 1459 5138; x_wconf 92' lang='lat' dir='ltr'><strong><em>ut</em></strong></span> <span class='ocrx_word' id='word_1_741' title='bbox 1491 5073 1586 5137; x_wconf 90' lang='lat' dir='ltr'><strong><em>hodie</em></strong></span> <span class='ocrx_word' id='word_1_742' title='bbox 1620 5093 1747 5156; x_wconf 89' lang='lat' dir='ltr'><strong><em>quoque</em></strong></span> <span class='ocrx_word' id='word_1_743' title='bbox 1773 5086 1950 5157; x_wconf 87' lang='lat' dir='ltr'><strong><em>grassatur.</em></strong></span> <span class='ocrx_word' id='word_1_744' title='bbox 2000 5073 2107 5137; x_wconf 86' lang='lat' dir='ltr'><strong><em>Maior</em></strong></span> <span class='ocrx_word' id='word_1_745' title='bbox 2135 5073 2224 5137; x_wconf 91' lang='lat' dir='ltr'><strong><em>enim</em></strong></span> 
     </span>
     <span class='ocr_line' id='line_1_55' title="bbox 224 5157 2223 5246; baseline -0.003 -18"><span class='ocrx_word' id='word_1_746' title='bbox 224 5162 311 5244; x_wconf 93' lang='lat' dir='ltr'><strong><em>quod</em></strong></span> <span class='ocrx_word' id='word_1_747' title='bbox 335 5173 505 5245; x_wconf 87' lang='lat' dir='ltr'><strong><em>posuerat:</em></strong></span> <span class='ocrx_word' id='word_1_748' title='bbox 536 5163 710 5246; x_wconf 84' lang='lat' dir='ltr'><strong><em>significat,</em></strong></span> <span class='ocrx_word' id='word_1_749' title='bbox 734 5177 769 5227; x_wconf 92' lang='lat' dir='ltr'><strong><em>ut</em></strong></span> <span class='ocrx_word' id='word_1_750' title='bbox 792 5163 870 5236; x_wconf 88' lang='lat' dir='ltr'><strong><em>dixi,</em></strong></span> <span class='ocrx_word' id='word_1_751' title='bbox 893 5161 1018 5238; x_wconf 91' lang='lat' dir='ltr'><strong><em>cadere,</em></strong></span> <span class='ocrx_word' id='word_1_752' title='bbox 1041 5161 1205 5244; x_wconf 84' lang='lat' dir='ltr'><strong><em>significat</em></strong></span> <span class='ocrx_word' id='word_1_753' title='bbox 1254 5180 1329 5244; x_wconf 91' lang='lat' dir='ltr'><strong><em>pars</em></strong></span> <span class='ocrx_word' id='word_1_754' title='bbox 1351 5158 1465 5223; x_wconf 93' lang='lat' dir='ltr'><strong><em>mundi</em></strong></span> <span class='ocrx_word' id='word_1_755' title='bbox 1488 5179 1616 5240; x_wconf 90' lang='lat' dir='ltr'><strong><em>semper</em></strong></span> <span class='ocrx_word' id='word_1_756' title='bbox 1638 5160 1761 5242; x_wconf 88' lang='lat' dir='ltr'><strong><em>appetit</em></strong></span> <span class='ocrx_word' id='word_1_757' title='bbox 1783 5157 1986 5224; x_wconf 90' lang='lat' dir='ltr'><strong><em>adulatores:</em></strong></span> <span class='ocrx_word' id='word_1_758' title='bbox 2008 5171 2041 5222; x_wconf 91' lang='lat' dir='ltr'><strong><em>et</em></strong></span> <span class='ocrx_word' id='word_1_759' title='bbox 2058 5157 2151 5225; x_wconf 91' lang='lat' dir='ltr'><strong><em>Deus</em></strong></span> <span class='ocrx_word' id='word_1_760' title='bbox 2168 5158 2223 5222; x_wconf 92' lang='lat' dir='ltr'><strong><em>uhi</em></strong></span> 
     </span>
     <span class='ocr_line' id='line_1_56' title="bbox 226 5242 2224 5330; baseline -0.002 -18"><span class='ocrx_word' id='word_1_761' title='bbox 226 5249 323 5313; x_wconf 84' lang='lat' dir='ltr'><strong><em>etiam</em></strong></span> <span class='ocrx_word' id='word_1_762' title='bbox 349 5247 503 5330; x_wconf 88' lang='lat' dir='ltr'><strong><em>residere,</em></strong></span> <span class='ocrx_word' id='word_1_763' title='bbox 531 5248 583 5313; x_wconf 87' lang='lat' dir='ltr'><strong><em>vel</em></strong></span> <span class='ocrx_word' id='word_1_764' title='bbox 607 5249 806 5313; x_wconf 87' lang='lat' dir='ltr'><strong><em>incumbere.</em></strong></span> <span class='ocrx_word' id='word_1_765' title='bbox 851 5247 974 5312; x_wconf 85' lang='lat' dir='ltr'><strong><em>Eodem</em></strong></span> <span class='ocrx_word' id='word_1_766' title='bbox 998 5269 1094 5311; x_wconf 87' lang='lat' dir='ltr'><strong><em>sensu</em></strong></span> <span class='ocrx_word' id='word_1_767' title='bbox 1117 5268 1205 5311; x_wconf 94' lang='lat' dir='ltr'><strong><em>nuno</em></strong></span> <span class='ocrx_word' id='word_1_768' title='bbox 1254 5245 1343 5311; x_wconf 86' lang='lat' dir='ltr'><strong><em>videt</em></strong></span> <span class='ocrx_word' id='word_1_769' title='bbox 1375 5243 1524 5308; x_wconf 89' lang='lat' dir='ltr'><strong><em>homines</em></strong></span> <span class='ocrx_word' id='word_1_770' title='bbox 1557 5245 1602 5308; x_wconf 90' lang='lat' dir='ltr'><strong><em>ita</em></strong></span> <span class='ocrx_word' id='word_1_771' title='bbox 1635 5246 1696 5310; x_wconf 92' lang='lat' dir='ltr'><strong><em>sibi</em></strong></span> <span class='ocrx_word' id='word_1_772' title='bbox 1730 5263 1878 5328; x_wconf 88' lang='lat' dir='ltr'><strong><em>parcere,</em></strong></span> <span class='ocrx_word' id='word_1_773' title='bbox 1918 5255 1951 5309; x_wconf 91' lang='grc' dir='ltr'><strong><em>ει</em></strong></span> <span class='ocrx_word' id='word_1_774' title='bbox 1986 5242 2224 5326; x_wconf 88' lang='lat' dir='ltr'><strong><em>quodammodo</em></strong></span> 
     </span>
     <span class='ocr_line' id='line_1_57' title="bbox 225 5327 2223 5414; baseline -0.003 -16"><span class='ocrx_word' id='word_1_775' title='bbox 225 5333 307 5399; x_wconf 89' lang='lat' dir='ltr'><strong><em>dioit</em></strong></span> <span class='ocrx_word' id='word_1_776' title='bbox 336 5337 422 5399; x_wconf 86' lang='lat' dir='ltr'><strong><em>iram</em></strong></span> <span class='ocrx_word' id='word_1_777' title='bbox 443 5331 508 5398; x_wconf 88' lang='lat' dir='ltr'><strong><em>Dei</em></strong></span> <span class='ocrx_word' id='word_1_778' title='bbox 537 5353 599 5398; x_wconf 81' lang='lat' dir='ltr'><strong><em>nom</em></strong></span> <span class='ocrx_word' id='word_1_779' title='bbox 626 5353 832 5414; x_wconf 78' lang='lat' dir='ltr'><strong><em>reversuram,</em></strong></span> <span class='ocrx_word' id='word_1_780' title='bbox 863 5349 900 5399; x_wconf 91' lang='lat' dir='ltr'><strong><em>ut</em></strong></span> <span class='ocrx_word' id='word_1_781' title='bbox 926 5352 1058 5399; x_wconf 89' lang='lat' dir='ltr'><strong><em>cursum</em></strong></span> <span class='ocrx_word' id='word_1_782' title='bbox 1080 5332 1205 5397; x_wconf 90' lang='lat' dir='ltr'><strong><em>scilicet</em></strong></span> <span class='ocrx_word' id='word_1_783' title='bbox 1254 5351 1418 5398; x_wconf 88' lang='lat' dir='ltr'><strong><em>accersere</em></strong></span> <span class='ocrx_word' id='word_1_784' title='bbox 1439 5329 1501 5396; x_wconf 92' lang='lat' dir='ltr'><strong><em>sibi</em></strong></span> <span class='ocrx_word' id='word_1_785' title='bbox 1525 5328 1696 5414; x_wconf 89' lang='lat' dir='ltr'><strong><em>decipulas,</em></strong></span> <span class='ocrx_word' id='word_1_786' title='bbox 1730 5331 1820 5394; x_wconf 87' lang='lat' dir='ltr'><strong><em>laxat</em></strong></span> <span class='ocrx_word' id='word_1_787' title='bbox 1842 5327 1991 5394; x_wconf 87' lang='lat' dir='ltr'><strong><em>fraenum</em></strong></span> <span class='ocrx_word' id='word_1_788' title='bbox 2014 5328 2167 5407; x_wconf 83' lang='lat' dir='ltr'><strong><em>Satanae,</em></strong></span> <span class='ocrx_word' id='word_1_789' title='bbox 2189 5339 2223 5394; x_wconf 90' lang='grc' dir='ltr'><strong><em>ει</em></strong></span> 
     </span>
    </p>
   </div>
   <div class='ocr_carea' id='block_1_3' title="bbox 0 0 2586 6116">
    <p class='ocr_par' dir='ltr' id='par_1_5' title="bbox 0 0 2586 6116">
     <span class='ocr_line' id='line_1_58' title="bbox 0 0 2586 6116; baseline 0 0"><span class='ocrx_word' id='word_1_790' title='bbox 0 0 2586 6116; x_wconf 95' lang='lat' dir='ltr'><strong><em> </em></strong></span> 
     </span>
    </p>
   </div>
  </div>
 </body>
</html>
