5134 6124
212 407 275 472 213
929 406 977 473 IN
999 404 1248 474 lutturssam.
1295 405 1395 475 OAP.
1417 405 1495 472 XV.
2145 409 2210 474 214

212 601 291 660 sunt
312 595 444 659 omnis?
473 593 633 676 quomodo
657 594 779 660 habes?
813 617 855 661 en
878 603 1036 661 recteest
1058 604 1092 660 et
1115 593 1182 670 tibi,
1231 595 1384 676 populum
1415 613 1531 660 mum:
1563 616 1584 659 o
1613 595 1676 660 viis
1704 595 1861 660 salsum
1891 601 2093 680 recesserunt,
2128 596 2209 682 (non

212 701 249 747 ae
278 679 366 745 tuis?
411 679 520 760 Quum
551 683 597 744 ita
618 681 822 746 soisoitamur
844 679 885 745 de
907 683 1063 764 oniasque
1085 689 1182 758 statu,
1236 681 1357 746 reversi
1380 689 1468 757 sunt,
1492 680 1553 758 rel,
1577 699 1642 744 non
1665 693 1743 746 sunt
1765 680 1939 766 eonversi).

211 765 412 831 ostendimus
453 764 581 850 aliquod
619 765 748 850 signum
781 765 1009 833 sollicitudinis
1041 731 1210 892 nostrae!

211 851 296 916 Nam
327 871 419 916 emor
441 859 491 916 est
512 871 641 933 semper
662 851 828 920 sollieitus.
874 852 965 918 Dieit
986 852 1087 936 igitur
1108 870 1183 934 pro·
1319 850 1384 915 Hie
1414 851 1585 916 oonfirmat
1613 849 1749 918 eandem
1776 849 1966 916 doetrioem.
2012 851 2124 917 Potest
2146 852 2206 921 hoe

211 937 321 1020 pbste,
353 937 432 1018 Quia
459 938 501 1002 od
522 942 550 1002 te
570 937 716 1019 coneedet,
745 944 780 1003 ut
800 939 941 1021 inquirat
962 937 1000 1004 de
1015 957 1096 1018 pore
1117 941 1181 1013 roo,
1235 956 1364 1020 quoque
1393 936 1528 1001 verbum
1558 949 1624 1001 tam
1655 937 1691 1000 in
1720 935 1895 1018 praeterito
1923 943 2078 1019 tempore,
2109 958 2206 1022 quam

211 1021 272 1088 hoo
294 1031 354 1105 eat,
384 1031 421 1086 ut
450 1022 613 1106 intelligat
635 1022 793 1106 quomodo
816 1024 935 1101 valeas,
966 1031 999 1087 et
1021 1040 1182 1106 quaenam
1233 1023 1268 1087 in
1296 1021 1408 1086 futuro
1434 1021 1562 1102 exponi.
1609 1020 1673 1088 Sed
1697 1021 1805 1087 adbuo
1827 1020 1977 1087 existimo
1999 1043 2070 1090 esse
2093 1024 2206 1092 satiei·

211 1109 253 1173 sit
276 1115 333 1172 tna
354 1106 516 1174 eonditio‘l
551 1107 709 1173 Videmus
729 1130 807 1194 ergo
828 1108 967 1174 Iudaeos
989 1108 1042 1174 bio
1064 1107 1182 1190 depelli
1234 1107 1326 1172 nium
1356 1106 1397 1172 de
1425 1108 1536 1172 futuro
1567 1115 1720 1190 tempore.
1765 1107 1948 1186 Caeterum,
1978 1107 2064 1190 quod
2095 1119 2207 1191 postea

212 1193 252 1257 ab
274 1194 364 1258 omni
386 1193 605 1277 querimonia:
628 1195 780 1276 quoniam
805 1203 891 1261 totus
906 1193 1048 1259 mundus
1063 1213 1182 1277 eogno·
1234 1194 1395 1276 sequitur,
1432 1192 1560 1270 Orbem,
1588 1193 1737 1273 perdidi:
1775 1191 1854 1258 mihi
1888 1213 1954 1258 non
1988 1191 2123 1259 dubium
2156 1202 2207 1260 est

211 1287 280 1344 soet
300 1279 388 1362 ipsos
410 1299 447 1346 ee
469 1279 690 1345 miserirordis
704 1299 775 1345 esse
790 1279 950 1364 indignos.
984 1277 1056 1344 Non
1074 1289 1182 1344 autem
1234 1280 1312 1360 quin
1343 1277 1383 1342 ad
1413 1293 1542 1360 tempus
1571 1279 1781 1361 praeteritum
1813 1278 1924 1343 relerri
1948 1277 2071 1344 debeat.
2117 1279 2208 1346 Dioit

210 1364 366 1448 intelligit
394 1365 563 1448 propheto,
593 1365 661 1430 lore
682 1385 794 1431 omnes
817 1364 964 1431 erudelea
991 1384 1069 1448 erga
1091 1363 1182 1428 Ieru·
1235 1384 1322 1447 ergo,
1351 1361 1510 1429 Vertilabo
1531 1381 1589 1444 eoe,
1619 1363 1672 1429 rel
1695 1363 1895 1446 dispergam:
1927 1384 2002 1428 nam
2025 1379 2081 1432 ml
2104 1365 2206 1448 signi·

212 1449 324 1529 salem,
354 1451 409 1516 sed
441 1451 548 1533 potius
579 1450 722 1516 ostendit
751 1461 842 1516 tenta
864 1469 936 1517 esse
958 1449 1028 1515 eius
1049 1449 1181 1532 seelera,
1235 1451 1310 1515 fioat
1333 1447 1529 1534 dispergere.
1562 1448 1726 1529 Quoniam
1750 1460 1857 1514 sutem
1874 1449 2030 1531 sequitur,
2054 1450 2095 1514 Iu
2110 1453 2207 1516 eruti-

211 1545 248 1600 ut
276 1534 387 1600 nullus
417 1535 507 1602 loeus
537 1545 637 1602 restet
666 1536 864 1603 humanitati
894 1545 928 1601 et
955 1534 1183 1602 eommuuibus
1233 1533 1332 1618 lobro,
1355 1533 1454 1618 (quod
1478 1554 1595 1599 nomen
1619 1534 1793 1601 deduotum
1816 1545 1866 1600 est
1887 1535 1928 1600 ab
1951 1535 2065 1600 eadem
2083 1535 2205 1616 radios)

210 1621 342 1702 oilioiis,
377 1641 459 1704 quae
494 1620 581 1686 ultro
610 1620 756 1705 nitroque
790 1621 940 1687 homines
962 1622 1049 1686 inter
1071 1641 1106 1686 se
1128 1619 1183 1685 ob·
1234 1621 1307 1685 ideo
1338 1619 1476 1685 libenter
1506 1618 1594 1684 illam
1624 1618 1828 1704 anadiplosin
1862 1620 1996 1687 retineo.
2048 1621 2206 1688 Venerato

211 1716 352 1772 servent.
398 1707 444 1771 Et
472 1707 820 1789 ratiosequitur,1'u
842 1708 924 1774 euim
945 1706 1104 1789 reliqbists'
1122 1725 1181 1788 me,
1235 1707 1335 1789 igitur
1363 1725 1413 1772 eos
1434 1704 1603 1771 vestrm
1619 1725 1679 1785 per
1700 1725 1804 1772 omues
1818 1711 1934 1787 portos
1954 1711 2063 1772 terrae.
2109 1706 2205 1788 Quod

210 1792 285 1857 eea:
314 1791 457 1857 Ieltovob.
502 1792 615 1873 Quum
644 1813 721 1877 ergo
749 1793 889 1859 reieetus
911 1793 1027 1858 luisset
1050 1791 1182 1857 Deuss
1233 1800 1402 1874 exponunt
1432 1791 1526 1858 multi
1556 1791 1766 1875 interpretes,
1797 1791 1861 1856 Per
1890 1791 2002 1869 urbes,
2030 1791 2111 1857 milri
2139 1811 2205 1857 uon
2238 1829 2249 1838 ·

211 1875 350 1956 Iudaeis,
382 1898 489 1943 nonne
511 1877 587 1943 talis
612 1877 748 1944 deleotio
770 1878 903 1962 dignam
928 1876 1109 1944 meroedem
1131 1899 1182 1942 re·
1234 1876 1314 1943 adeo
1344 1877 1457 1960 plaeet.
1504 1875 1642 1941 Videtur
1669 1877 1756 1943 enim
1784 1897 1855 1942 esse
1883 1875 2002 1960 frigida
2029 1877 2204 1962 expositio:

211 1962 301 2041 tulit,
335 1983 435 2046 quum
469 1962 616 2028 destituti
646 1972 724 2028 sunt
752 1965 841 2029 omni
871 1963 1013 2029 humano
1035 1961 1181 2029 auxilio?
1234 1964 1312 2047 quin
1335 1964 1443 2045 potius
1465 1982 1523 2044 pro
1548 1962 1623 2027 beta
1645 1971 1756 2044 portas
1786 1971 1894 2028 terrae
1916 1962 2070 2046 iutelligit
2091 1982 2204 2029 omnes

211 2047 329 2115 Postea
363 2047 470 2127 addit,
505 2048 691 2114 Retroreum
722 2049 839 2114 obiisti.
895 2048 1182 2115 Oontinuationem
1233 2068 1338 2132 agros.
1373 2049 1457 2112 Nam
1473 1983 1586 2113 Iudaei
1610 2048 1769 2130 putabant
1791 2067 1825 2112 se
1847 2049 1917 2113 lore
1932 2069 2060 2130 semper
2077 2048 2205 2131 quietos

210 2134 374 2217 signifieat
396 2134 430 2198 in
452 2133 509 2200 illa
530 2135 630 2216 impia
649 2134 845 2200 deieotione:
868 2133 956 2218 quod
974 2134 1097 2202 soilioet
1116 2155 1181 2198 non
1234 2136 1267 2199 in
1300 2135 1368 2200 suis
1401 2133 1546 2199 urbibus.
1602 2133 1667 2199 Per
1699 2132 1927 2218 syneodoeheu
1964 2145 2075 2216 portae
2109 2133 2206 2199 urbes

211 2226 338 2284 tantum
361 2218 402 2283 ad
425 2227 554 2302 tompus
574 2219 666 2285 obliti
688 2221 809 2286 luerint
830 2219 904 2297 Dei,
927 2218 985 2284 sed
1007 2219 1120 2304 proeul
1142 2219 1183 2284 ab
1233 2219 1364 2302 quidem
1392 2219 1620 2302 signifioantur
1641 2228 1679 2283 ut
1701 2217 1776 2284 alibi
1799 2219 1908 2284 risum
1931 2229 1996 2284 est:
2026 2217 2085 2284 sed
2105 2239 2206 2301 quum

210 2305 280 2388 ipso
303 2303 535 2382 disoessisseut,
560 2312 597 2370 ut
619 2314 729 2370 essent
749 2307 784 2371 in
803 2314 909 2370 totum
928 2305 1072 2370 alienati.
1110 2304 1181 2370 Iam
1233 2305 1347 2371 Iudaei
1376 2305 1490 2372 oonflsi
1525 2305 1592 2370 suis
1625 2303 1861 2370 munitionibus
1893 2323 1957 2369 noo
1987 2312 2142 2388 putarent
2169 2324 2206 2369 se

211 2389 367 2472 sequitur,
397 2390 441 2454 Et
468 2391 641 2469 :amodum
675 2391 736 2456 boo
759 2399 818 2472 est,
846 2390 934 2456 ideo:
968 2409 1042 2456 uam
1065 2391 1184 2473 oopula
1234 2411 1379 2474 unquam
1410 2409 1504 2473 posse
1531 2389 1629 2454 evelli
1658 2389 1699 2454 ab
1721 2389 1787 2455 illis
1808 2389 1995 2473 tranquillis
2014 2389 2110 2468 nidis,
2140 2389 2205 2453 sle·

212 2473 266 2540 hio
297 2475 429 2556 ponitur
461 2476 533 2541 viee
565 2475 710 2542 illativee
739 2477 928 2561 partieulae.
979 2477 1093 2543 Potest
1123 2476 1182 2540 boo
1234 2489 1351 2560 genter
1379 2477 1576 2540 transfertur
1606 2494 1724 2540 nomen
1752 2475 1813 2541 hoo
1840 2474 1880 2541 ad
1904 2473 2066 2557 quoslibet
2087 2474 2204 2540 exitus.

211 2559 326 2625 referri
349 2560 464 2624 velud
487 2569 615 2643 tempus
637 2561 860 2646 praeteritum,
882 2562 935 2628 vel
957 2562 998 2627 ad
1018 2563 1181 2627 futurum:
1234 2561 1303 2646 Epo
1323 2581 1378 2627 voe
1391 2560 1550 2643 radbodo,
1573 2561 1682 2643 inquit
1696 2559 1804 2626 Deos:
1827 2559 2010 2642 quomodo?
2028 2579 2090 2642 per
2103 2579 2207 2625 omues

211 2645 331 2726 partim
363 2645 451 2711 euim
485 2646 649 2712 afflixerat
678 2647 769 2712 Deus
798 2648 951 2731 populum
982 2647 1091 2724 illum,
1125 2645 1182 2713 sed
1228 2651 1339 2729 portas
1365 2651 1473 2722 terroe,
1504 2646 1565 2724 vel,
1596 2667 1653 2728 per
1682 2665 1795 2712 omnes
1823 2665 1929 2729 egros,
1962 2657 1995 2710 et
2017 2665 2074 2728 per
2096 2647 2207 2710 omnia

212 2730 379 2796 restabant
411 2731 579 2814 graviores
617 2751 749 2816 poenae.
804 2733 876 2816 ligo
908 2733 1049 2800 libenter
1080 2735 1182 2798 inter·
1235 2733 1372 2810 deserte,
1394 2731 1456 2796 hoo
1476 2739 1536 2806 est,
1556 2749 1750 2814 quaonnque
1772 2731 1896 2814 patebit
1913 2730 2011 2814 regio,
2034 2730 2096 2795 erit
2114 2729 2207 2795 vobis

212 2823 338 2898 pretor,
370 2835 442 2882 esse
471 2817 662 2883 vatioinium
693 2818 733 2882 de
763 2818 882 2884 futuris
912 2817 1072 2895 uladibus,
1104 2839 1182 2884 uam
1234 2818 1309 2884 illae
1352 2815 1597 2882 transeundum.
1661 2814 1781 2883 Soletis
1822 2815 1948 2898 ingredi
1992 2836 2049 2897 per
2093 2819 2205 2897 portas

212 2900 357 2984 sequitur
377 2902 412 2966 in
435 2901 590 2983 alberola,
620 2902 788 2988 Fotiqutue
807 2923 879 2969 eum
895 2904 1090 2987 poenitendo,
1121 2903 1183 2971 hoe
1236 2911 1372 2980 vestras,
1402 2909 1436 2967 et
1463 2901 1583 2986 egredi,
1614 2910 1647 2965 et
1675 2900 1803 2967 bebetis
1830 2900 1896 2966 illio
1926 2900 2052 2983 quietas
2075 2899 2206 2965 domos:

212 3000 269 3062 eet,
300 2986 395 3050 toties
417 3007 470 3051 me
493 2989 660 3070 poenituit,
689 2997 725 3054 ut
747 2989 812 3053 iam
836 3009 901 3055 non
925 2990 1044 3074 possim
1067 2989 1182 3055 adduoi
1234 2989 1289 3056 sed
1324 2987 1407 3053 aliae
1436 2987 1570 3069 posthae
1603 2994 1702 3051 erunt
1735 2986 1826 3052 vobis
1859 2985 1969 3064 urbes,
2003 2985 2054 3049 rel
2083 2993 2205 3068 portae,

211 3071 251 3136 ad
270 3071 522 3155 iguosoendum:
552 3073 627 3156 qnia
655 3073 750 3140 rideo
773 3094 825 3139 me
848 3076 945 3140 toties
967 3074 1084 3142 lusisse
1105 3094 1182 3159 ope·
1235 3076 1295 3140 boo
1318 3082 1376 3151 est,
1399 3092 1512 3138 omnes
1534 3072 1615 3156 agri,
1643 3080 1677 3136 et
1698 3072 1808 3136 omnia
1829 3069 1967 3148 deserta,
1988 3090 2102 3136 omnes
2122 3071 2206 3148 riae,

213 3175 297 3236 rum,
327 3165 363 3224 ut
391 3177 457 3224 non
485 3161 663 3224 sustineam
691 3159 814 3224 diutius
836 3159 917 3226 falli.
963 3160 1030 3225 Alii
1052 3159 1181 3244 quidem
1234 3160 1373 3240 denique
1401 3165 1435 3224 et
1456 3158 1563 3223 omnis
1585 3159 1752 3222 transitus.
1797 3155 1868 3222 Iam
1891 3158 2049 3240 sequitur,
2082 3155 2207 3236 Ordoui,

212 3247 355 3322 vertunt,
379 3241 587 3308 Oonsolando
603 3262 669 3310 me:
693 3251 726 3308 et
739 3256 802 3312 nn:
817 3245 980 3329 signifieat
994 3253 1182 3328 utrumque:
1230 3244 1358 3328 perdidi
1373 3243 1526 3326 populum
1547 3262 1656 3322 meum,
1678 3261 1732 3310 aee
1752 3243 1890 3310 movero·
1910 3246 1983 3308 auset
2005 3263 2026 3307 o
2047 3242 2110 3307 viis
2128 3243 2206 3308 sais.

211 3325 268 3391 sed
301 3347 366 3392 non
399 3328 532 3394 videtur
556 3329 637 3394 mibi
665 3327 826 3412 quadrare
857 3330 941 3396 alter
969 3329 1025 3396 ille
1055 3351 1182 3396 seusus.
1234 3332 1299 3397 Hie
1326 3328 1414 3395 haud
1436 3328 1535 3394 dubie
1556 3329 1731 3413 exprobret
1753 3328 1884 3394 Iudaeis
1905 3325 2095 3406 sooordiam,
2121 3326 2207 3410 quod

210 3411 285 3476 Nou
315 3411 428 3478 dubito
457 3414 558 3497 igitur
586 3415 665 3498 quin
688 3414 846 3498 propbeta
870 3415 1103 3498 poenitentiam
1126 3415 1182 3481 de·
1234 3437 1300 3482 non
1322 3414 1519 3498 resipuerint
1540 3415 1693 3498 gravibus
1708 3413 1821 3498 poenis
1835 3411 2004 3491 admoniti,
2029 3432 2109 3495 quas
2133 3431 2206 3492 par·

210 3497 326 3579 signet.
373 3497 502 3565 Seimns
531 3519 608 3565 vero
630 3500 738 3565 Deum
761 3521 825 3570 non
848 3512 978 3566 mutare
999 3500 1180 3568 eonsilium.
1234 3504 1292 3567 tim
1322 3501 1411 3586 ipsis,
1443 3502 1562 3584 partim
1592 3499 1749 3566 fratribus
1777 3499 1870 3564 Deus
1899 3498 2076 3564 inflixerat.
2120 3495 2206 3561 Nam

210 3581 296 3646 Nam
329 3584 529 3666 poenitentia
562 3590 744 3670 tanguntur
777 3584 940 3652 homines:
978 3587 1054 3669 quia
1086 3605 1182 3668 saepe
1234 3605 1372 3672 regnum
1396 3586 1498 3651 Israel
1528 3594 1600 3650 eret
1622 3585 1784 3651 exuisum:
1817 3605 1917 3668 quum
1941 3583 2098 3650 vidissent
2119 3580 2206 3647 trahi

210 3667 387 3734 frustratur
416 3689 471 3734 eos
501 3668 618 3752 opinio,
649 3670 727 3735 dum
753 3669 841 3736 aliud
865 3691 963 3754 quam
985 3680 1181 3755 putaverant
1233 3674 1268 3738 in
1291 3670 1441 3738 exsilium
1473 3672 1583 3738 deoem
1614 3670 1731 3750 tribus,
1763 3691 1873 3736 nonne
1901 3669 2061 3735 debebant
2088 3667 2206 3733 terreri

210 3753 386 3836 oontingit:
411 3752 482 3820 Deo
503 3754 586 3820 nibil
609 3754 674 3820 tole
696 3755 860 3839 uompetit.
894 3755 961 3822 Sed
984 3757 1182 3840 poenitentis
1234 3759 1293 3824 tali
1335 3755 1506 3838 exemplo?
1561 3755 1640 3820 Ideo
1678 3755 1777 3822 etiam
1815 3756 1898 3822 alter
1933 3753 2094 3837 propbeta
2127 3753 2207 3818 dieit

210 3835 274 3902 Dei
306 3837 450 3904 refertur
482 3839 522 3905 ad
551 3861 667 3906 sensus
696 3850 834 3908 nostros.
885 3842 1054 3908 Posuituit
1081 3842 1090 3907 i
1118 3843 1182 3908 'tur
1233 3845 1348 3929 (Amos
1367 3843 1396 3922 6,
1419 3843 1461 3928 6),
1485 3840 1588 3907 Nemo
1612 3851 1660 3908 eet
1682 3843 1738 3925 qui
1760 3841 1871 3925 lugeat
1892 3859 1990 3922 super
2011 3838 2206 3905 contritione

210 3923 320 3988 Deum
335 3924 519 3992 severitatis
534 3927 658 4009 quoties
673 3926 842 4011 mitigatus
858 3936 908 3993 est
923 3947 1001 4012 erga
1016 3863 1181 4012 populum,
1234 3927 1362 4012 Ioseph.
1401 3926 1493 3992 Deus
1515 3928 1602 3992 enim
1626 3937 1777 4010 posuerat
1798 3925 1864 3992 illis
1881 3935 1958 3992 ante
1980 3924 2089 3991 oeulos
2112 3925 2206 3990 triste

211 4009 336 4090 quoties
370 4029 503 4075 monum
536 4033 628 4077 suam
663 4031 682 4076 a
712 4012 857 4078 rindiota
890 4014 984 4096 quasi
1018 4013 1182 4096 praesenti
1234 4013 1402 4097 speoulom
1431 4023 1465 4078 et
1492 4012 1657 4078 horribile.
1703 4011 1895 4078 Debuerant
1923 4011 2027 4096 igitur
2055 4009 2089 4074 in
2117 4008 2209 4075 olade

210 4095 360 4176 retraxit,
376 4095 502 4177 quoties
516 4097 646 4180 ignovit
660 4098 810 4180 peeoatis.
837 4098 912 4165 Hoo
927 4107 1035 4164 autem
1051 4099 1181 4182 saepius
1234 4098 1338 4165 Israel
1366 4117 1541 4183 agnusuere
1564 4098 1641 4181 quid
1666 4108 1776 4163 essent
1797 4097 1915 4174 meriti,
1945 4103 1979 4161 et
1999 4096 2145 4162 converti
2168 4093 2209 4160 ad

211 4179 331 4244 loetum
354 4180 470 4246 luerat.
505 4180 616 4248 Iudaei
633 4202 709 4249 vero
727 4182 867 4249 ludibrio
883 4185 1066 4249 babuerunt
1085 4185 1182 4249 telem
1234 4184 1353 4249 Deum.
1407 4184 1595 4267 Exprobrat
1624 4184 1727 4268 igitur
1754 4181 1821 4248 illis
1842 4181 1934 4246 Deus
1963 4199 2089 4247 oaeeam
2118 4178 2211 4244 illam

211 4264 273 4329 Dei
301 4265 525 4331 elementiam:
554 4276 587 4331 et
616 4287 680 4350 quo
709 4269 839 4352 saepius
861 4269 926 4336 illis
952 4268 1117 4351 paroebat,
1145 4289 1182 4335 eo
1235 4270 1403 4343 duritiem,
1434 4268 1518 4353 quod
1549 4289 1646 4352 quum
1676 4267 1823 4334 orbasset
1853 4266 2011 4350 populum
2038 4285 2145 4344 suum,
2174 4263 2210 4330 id

211 4348 364 4416 audaoius
387 4349 605 4434 proroosbsnt
624 4353 706 4418 iram
729 4355 807 4420 eius.
844 4354 934 4422 Dioit
956 4375 1034 4440 ergo
1055 4373 1088 4420 se
1108 4354 1183 4438 foti-
1235 4360 1300 4434 est,
1342 4353 1453 4420 deoem
1487 4353 1609 4431 tribus,
1643 4359 1677 4419 et
1709 4373 1809 4436 quum
1842 4351 2049 4436 perdidisset:
2092 4350 2209 4416 deinde

211 4439 318 4517 paeon
347 4455 428 4516 erse,
461 4437 542 4518 qood
570 4437 657 4502 tobes
680 4439 882 4525 mouet,
913 4441 974 4507 hoe
1003 4448 1069 4520 est,
1097 4438 1183 4523 quod
1235 4442 1332 4506 etiem
1363 4440 1511 4505 attritum
1541 4447 1626 4505 esset
1655 4458 1774 4524 magno
1802 4459 1843 4504 ex
1872 4441 1965 4521 parte
1993 4456 2133 4521 regnum
2156 4435 2208 4500 Ie·

212 4521 309 4586 toties
330 4521 396 4586 illis
418 4522 608 4604 peperoerit,
630 4528 665 4586 et
681 4522 889 4606 suspenderit
904 4545 999 4590 suum
1017 4525 1182 4592 iudioium.
1237 4526 1364 4604 budah,
1406 4535 1515 4590 tamen
1554 4544 1619 4590 noo
1659 4534 1768 4590 essent
1800 4524 1949 4590 eonversi
1983 4543 2003 4588 a
2034 4521 2098 4588 riis
2129 4521 2206 4587 suis.

212 4602 254 4668 In
283 4625 421 4686 summa,
451 4606 589 4672 Iudaeos
618 4607 765 4672 exoludit
792 4608 833 4674 ab
854 4611 942 4675 omni
965 4611 1182 4691 exeusatione,
1236 4613 1326 4696 Ergo
1364 4611 1440 4677 hino
1477 4609 1594 4674 melius
1627 4617 1717 4692 patet
1749 4609 1865 4693 dignos
1899 4629 1970 4674 esse
2004 4605 2207 4692 gravissimis

213 4699 245 4754 et
275 4691 477 4757 demonstrat
506 4692 603 4775 impie
635 4694 791 4770 laetatos,
825 4694 852 4760 si
880 4695 1068 4779 obstrepant
1096 4695 1183 4762 Deo:
1236 4697 1419 4780 quibusque
1441 4695 1596 4774 eladibus,
1620 4697 1773 4778 quoniam
1796 4695 1864 4761 sint
1881 4713 2015 4776 prorsus
2033 4691 2206 4774 desperati.

211 4777 364 4858 quoniam
397 4776 520 4844 seilioet
552 4796 617 4842 non
646 4775 795 4843 dederint
824 4779 929 4846 looum
957 4782 1028 4847 eius
1057 4781 1181 4847 miseri·
1235 4784 1355 4849 Postea
1376 4780 1474 4859 addit,

211 4860 349 4940 oordiae,
372 4861 438 4926 imo
460 4882 563 4944 quum
586 4863 681 4928 toties
703 4884 777 4929 eum
796 4867 921 4947 experti
941 4867 1062 4932 luerint
1077 4868 1182 4950 plaee-

212 4945 322 5028 bilem,
357 4955 465 5013 tamen
496 4948 593 5014 nimis
623 4947 758 5032 indigne
779 4960 812 5014 et
834 4952 1067 5019 oontumaoiter
1090 4953 1182 5019 abusi
1322 4953 1352 5018 8.
1383 4949 1613 5032 Multiplioatae
1646 4953 1718 5016 mot
1750 4947 1830 5014 mibi
1861 4947 1976 5028 uiduae
2009 4946 2078 5011 eius
2109 4963 2208 5028 supro

212 5030 333 5095 luerint
354 5033 424 5097 eius
447 5033 629 5099 tolerantia.
674 5031 841 5116 Sequitur,
1235 5057 1364 5104 erenum
1380 5036 1482 5101 marie
1501 5037 1591 5120 (prae
1607 5054 1707 5100 arena
1724 5033 1846 5120 marie),
1865 5029 1983 5098 immisi
1999 5030 2066 5096 iltis
2082 5029 2208 5117 (venire

1234 5123 1298 5189 feei
1316 5120 1394 5269 illis?
1412 5139 1508 5204 super
1524 5125 1656 5188 medem
1674 5120 1797 5186 iuoeuis
1815 5118 1860 5202 (id
1876 5128 2039 5200 estsuper
2054 5124 2207 5197 turmam,

297 5202 325 5267 t.
349 5201 396 5267 Et
416 5202 566 5268 oeutdobo
586 5203 755 5271 redibere
776 5206 863 5287 ipsos
877 5205 912 5270 iu
927 5204 1183 5289 omuibusportir
1235 5208 1289 5274 rel
1319 5205 1565 5271 mutitudinem
1594 5203 1761 5290 iuvenum)
1792 5207 1976 5269 redderem
2002 5204 2037 5268 in
2063 5203 2208 5269 meida:

210 5289 311 5352 terroe
339 5285 386 5371 (id
415 5296 478 5367 ast,
507 5307 567 5371 per
593 5309 704 5356 omnes
735 5291 873 5377 portas),
907 5291 1030 5371 orbari,
1054 5291 1183 5374 perdidi
1235 5292 1405 5374 etproieei
1433 5289 1561 5376 (eadere
1590 5290 1651 5358 feei
1681 5288 1722 5356 ad
1750 5288 1899 5375 verbum)
1921 5308 2016 5372 ercper
2035 5289 2140 5372 ipsam
2161 5307 2209 5353 re-

1949 5387 1999 5442 14·
