5118 6136
392 462 454 528 681
1202 457 1588 526 Pttnunuoulouus
1885 464 1888 474 ⁴
2330 463 2394 528 688

390 651 476 737 quod
498 656 670 732 superaret
690 648 808 733 legem.
852 647 926 712 Lex
949 647 1038 712 euim
1061 645 1124 710 init
1151 645 1265 729 regula
1291 665 1365 729 per·
1418 667 1522 712 unum
1549 665 1685 729 eorpus,
1719 647 1798 730 8818
1830 648 1917 731 18888
1946 647 2079 732 oolliget
2101 663 2139 714 ut
2161 649 2259 716 simul
2289 649 2393 715 ooale-

391 738 586 805 feotissimao
619 734 796 801 doetrinae.
851 732 941 816 Ergo
974 733 1001 797 si
1034 729 1169 798 tolletur
1199 730 1365 808 Ohristua,
1416 736 1519 808 88881,
1541 751 1646 814 88888
1668 732 1736 798 8181
1757 735 1850 816 quasi
1873 732 2020 800 diversae
2042 734 2168 801 domus.
2214 735 2285 800 lam
2308 733 2394 817 quod

391 831 520 891 eertum
548 829 614 899 881,
647 819 848 885 88888888
881 837 953 883 8888
980 819 1015 883 18
1042 816 1125 902 lege.
1169 816 1258 881 Hine
1287 838 1365 900 ergo
1417 815 1456 880 ud
1477 835 1599 882 novum
1618 817 1732 884 188888
1753 826 1888 901 8888181,
1911 839 1977 884 888
1992 821 2039 885 818
2055 827 2190 886 sonetur
2208 820 2286 903 quia
2304 818 2394 886 aliud

392 908 595 992 eolligimus,
615 904 812 989 prophetam
832 903 1005 971 vatioinari
1036 901 1075 968 de
1098 901 1224 967 Christi
1253 921 1365 986 regno,
1416 902 1460 968 sit
1489 922 1509 970 a
1537 904 1645 984 primo
1673 903 1812 969 loedere.
1857 904 1950 970 Deus
1979 905 2067 970 enim
2097 925 2208 972 seeum
2238 926 2304 971 non
2332 926 2394 988 pu·

392 989 665 1078 quemadmodum
687 992 786 1056 etiam
807 989 898 1056 loeus
919 988 973 1055 hio
996 990 1116 1054 nitatur
1138 987 1178 1054 ab
1201 987 1364 1070 apostolis,
1417 997 1515 1071 goat:
1537 1009 1642 1070 neque
1664 995 1715 1054 est
1732 989 1783 1054 sui
1803 989 1981 1056 dissimilis.
2012 989 2079 1073 Qui
2095 1011 2174 1074 erge
2196 991 2297 1056 semel
2320 1011 2393 1072 per-

391 1089 430 1146 nt
450 1086 502 1144 est
522 1077 663 1162 insignis
684 1084 718 1142 et
739 1076 856 1159 dignus
879 1083 1005 1140 notatu.
1044 1072 1110 1140 Sed
1132 1072 1294 1142 tenendus
1316 1076 1367 1140 est
1417 1074 1521 1139 oussit
1542 1072 1654 1139 188888
1676 1095 1750 1140 888
1772 1073 1875 1140 818818
1903 1075 2033 1158 populo,
2063 1098 2128 1142 uon
2152 1075 2393 1141 8818811888-

391 1163 472 1231 ordo
498 1171 532 1228 et
553 1162 669 1228 modus
696 1159 840 1228 doeendi.
884 1159 1052 1244 Propheta
1080 1159 1167 1224 enim
1196 1160 1367 1225 ooufirmat
1418 1157 1538 1236 silium,
1562 1179 1600 1224 ao
1618 1159 1647 1224 si
1665 1159 1784 1227 oblitus
1805 1169 1892 1226 esset
1911 1181 1990 1226 auae
2008 1160 2093 1228 fidei.
2129 1159 2286 1244 Sequitur
2304 1181 2394 1244 ergo,

393 1249 478 1334 quod
500 1256 578 1314 ante
600 1247 681 1326 dixi,
710 1247 786 1329 quia
815 1245 1003 1312 incredibile
1026 1252 1097 1311 erat
1117 1243 1249 1310 Iudaeis
1279 1243 1366 1326 quod
1418 1245 1560 1327 primum
1583 1243 1695 1310 188888
1716 1246 1818 1312 181888
1848 1245 2055 1313 inviolabile:
2089 1247 2207 1314 deinde
2228 1247 2295 1312 iem
2316 1261 2395 1312 ante

393 1335 546 1404 vidimus.
591 1332 703 1415 Quum
732 1353 809 1416 ergo
835 1331 901 1396 iam
930 1339 1006 1396 ente
1036 1328 1135 1398 verba
1166 1331 1294 1396 seoisset
1327 1329 1366 1394 de
1418 1337 1624 1413 peremerat
1645 1330 1759 1396 foedus
1781 1351 1878 1396 suum
1901 1347 1975 1397 oum
1994 1331 2182 1398 Abraham:
2205 1342 2240 1397 et
2256 1331 2311 1398 lex
2332 1333 2395 1398 iuit

393 1420 558 1487 benefieiis
575 1417 649 1497 Dei,
670 1439 752 1501 quae
770 1418 827 1483 vix
845 1424 999 1499 poterant
1022 1416 1138 1482 eadere
1156 1414 1217 1481 sub
1235 1436 1365 1481 sensum
1417 1415 1622 1482 oonfirmatio
1644 1415 1734 1482 illius
1757 1416 1905 1482 foederis.
1940 1416 2052 1499 Quum
2074 1437 2153 1503 ergo
2176 1419 2231 1483 lex
2252 1418 2395 1499 pendeat

393 1506 549 1586 hominis,
565 1513 601 1569 ut
616 1513 766 1570 ooourrat
782 1502 990 1581 diffidentiae,
1009 1502 1167 1587 adiungit,
1185 1500 1365 1567 Dominum
1419 1501 1598 1580 sloedere,
1624 1501 1711 1584 quod
1734 1501 1826 1568 Deus
1846 1523 1921 1568 oum
1943 1503 2112 1569 Abraham
2138 1523 2235 1569 servo
2257 1523 2316 1569 suo
2339 1523 2393 1586 pe·

394 1611 481 1657 novo
503 1599 536 1656 et
556 1588 686 1655 insolito
709 1589 803 1654 modo
825 1589 892 1653 fore
915 1586 1157 1654 miserioordem
1180 1607 1259 1672 erga
1280 1608 1365 1653 suos.
1397 1585 1516 1670 pigit,
1549 1588 1697 1670 sequitur
1730 1589 1800 1653 fieri
1835 1609 1899 1653 non
1933 1607 2028 1671 posse
2056 1598 2094 1655 ut
2121 1587 2214 1654 Deus
2247 1609 2394 1670 uuquam

393 1676 555 1742 Videmus
581 1695 659 1758 ergo
682 1694 741 1740 eur
762 1673 920 1757 prophete
948 1675 1034 1739 hano
1063 1671 1260 1738 senteutiam
1290 1671 1365 1738 sub·
1419 1672 1561 1754 potuerit
1590 1673 1710 1756 8881881
1740 1672 1855 1739 foedus
1882 1694 2014 1753 novum,
2047 1674 2109 1740 hoo
2131 1683 2196 1753 est,
2229 1674 2319 1740 aliud
2344 1674 2394 1738 vel

393 1762 507 1830 ieoedt
526 1760 686 1844 superiori
705 1759 879 1826 doetrinae.
912 1758 986 1824 Nisi
1003 1760 1091 1825 enim
1110 1759 1264 1842 loquutus
1281 1770 1367 1825 esset
1419 1758 1597 1824 diversum.
1631 1758 2395 1844 1188888181881818888888888181888-

395 1847 436 1914 de
466 1846 595 1913 loedere
629 1866 728 1923 novo,
762 1864 830 1910 sem
855 1865 891 1909 er
923 1843 1135 1911 vasillassent
1167 1845 1276 1909 miseri
1308 1843 1366 1922 1111,
1418 1843 1506 1910 8188
1527 1842 1584 1908 1118
1607 1844 1776 1910 benedieto
1802 1844 1888 1928 8888
1911 1846 2109 1928 promissum
2132 1846 2195 1910 fuit
2218 1843 2393 1910 Abrahae?

394 1953 476 2019 quos
497 1930 631 1998 uolebat
657 1932 782 2015 erigere
805 1867 960 2012 818888
989 1929 1122 1996 salutis:
1152 1929 1218 1995 imo
1241 1934 1279 1993 nt
1299 1929 1364 1994 iam
1418 1927 1546 2007 deinde,
1568 1948 1628 1994 our
1645 1929 1704 1994 filii
1720 1929 1873 1995 Abrahae
1897 1949 2051 1997 vooamur
2071 1932 2135 1997 nisi
2158 1939 2291 2013 propter
2312 1949 2395 1996 eom·

393 2018 499 2084 maior
528 2037 604 2102 pars
634 2025 705 2084 erat
730 2016 846 2082 obruta
876 2016 1113 2100 desperatione,
1147 2013 1228 2079 nihil
1257 2016 1364 2096 prole·
1418 2035 1518 2080 mune
1547 2013 1624 2079 fidei
1646 2015 1838 2081 vinoulum'l
1873 2037 1931 2082 our
1960 2016 2115 2082 dieuutnr
2142 2015 2256 2081 fideles
2284 2015 2396 2099 eolligi

394 2105 501 2171 nisset.
543 2103 635 2186 Ergo
658 2102 710 2167 hio
732 2102 884 2184 proponit
906 2101 1021 2167 foedus
1044 2121 1179 2178 novum,
1209 2120 1246 2166 88
1269 2102 1296 2165 81
1320 2101 1366 2164 di·
1417 2101 1451 2165 in
1473 2101 1581 2166 einum
1601 2099 1776 2166 Abrahae?
1800 2120 1858 2166 our
1877 2101 1954 2166 dieit
1971 2101 2126 2168 Ohristua
2149 2112 2305 2168 venturos
2324 2121 2395 2167 esse

394 2198 484 2256 oeret
512 2187 631 2254 dehere
659 2188 746 2272 ipsos
772 2185 904 2271 longius
925 2194 960 2251 et
981 2186 1079 2251 altius
1111 2187 1272 2269 speetare,
1307 2207 1367 2251 neo
1418 2186 1459 2250 ab
1481 2186 1609 2251 oriente
1631 2191 1664 2252 et
1684 2205 1799 2252 oooasu
1823 2187 1879 2269 qui
1901 2186 2092 2253 reeumbant
2114 2187 2150 2252 iu
2168 2206 2270 2270 reguo
2292 2185 2396 2252 euolo-

395 2273 506 2341 metiri
527 2273 721 2341 beusfioium
742 2271 817 2356 Dei,
847 2271 887 2336 de
909 2291 974 2356 quo
996 2271 1207 2339 oouaionatus
1229 2280 1294 2353 est,
1325 2293 1367 2337 ex
1417 2291 1492 2338 rum
1521 2290 1596 2337 eum
1622 2271 1811 2348 Abraham,
1846 2271 1939 2338 Isaeo
1966 2282 2002 2338 et
2029 2272 2151 2339 laoob?
2184 2271 2278 2338 Haeo
2307 2280 2396 2339 uerte

394 2379 505 2427 rerum
535 2360 756 2442 praesentium
790 2365 940 2441 8888818,
972 2359 1050 2440 8818
1077 2357 1148 2422 uelit
1175 2356 1266 2424 Deus
1293 2375 1366 2440 per·
1418 2357 1530 2422 omnia
1551 2357 1631 2422 88118
1653 2356 1878 2423 demonstrant
1900 2357 2013 2424 Deum
2039 2378 2209 2442 nunquam
2231 2358 2395 2442 pepigisse

394 2443 631 2528 811181818εᾶ88
651 2461 773 2510 888818.
817 2442 949 2508 Interea
970 2463 1037 2509 uon
1060 2443 1195 2508 dubium
1216 2453 1266 2509 est
1289 2444 1366 2527 quin
1419 2442 1507 2508 aliud
1540 2442 1667 2520 foedus,
1701 2463 1799 2526 8888
1832 2442 1918 2526 8888
1952 2444 2048 2509 181118
2082 2453 2288 2526 persuaserat
2319 2463 2396 2510 888

395 2530 601 2616 nommendet
622 2517 687 2595 Dei
736 2528 862 2605 retiam,
892 2547 976 2611 8888
998 2535 1108 2612 888188
1128 2528 1367 2594 manifestanda
1419 2527 1598 2605 Abraham,
1620 2537 1654 2593 et
1672 2527 1804 2594 taudem
1827 2528 2035 2614 eousignevit
2056 2550 2116 2612 per
2134 2549 2268 2595 88888
2283 2529 2395 2595 Musis

396 2625 476 2696 erat,
499 2635 617 2700 nempe
637 2615 673 2679 in
696 2549 900 2698 plenitudiue
922 2613 1088 2697 temporis.
1133 2611 1263 2679 Deinde
1284 2635 1367 2680 sem·
1418 2614 1534 2680 Posset
1555 2612 1617 2680 hoe
1638 2623 1868 2697 argumentum
1896 2614 1994 2699 louge
2023 2616 2128 2681 insius
2157 2615 2308 2694 traeteri,
2338 2615 2395 2680 sed

394 2699 556 2786 perillud
577 2699 752 2766 tenendum
771 2707 830 2777 881,
852 2719 975 2782 exque
994 2719 1144 2765 reversus
1162 2700 1368 2784 estpopulue
1419 2701 1498 2765 satis
1528 2705 1580 2766 est
1608 2697 1751 2765 breviter
1783 2707 1905 2777 tenere,
1938 2700 2054 2767 188888
2080 2700 2147 2766 Dei
2176 2698 2265 2784 qnod
2299 2699 2396 2766 initio

395 2790 429 2853 in
452 2787 606 2874 patriam,
639 2787 739 2851 inisse
767 2783 972 2884 gravissimis
1002 2783 1238 2884 tentationibus
1265 2805 1384 2885 oppu·-
1417 2786 1579 2885 peronssit
1604 2805 1675 2850 esse
1696 2796 1899 2868 perpetuum.
1944 2785 2042 2853 Nune
2063 2784 2317 2886 videndum-eat
2336 2804 2397 2850 our

395 2869 1367 3043 1111111111111111111111111111
1419 2868 2044 3038 1111111111111111111
2075 2870 2398 3040 1111111111

396 3053 496 3128 88188
526 3043 656 3120 exsilio,
685 3061 785 3125 8888
812 3041 925 3107 vexari
955 3040 1118 3106 hostiliter
1147 3039 1188 3105 ab
1216 3041 1367 3108 omnibus
1420 3042 1543 3108 Forma
1564 3049 1673 3106 nutem
1692 3041 1773 3108 haee
1790 3062 1857 3107 non
1875 3049 2005 3108 tantum
2028 3045 2138 3127 posite
2153 3054 2204 3108 est
2221 3043 2256 3108 in
2276 3040 2396 3120 verbis,

395 3129 523 3206 8181818,
545 3136 579 3194 81
599 3135 649 3193 181
670 3125 825 3193 molestiis
847 3145 919 3192 esse
941 3125 1110 3192 obnoxios.
1143 3125 1367 3211 818888188-
1420 3127 1477 3194 888
1505 3126 1648 3210 primum
1678 3126 1881 3206 180181818,
1911 3127 2030 3193 deiude
2058 3130 2095 3194 iu
2123 3127 2230 3212 gratia
2258 3127 2397 3211 spiritus

396 3224 468 3280 tum
489 3213 645 3279 reduetus
666 3213 781 3278 luisset
802 3213 943 3295 populus
965 3211 1006 3277 ab
1028 3211 1144 3278 exsilio
1168 3211 1368 3296 babyloniae,
1420 3213 1536 3290 saneti,
1565 3221 1598 3277 81
1620 3220 1690 3279 1818
1711 3211 1849 3278 8888881
1878 3214 2004 3280 1811888
2030 3221 2182 3280 externa:
2214 3211 2398 3279 substantie

396 3299 458 3365 heo
480 3305 552 3365 erat
572 3317 640 3364 non
661 3297 773 3382 magni
797 3298 970 3362 momenti:
998 3296 1054 3363 sed
1077 3297 1217 3380 oportuit
1239 3298 1369 3382 piorum
1421 3307 1532 3365 88188
1553 3297 1667 3364 eadem
1690 3309 1811 3364 manet.
1855 3297 2085 3366 Substantiam
2106 3298 2258 3382 intelligo
2279 3297 2397 3366 doetri-

362 3425 366 3432 -
397 3386 525 3451 animos
554 3380 671 3450 888881
700 3403 803 3465 88888
827 3381 868 3447 88
891 3381 1073 3448 Christum.
1118 3382 1163 3447 Et
1183 3383 1256 3448 ideo
1278 3382 1368 3450 vide·
1421 3404 1508 3464 nam,
1539 3384 1618 3467 quia
1640 3382 1732 3449 Deus
1760 3385 1795 3449 iu
1822 3384 1993 3468 evangelio
2026 3384 2110 3450 nihil
2144 3385 2278 3468 profert,
2311 3383 2398 3467 quod

396 3490 469 3536 mua
492 3469 590 3536 81188
614 3468 801 3552 prophetas,
833 3469 890 3552 qui
912 3466 1016 3534 iuneti
1043 3473 1123 3532 eunt
1151 3488 1286 3534 munere
1312 3468 1369 3535 do·
1421 3469 1478 3537 lex
1499 3487 1568 3534 non
1596 3470 1771 3535 eontinoat.
1820 3469 1977 3537 Videmus
2007 3490 2085 3554 erge
2107 3470 2219 3538 Deum
2241 3470 2281 3535 ab
2303 3469 2399 3534 initio

395 3554 491 3621 uendi
520 3559 594 3636 post
623 3553 778 3632 reditum,
808 3552 844 3619 in
866 3552 928 3619 hoo
950 3553 1146 3633 iuoumbere,
1176 3561 1214 3617 nt
1236 3563 1370 3637 sperent
1422 3555 1470 3619 818
1491 3553 1663 3637 loquutum
1685 3575 1767 3631 8888,
1790 3575 1832 3622 88
1854 3554 2015 3640 syllabam
2038 3555 2168 3640 quidem
2191 3562 2306 3639 postea
2326 3575 2399 3620 mu·

396 3639 521 3724 aliquid
554 3638 672 3706 molius
705 3659 803 3721 quam
836 3647 1013 3722 appareat:
1054 3659 1158 3722 neque
1195 3645 1385 3724 propterea
1422 3639 1558 3718 raverit,
1595 3647 1755 3724 quantum
1791 3641 1909 3708 attinet
1944 3641 1986 3707 ud
2019 3640 2187 3708 doetrinae
2222 3661 2400 3707 summam.

396 3723 622 3808 despondeant
636 3723 770 3803 animos,
791 3721 877 3808 quod
894 3724 1027 3790 videant
1041 3745 1076 3790 se
1091 3744 1155 3789 uon
1172 3725 1236 3791 frui
1252 3725 1369 3808 quiete,
1423 3723 1624 3810 Complexus
1653 3735 1703 3792 eat
1731 3727 1876 3793 enimin
1899 3725 1972 3810 lege
2001 3725 2150 3810 regulam
2180 3725 2325 3810 periente
2348 3727 2399 3790 vi·

397 3819 432 3876 at
452 3810 560 3894 potius
582 3830 618 3875 se
640 3818 761 3876 traotoe
783 3809 884 3874 fuisse
906 3808 946 3873 ad
970 3809 1075 3875 88118
1100 3818 1133 3875 81
1154 3811 1270 3894 grevia
1301 3829 1370 3876 oer-
1424 3809 1538 3876 vendi:
1571 3809 1688 3876 deiude
1720 3812 1861 3878 ostendit
1889 3831 2051 3895 quaenam
2079 3819 2166 3878 esset
2188 3811 2311 3878 ,8818118
2334 3813 2398 3888 viu,

397 3896 523 3962 tamine
550 3917 647 3979 quam
673 3894 826 3961 liberatos
849 3915 868 3960 8
889 3894 1076 3979 tyrannide.
1120 3893 1252 3961 881888
1282 3898 1368 3962 8818
1422 3905 1455 3961 81
1483 3896 1544 3963 sub
1576 3895 1693 3981 figuris
1725 3898 1881 3981 populum
1914 3896 2048 3964 addunit
2076 3895 2118 3964 ad
2144 3897 2327 3974 Ohrietnm,
2362 3909 2400 3962 ut

396 3979 477 4066 quid
506 3979 620 4049 doeeat
641 3980 772 4067 Haggoi
799 3979 971 4045 defuturo
1000 3980 1130 4065 templo,
1163 3980 1242 4064 quid
1271 3983 1368 4048 etiam
1421 3981 1570 4048 remissio
1591 3990 1797 4066 pennatorum
1819 3983 1886 4048 11118
1908 3984 1995 4049 olere
2017 3991 2228 4062 monstretur,
2249 3991 2284 4048 et
2305 3982 2398 4065 qnid·

399 4067 591 4146 Zaoharias,
621 4065 699 4149 qnid
728 4066 862 4130 tandem
885 4064 1075 4132 Maluohies.
1118 4064 1165 4130 Et
1192 4065 1279 4132 idem
1308 4068 1370 4133 luit
1422 4067 1500 4151 quid
1521 4068 1655 4153 eognitu
1685 4070 1905 4135 neeessariam
1927 4077 1986 4136 est
2031 4067 2142 4151 Quum
2169 4069 2273 4154 igitur
2294 4088 2398 4134 evan·

400 4151 575 4219 eonsilium
607 4151 786 4234 prophetae
815 4161 926 4216 nostro
948 4171 1049 4234 quum
1071 4149 1110 4216 88
1132 4151 1259 4219 loedere
1286 4173 1371 4219 novo
1422 4153 1546 4238 galium
1575 4154 1660 4218 nihil
1689 4152 1851 4220 addiderit
1872 4153 1913 4220 ad
1935 4155 2051 4239 legem,
2084 4161 2245 4238 quantum
2278 4155 2399 4220 attinet

399 4237 555 4320 loquutus
574 4247 636 4302 est:
659 4244 697 4302 ut
713 4236 840 4303 seilieet
862 4235 974 4302 fideles
996 4246 1164 4319 postquam
1185 4239 1279 4320 potiti
1301 4259 1371 4305 rur·
1423 4237 1464 4304 ad
1481 4237 1697 4305 substantiam
1718 4237 1896 4322 doetrinae,
1919 4238 2118 4306 veniendum
2134 4249 2192 4318 est.
2215 4240 2398 4306 8188111118

401 4345 457 4389 sus
479 4331 589 4388 essent
610 4323 725 4405 patria,
754 4343 819 4391 non
841 4321 1065 4406 obstreperent
1086 4322 1165 4402 Deo,
1194 4323 1281 4405 quod
1305 4345 1370 4389 non
1422 4323 1502 4405 dixi,
1522 4322 1563 4387 88
1581 4325 1720 4389 formam
1741 4326 1856 4407 ipsam,
1879 4327 2033 4409 quoniam
2052 4324 2200 4391 nondum
2217 4325 2400 4407 patsiaetue

400 4407 562 4478 oouierret
590 4406 1054 4474 11188881118818118118188
1080 4427 1180 4490 quum
1208 4408 1371 4492 pollioitus
1423 4417 1493 4474 erat
1516 4407 1680 4486 Ohristua,
1714 4413 1876 4493 pereussit
1903 4412 1994 4477 Deus
2026 4411 2141 4478 188888
2173 4431 2306 4493 novum,
2341 4413 2399 4478 ubi

399 4495 516 4561 luerat.
546 4492 639 4559 Haeo
656 4491 799 4559 8888888
821 4493 905 4558 ratio
923 4492 986 4558 1811
1003 4513 1063 4560 our
1078 4492 1239 4576 propheta
1260 4505 1372 4579 ageret
1423 4493 1567 4560 sanoivit
1586 4515 1646 4579 per
1667 4493 1773 4560 lilium
1800 4517 1895 4562 suum
1925 4495 2082 4580 quidquid
2103 4495 2166 4564 sub
2187 4495 2260 4579 lage
2283 4497 2397 4565 adurn-

400 4580 441 4647 de
464 4599 551 4645 novo
573 4576 702 4644 foedere
724 4577 998 4661 quemadmodum
1021 4579 1118 4662 prins,
1142 4580 1189 4643 ita
1210 4601 1298 4646 nuno
1320 4602 1369 4647 re·
1423 4578 1555 4645 brutum
1576 4581 1693 4647 iuerat.
1736 4582 1821 4646 Nam
1844 4583 1996 4649 vintimae
2019 4602 2086 4649 non
2108 4591 2261 4666 poterant
2282 4605 2343 4668 per
2363 4607 2399 4651 se

401 4665 484 4750 petit
511 4667 656 4729 88118188
682 4683 748 4729 esse
773 4665 856 4747 8188,
885 4663 999 4747 quibas
1021 4665 1175 4747 permutat
1195 4663 1285 4732 Deus
1306 4671 1372 4732 1881
1423 4665 1552 4750 plaeere
1574 4665 1695 4749 Deum,
1724 4677 1761 4732 ut
1783 4667 1999 4734 8811888188
2021 4678 2080 4746 est,
2110 4667 2320 4752 8188188818
2344 4670 2399 4735 lex

400 4748 625 4832 8881888818,
652 4768 748 4830 guam
769 4749 1136 4832 88181888118888
1156 4770 1259 4816 saum.
1304 4751 1371 4816 De·
1423 4750 1603 4818 tradiderat
1626 4751 1665 4816 de
1688 4753 1930 4835 expiationibus
1952 4774 2011 4838 per
2033 4773 2069 4819 se
2090 4755 2207 4819 luisset
2227 4755 2347 4820 inutile
2365 4765 2399 4820 et

401 4835 582 4904 semanim
609 4833 729 4917 tribue,
762 4833 1031 4916 quemadmodum
1061 4836 1140 4900 satis
1167 4845 1282 4901 notum
1311 4845 1370 4914 est,
1423 4837 1545 4902 nullius
1574 4838 1740 4903 momenti.
1791 4837 1922 4904 Novum
1953 4859 2032 4924 ergo
2061 4838 2174 4904 foedus
2204 4859 2397 4922 peronesnm

401 4919 561 4988 abduotee
581 4920 713 4985 inerant
738 4940 837 5002 quum
860 4919 967 4986 adhue
988 4925 1088 4985 staret
1110 4941 1249 5004 regnum
1271 4921 1371 4987 Iebu·
1423 4932 1481 4999 est,
1509 4922 1567 4988 ubi
1589 4923 1745 4990 Ohristua
1766 4923 1801 4989 in
1824 4945 1908 5006 aqua
1930 4934 1964 4990 et
1985 4925 2146 5008 sauguine
2172 4928 2336 5008 apparuit,
2364 4937 2399 4991 et

402 5007 485 5072 dah:
515 5004 633 5071 deiude
655 5025 756 5088 quum
783 5003 1014 5071 dissessionem
1041 5005 1185 5071 fenerant
1206 5029 1227 5072 e
1247 5007 1372 5073 familia
1422 5007 1599 5090 oomplsvit
1621 5030 1656 5073 re
1678 5011 1749 5093 ipsa
1770 5009 1857 5092 quod
1881 5011 1971 5077 Deus
1999 5011 2062 5076 suh
2090 5010 2205 5093 figuris
2234 5023 2398 5077 monstre-

401 5091 550 5170 Devidis‚
572 5091 772 5156 transierant
788 5090 933 5172 quasiin
951 5091 1086 5157 alienam
1104 5101 1248 5175 gentem.
1278 5093 1371 5159 Deus
1422 5103 1525 5170 verat,
1548 5105 1586 5158 ut
1607 5093 1720 5161 fideles
1741 5102 1875 5179 gustum
1899 5096 2041 5178 aliquem
2065 5103 2221 5179 oaperaut
2243 5118 2323 5163 snae
2344 5118 2398 5162 sa-

401 5176 533 5259 quidem
555 5196 621 5242 nou
644 5175 768 5242 destitit
789 5176 863 5242 illos
884 5174 1089 5259 aliquatenus
1115 5197 1290 5262 agnoseere
1312 5199 1371 5260 pro
1421 5179 1508 5245 lutis.
1544 5178 1610 5246 Sed
1634 5201 1698 5246 nou
1720 5181 1801 5246 sotis
1822 5187 1894 5246 orat
1911 5181 2083 5248 Ohristum
2104 5181 2234 5248 venisse
2255 5183 2319 5249 nisi
2343 5183 2399 5249 ad-

402 5281 461 5328 sue
482 5260 617 5346 populo:
640 5259 697 5362 888
715 5269 875 5344 8888188
896 5261 1123 5362 iuipsiserat,
1146 5263 1371 5330 alienaverant
1421 5265 1536 5364 188818
1566 5266 1680 5332 1818881
1714 5267 1919 5351 regeneratio
1957 5287 2016 5350 per
2047 5267 2199 5350 spiritum
2232 5276 2397 5334 sanetum.

401 5367 438 5413 ee
466 5347 507 5412 ab
534 5345 678 5414 8881888.
730 5348 820 5415 Deus
853 5368 931 5431 ergo
963 5354 1124 5430 promittit
1157 5369 1270 5416 rursus
1302 5350 1370 5415 iore
1421 5349 1502 5416 Fuit
1522 5351 1627 5436 igitur
1648 5350 1728 5420 haeo
1749 5373 1877 5436 quoque
1899 5350 2009 5436 aliqua
2028 5354 2167 5430 novitas,
2196 5353 2282 5436 quod
2303 5354 2398 5420 Deus
