5118 6136
376 427 438 492 607
1186 418 1573 488 Paautuoulortus
2318 421 2385 485 608

375 612 548 696 compellat
580 611 675 674 initio
702 628 867 672 summum
901 605 1118 683 sacerdotem,
1152 606 1208 671 sed
1239 616 1353 689 postea
1405 609 1501 676 bebat
1535 609 1600 692 peti
1634 607 1783 675 doctrina
1817 630 1860 672 ex
1890 628 2002 673 eorum
2036 628 2099 672 ore.
2151 607 2254 689 Atqui
2286 617 2385 670 erant

374 699 472 766 simul
506 694 752 779 comprehendit
786 693 884 756 etiam
916 691 1012 757 alios:
1047 696 1082 756 ul
1109 693 1183 758 sitis
1215 693 1353 758 custodes
1404 714 1500 760 canes
1531 695 1629 759 muti:
1660 695 1726 758 imo
1755 695 1802 759 sio
1831 694 2044 772 desciverant,
2073 702 2111 759 ut
2132 692 2216 755 nihil
2246 711 2385 775 prorsus

375 787 488 852 mus
510 782 580 864 Dei,
605 781 655 844 uel
675 793 711 845 ut
729 780 802 844 sitis
823 777 986 860 praelecti.
1024 778 1096 842 Etsi
1116 781 1204 842 enim
1223 797 1353 843 summa
1404 789 1491 844 esset
1512 781 1545 843 in
1569 779 1648 860 ipsis
1672 777 1888 846 sacerdotale:
1922 778 2014 843 obliti
2045 785 2140 843 erant
2168 777 2259 860 legis,
2290 777 2385 840 nulla

375 882 519 956 potestas
541 877 611 934 erat
633 887 734 949 penes
763 885 866 930 unum
895 863 1111 940 sacerdotem,
1142 863 1220 945 quia
1242 873 1351 928 tamen
1404 864 1491 945 apud
1514 886 1570 930 eos
1588 865 1722 948 vigebat
1740 864 1865 946 religio.
1891 863 2013 944 'Quum
2035 885 2112 948 ergo
2135 863 2197 944 ipsi
2216 874 2384 926 cessarent

376 979 441 1022 non
465 965 592 1037 poterat
616 973 700 1016 nnus
722 951 832 1016 subire
853 951 964 1013 omnia
985 970 1098 1024 onera,
1130 969 1262 1014 neeesse
1291 949 1352 1013 luit
1405 951 1438 1014 in
1466 950 1589 1034 officio,
1623 970 1754 1015 neeesse
1788 950 1850 1014 luit
1880 951 2053 1014 admittere
2082 949 2163 1014 alios
2193 949 2382 1030 prophetas.

377 1041 458 1108 alios
480 1042 578 1104 eriam
602 1037 783 1104 coniunctis
805 1035 923 1101 studiis
953 1038 1060 1116 ipsum
1090 1035 1216 1099 iuvare.
1260 1033 1352 1100 Haec
1406 1037 1449 1100 lit
1471 1036 1746 1118 quemadmodum
1770 1036 1848 1100 alibi
1870 1035 2024 1114 diximus,
2047 1035 2107 1098 fuit
2130 1034 2210 1098 illud
2234 1033 2383 1098 acciden-

376 1129 460 1192 ratio
482 1132 534 1190 est
556 1145 615 1189 cur
637 1121 791 1187 Semaiah
819 1141 884 1184 non
914 1131 1042 1186 tentum
1074 1119 1157 1184 dicut
1186 1140 1351 1184 summum
1405 1122 1479 1198 tale,
1513 1133 1551 1185 ut
1575 1121 1666 1185 Dens
1689 1121 1809 1204 passim
1843 1123 2002 1186 excitaret
2031 1120 2249 1204 prophetase
2272 1119 2384 1184 media

377 1212 575 1280 sacerdotem
600 1210 798 1291 praelectum
821 1207 920 1271 fuisse
944 1205 1066 1288 templo
1092 1207 1161 1284 Dei,
1184 1207 1240 1270 sed
1263 1217 1352 1287 post-
1405 1207 1506 1289 plebe.
1552 1204 1708 1288 Oportuit
1737 1207 1867 1290 quidem
1898 1227 2026 1289 semper
2048 1227 2119 1271 esse
2142 1205 2319 1288 propbetas
2347 1207 2383 1269 in

377 1319 473 1382 quam
504 1296 623 1362 locavit
650 1315 724 1358 eum
747 1294 781 1356 in
805 1312 958 1374 supremo
982 1291 1094 1374 gradu,
1126 1292 1224 1356 simul
1253 1290 1353 1355 addat
1405 1295 1507 1358 veteri
1530 1291 1680 1358 ecclesia:
1703 1293 1758 1356 sad
1781 1291 1871 1358 Deus
1894 1293 2088 1375 sumpsisset
2109 1311 2161 1356 eos
2182 1312 2223 1356 ex
2241 1291 2383 1368 Levitis,

377 1385 489 1451 socios.
541 1382 630 1446 Dicit
657 1381 808 1445 occasus
836 1399 956 1443 omnem
985 1378 1106 1443 cirum:
1135 1391 1222 1453 vitm
1252 1378 1353 1441 vertit
1405 1379 1468 1444 nisi
1490 1376 1640 1444 consulto
1660 1378 1759 1442 vellet
1776 1400 1831 1443 eos
1847 1379 1985 1442 infamia
2005 1376 2162 1442 damnare
2182 1395 2289 1442 coram
2311 1385 2381 1440 toto

378 1470 603 1552 Hieronymus
625 1466 848 1548 arreptitium,
877 1471 911 1528 et
935 1485 999 1528 non
1023 1463 1107 1527 male
1131 1461 1352 1528 meoiudicio.
1404 1465 1535 1548 populo,
1568 1485 1668 1546 quum
1696 1464 1784 1547 ipsos
1813 1484 1939 1545 quoqne
1970 1463 2123 1528 bubulcos
2152 1472 2278 1527 crearet
2307 1483 2382 1544 pro·

379 1557 516 1636 Proprie
545 1566 635 1630 11th
663 1553 826 1634 signifieat
855 1551 1025 1614 insanum:
1057 1547 1113 1613 sad
1145 1550 1204 1614 hoe
1234 1569 1352 1612 nomen
1405 1550 1535 1633 phetas,
1565 1548 1840 1630 quemadmodum
1873 1548 2015 1614 vidimus
2046 1549 2085 1611 de
2111 1551 2222 1613 Amos.
2267 1546 2382 1627 Quum

379 1640 567 1723 impositum
598 1638 659 1702 luit
687 1637 777 1700 lalsis
808 1635 1002 1717 doctoribus,
1036 1636 1090 1716 qui
1123 1635 1289 1700 lactabant
1318 1655 1353 1698 se
1405 1657 1482 1718 ergo
1505 1637 1590 1717 passi
1614 1649 1723 1699 essent
1744 1634 1929 1700 sacerdotes
1956 1634 2124 1699 transferri
2154 1633 2382 1715 propheticum

379 1748 451 1792 esse
474 1726 566 1808 quasi
589 1724 820 1796 enthusiastas,
845 1721 905 1787 hoo
922 1733 982 1798 est,
1006 1719 1118 1785 divina
1139 1720 1353 1803 inspiratione
1406 1742 1526 1786 munus
1545 1722 1584 1785 ad
1604 1721 1684 1785 elios
1704 1720 1866 1804 vulgares,
1890 1720 2073 1803 excogitata
2093 1720 2154 1784 fuit
2177 1739 2262 1782 nova
2285 1719 2383 1794 ratio,

378 1822 553 1894 correptos,
585 1819 625 1875 ut
658 1829 724 1872 non
758 1806 971 1889 loquerentur
1003 1828 1046 1870 ex
1079 1808 1209 1888 proprio
1243 1826 1350 1870 sensu.
1405 1828 1446 1870 ne
1468 1807 1500 1870 id
1524 1808 1627 1870 tieret·
1646 1826 1719 1871 cnm
1754 1809 1899 1889 ipsorum
1932 1807 2070 1871 iactura:
2105 1803 2382 1888 quemadmodum

377 1899 451 1964 Hoc
473 1905 608 1979 apparet
628 1916 671 1958 ex
689 1915 774 1958 nono
795 1895 901 1975 capite
918 1892 1050 1957 Hoseae
1072 1891 1117 1977 (v.
1131 1891 1173 1976 t),
1196 1892 1251 1957 ubi
1275 1890 1353 1954 dicit
1403 1893 1439 1957 in
1463 1902 1582 1975 papatu
1605 1892 1725 1957 seimus
1753 1895 1920 1974 episcopos
1943 1912 2009 1955 uon
2032 1890 2096 1955 alia
2124 1891 2251 1955 ratione
2279 1891 2383 1954 inisse

377 1983 535 2067 populum
569 1979 700 2045 tandem
735 1981 925 2063 agniturum
959 1977 1152 2060 prophetas,
1187 1979 1241 2060 qni
1273 1978 1352 2058 ipsis
1404 1979 1583 2061 praefectos
1606 1977 1770 2053 ecelesiae,
1799 1977 1861 2042 nisi
1885 1985 1922 2040 ut
1943 1988 2053 2041 essent
2081 1989 2227 2058 pastores
2250 1987 2284 2039 et
2306 1975 2382 2039 doe-

378 2069 516 2134 blanditi
544 2067 690 2141 fuerant,
724 2065 822 2130 inisse
853 2085 1004 2142 vesanos,
1038 2075 1071 2127 et
1099 2065 1187 2128 viros
1219 2061 1353 2146 spiritus
1405 2077 1502 2129 tores.
1547 2061 1635 2142 Quid
1658 2073 1768 2127 autem
1791 2071 1943 2144 poterant
1965 2063 2051 2126 esini
2072 2062 2128 2138 illi,
2154 2081 2235 2143 quos
2257 2062 2382 2126 scimus

377 2156 477 2220 fuisse
510 2161 667 2217 amentes.
722 2150 879 2216 Ooncedit
912 2148 979 2214 illis
1012 2161 1185 2231 utrumqne
1221 2169 1352 2224 nornen,
1405 2149 1644 2232 utplurimum
1667 2168 1893 2230 essoprorsus
1916 2158 2068 2229 expertes
2096 2149 2204 2212 omnis
2235 2146 2381 2211 liberulis

378 2239 464 2323 qnod
497 2239 619 2303 fuerint
652 2237 830 2319 prophetae
861 2251 893 2300 et
923 2235 984 2301 viri
1018 2236 1168 2318 spiritus,
1201 2231 1264 2300 hoc
1292 2242 1352 2311 est,
1406 2233 1594 2300 doetrinae?
1630 2233 1720 2314 Quid
1750 2234 1903 2300 fecissent
1932 2235 2031 2299 etiam
2062 2234 2212 2298 homines
2238 2232 2380 2314 profani,

378 2324 580 2408 spirituales:
615 2323 671 2388 eod
698 2322 901 2386 demonstrat
934 2320 1160 2385 fuisse'titulo
1183 2328 1279 2384 mnus
1301 2338 1352 2384 so·
1405 2331 1439 2386 et
1471 2320 1591 2386 addicti
1624 2320 1693 2384 suis
1725 2319 1846 2384 delitiis
1880 2327 1913 2384 et
1949 2318 2195 2401 voluptatibus?
2237 2318 2381 2399 denique

378 2412 464 2488 lum,
496 2431 561 2474 non
595 2423 705 2473 antem
736 2428 771 2472 re
801 2407 881 2490 ipsa.
925 2407 1011 2471 Nam
1045 2406 1222 2489 prophetae
1246 2405 1353 2470 vocati
1405 2406 1483 2490 qnid
1506 2406 1658 2470 fecissent
1677 2417 1708 2468 et
1725 2406 1884 2470 aleatores
1904 2415 1936 2470 et
1951 2405 2095 2481 lenones,
2120 2415 2157 2469 ut
2174 2425 2287 2468 omnes
2310 2403 2381 2468 lere

378 2507 455 2561 sunt
478 2496 539 2559 viri
562 2495 706 2577 spiritus,
728 2494 805 2575 quia
827 2493 918 2557 Deus
941 2493 1074 2557 afflabat
1095 2493 1183 2573 ipsos
1205 2512 1264 2556 suo
1286 2491 1352 2572 spi·
1405 2502 1483 2558 sunt
1505 2491 1636 2574 papales
1660 2490 1825 2574 episcopi?
1849 2491 1939 2575 Ergo
1962 2511 2093 2556 necesse
2115 2491 2178 2553 init
2200 2488 2380 2555 concedere

379 2583 455 2646 ritu.
491 2581 559 2645 lam
582 2580 685 2660 impii,
707 2599 807 2660 quum
827 2578 936 2642 odiose
953 2576 1079 2642 vellent
1101 2597 1238 2659 gravare
1258 2597 1352 2640 veros
1404 2576 1527 2643 rabulis
1548 2589 1582 2642 et
1602 2576 1770 2641 monacbis
1794 2577 1853 2640 bae
1875 2587 1996 2660 partes,
2018 2576 2089 2641 Vos
2111 2574 2279 2641 docebitis:
2304 2577 2383 2656 quia

378 2666 573 2751 prophetas,
613 2662 773 2729 vocabunt
806 2663 904 2728 etiam
938 2663 1133 2745 arreptitios.
1187 2663 1272 2726 Nam
1306 2661 1353 2725 ita
1405 2673 1579 2746 suggestus
1609 2661 1701 2726 vobis
1734 2662 1949 2745 resignamus.
1994 2660 2061 2728 Sed
2092 2661 2302 2727 retinuerunt
2331 2662 2382 2724 in·

378 2753 559 2835 loquuntur
582 2750 638 2832 qui
660 2756 756 2815 erant
774 2769 848 2814 oum
866 2748 960 2826 Iebu,
983 2748 1061 2813 dum
1081 2749 1171 2812 venit
1193 2747 1354 2830 propbeta
1405 2759 1494 2813 terea
1527 2747 1590 2813 sibi
1623 2747 1798 2812 iudicium:
1836 2748 1865 2812 si
1897 2767 1961 2830 qua
1993 2748 2214 2813 controversia
2246 2744 2383 2810 suborta

378 2839 419 2904 ad
442 2839 549 2919 ipsum
572 2834 776 2919 ungendum,
808 2833 897 2914 Quid
925 2835 986 2898 sibi
1010 2834 1080 2898 vult
1102 2853 1244 2898 vesanus
1266 2832 1351 2898 ieta?
1403 2843 1499 2911 esset,
1523 2854 1586 2898 non
1606 2840 1757 2918 poterant
1779 2831 1908 2915 quidem
1932 2832 1985 2898 vel
2008 2831 2143 2898 rabulae
2166 2832 2213 2896 illi
2237 2833 2295 2914 qui
2317 2828 2384 2896 cla·

378 2925 477 2990 etiam
499 2923 632 3004 ponitur
653 2921 715 2987 hoc
737 2942 855 2984 nomen
877 2933 982 2996 ttvb:
1004 2930 1038 2985 et
1058 2921 1211 3003 probrose
1233 2929 1353 2984 vocant
1405 2921 1573 2998 mitabant,
1605 2919 1656 2982 vel
1684 2927 1795 2982 mutae
1826 2918 1949 2984 bestiae
1976 2939 2036 3002 per
2057 2939 2092 2982 se
2121 2917 2274 2994 indicare,
2305 2919 2383 2999 quia

378 3009 594 3091 arreptitium,
628 3008 684 3089 qui
708 3017 816 3071 tamen
846 3026 965 3072 arcano
998 3007 1132 3088 spiritus
1163 3006 1276 3069 afflatu
1306 3005 1352 3070 lo·
1405 3005 1525 3071 alteros
1546 3003 1744 3087 impediebat
1766 3004 1904 3080 inscitia,
1935 3004 2047 3070 alteris
2078 3014 2198 3087 negata
2225 3015 2296 3066 erat
2322 3022 2382 3083 po·

379 3107 499 3177 qnutus
530 3094 645 3157 iuerat.
690 3092 757 3156 Sed
785 3092 833 3156 ita
859 3091 951 3173 impii
974 3094 1105 3173 rapiunt
1128 3089 1170 3156 ad
1190 3089 1253 3155 Dei
1276 3111 1352 3155 oon·
1405 3101 1515 3157 testas.
1561 3089 1732 3171 Quomodo
1761 3101 1871 3154 autem
1900 3091 2042 3172 episcopi
2073 3088 2274 3155 damnarunt
2301 3086 2382 3151 olim

378 3189 539 3258 temptum
574 3177 730 3259 quidquid
767 3178 928 3260 reperitur
960 3179 996 3241 in
1029 3178 1200 3259 scriptura.
1255 3176 1352 3256 Nam,
1407 3175 1607 3242 haereticos?
1630 3175 1788 3241 etadhue
1811 3174 1908 3240 bodie
1926 3175 2104 3241 damnant?
2129 3195 2245 3257 nempe
2264 3173 2383 3254 siquis

379 3265 475 3330 sicuti
499 3262 618 3328 dictum
638 3273 699 3341 est,
722 3281 852 3327 neeesse
874 3263 934 3326 fuit
953 3260 1136 3327 discernere
1153 3263 1240 3325 inter
1258 3281 1354 3327 veros
1406 3262 1675 3337 erathrmelita,
1695 3260 1895 3327 advocarunt
1908 3261 2144 3326 Franciseanos
2160 3262 2194 3324 in
2210 3257 2382 3324 indicium:

379 3349 444 3413 Dei
466 3367 578 3414 servos
599 3354 632 3412 et
650 3346 812 3412 titulares:
836 3367 939 3429 quum
959 3346 1054 3410 multi
1077 3348 1296 3430 gloriarentur
1319 3367 1353 3411 se
1406 3349 1525 3430 siquis
1547 3361 1617 3412 erat
1639 3347 1907 3429 augustinianus,
1932 3347 2038 3412 vocati
2059 3357 2137 3411 sunt
2159 3345 2382 3410 Dominieani.

379 3455 451 3500 esse
481 3455 502 3497 a
527 3433 600 3496 Deo
630 3443 769 3506 vocatos,
804 3442 836 3497 et
865 3444 974 3496 tamen
1008 3433 1202 3516 impostores
1235 3441 1352 3498 essent.
1407 3435 1502 3510 Nam,
1525 3432 1798 3516 quemadmodum
1818 3433 1885 3497 iam
1905 3432 1982 3511 dixi,
2006 3432 2088 3496 nibil
2106 3432 2168 3496 luit
2185 3432 2238 3497 vel
2257 3430 2384 3514 ingenii

380 3521 472 3585 Deus
494 3538 573 3602 ergo
596 3519 725 3583 vocavit
746 3518 820 3583 illos
842 3538 981 3584 vesanos
998 3529 1032 3582 et
1050 3517 1247 3601 arreptitios.
1281 3517 1353 3582 Iam
1407 3521 1458 3584 vel
1483 3520 1673 3600 prudentiae
1702 3518 1824 3584 inillis
1852 3519 1973 3583 bestiis.
2021 3517 2087 3584 Sed
2116 3527 2225 3581 tamen
2254 3528 2384 3580 retenta

380 3605 457 3687 quid
485 3601 598 3685 impii?
629 3604 834 3667 transferunt
863 3603 925 3667 hoo
954 3606 1110 3686 probrum
1133 3604 1167 3667 in
1191 3603 1354 3686 legitimos
1407 3605 1469 3669 luit
1492 3604 1650 3688 quaedam
1669 3606 1823 3669 maiestas
1841 3625 1941 3688 penes
1959 3605 2136 3686 episcopos,
2160 3604 2211 3668 vel
2230 3602 2383 3678 vicarios,

379 3690 443 3755 Dei
465 3709 588 3754 servos.
632 3687 706 3753 Hoo
728 3699 839 3753 autem
862 3689 931 3753 loeo
953 3689 1074 3754 iterum
1098 3687 1255 3754 Semaiah
1278 3688 1355 3754 dicit
1407 3691 1463 3772 qui
1482 3692 1668 3772 proterrent
1686 3690 1882 3754 sententiam
1901 3690 2081 3754 haereticos
2100 3686 2294 3752 damnando.
2328 3687 2385 3751 Ita

379 3774 553 3839 Ieremiam
583 3795 654 3839 esse
683 3775 900 3855 arreptitium,
931 3775 986 3856 qui
1010 3775 1091 3840 salso
1113 3773 1270 3839 obtendet
1292 3773 1355 3838 Dei
1408 3777 1507 3840 etiam
1531 3775 1697 3858 probabile
1720 3775 1911 3840 estfactum
1936 3775 2093 3840 fnissein
2115 3775 2221 3838 veteri
2251 3773 2384 3856 populo,

380 3881 509 3938 nomen,
540 3871 573 3923 et
594 3861 648 3941 qui
673 3859 845 3941 prophetet
866 3859 1076 3926 mendaciter.
1120 3859 1292 3942 Adiungit,
1321 3865 1356 3924 ul
1408 3882 1525 3944 nempe
1547 3863 1721 3927 accersitos
1743 3860 1843 3926 fuisse
1865 3860 1993 3943 eosqui
2011 3881 2133 3926 munus
2157 3858 2386 3941 propheticum

374 3965 481 4027 ponus
503 3965 572 4010 ema
591 3946 627 4009 in
643 3965 804 4027 memora,
827 3943 861 4007 id
880 3956 939 4026 est,
960 3946 1112 4010 coniicias
1129 3947 1164 4010 iu
1183 3965 1355 4024 carcerem,
1408 3944 1639 4024 obtenderent,
1681 3945 1779 4028 idque
1820 3947 1996 4012 autoritate
2035 3946 2157 4010 summi
2196 3943 2385 4023 sacerdotis,

380 4032 432 4096 vel
452 4031 593 4113 cippum,
616 4040 654 4096 ut
671 4030 726 4094 alii
745 4039 898 4094 vertunt:
921 4041 1041 4113 postea,
1063 4032 1100 4096 in
1119 4031 1271 4113 manuus,
1294 4030 1357 4095 hoc
1407 4042 1580 4115 praetextu
1604 4033 1694 4116 legis,
1717 4030 1774 4096 sed
1797 4053 1863 4098 non
1885 4033 1956 4097 sine
1978 4031 2088 4114 aliqua
2110 4031 2291 4095 adventitia
2313 4051 2385 4095 eor·

381 4128 441 4194 est,
473 4127 510 4180 ut
533 4136 607 4180 eum
630 4115 849 4199 constringas,
879 4115 982 4180 donec
1004 4115 1102 4179 luerit
1124 4117 1293 4198 cognitum
1316 4116 1355 4182 de
1408 4119 1570 4202 ruptione,
1601 4121 1678 4201 quia
1705 4119 1827 4183 scilieet
1849 4138 1954 4199 neque
1975 4116 2156 4198 compedes,
2187 4136 2293 4198 neque
2316 4136 2390 4181 ma·

380 4203 450 4266 eius
467 4200 647 4283 impietate,
667 4211 704 4264 ut
721 4206 757 4264 tu
776 4221 851 4266 enm
870 4202 904 4264 in
920 4221 1049 4266 carcere
1067 4200 1224 4266 detineas.
1252 4202 1355 4266 Porro
1408 4205 1499 4269 nicae
1532 4205 1626 4268 Deus
1659 4204 1818 4269 tribuerat
1851 4203 2088 4277 sacerdotibus,
2124 4213 2162 4266 ut
2193 4202 2255 4266 hoc
2289 4201 2389 4266 modo

380 4286 536 4352 credibile
566 4297 616 4350 est
644 4306 790 4351 summos
820 4284 1004 4351 sacerdotes
1034 4285 1093 4350 boc
1123 4285 1355 4351 iurisdictionis
1409 4296 1664 4370 compescerent,
1699 4290 1727 4353 si
1760 4289 1814 4370 qui
1848 4290 2020 4355 turbarent
2053 4285 2104 4352 vel
2138 4298 2392 4370 corrumperent

381 4370 442 4436 eibi
473 4373 651 4452 sumpsisse
680 4372 714 4434 in
745 4372 844 4436 rebus
873 4373 1026 4436 confusis.
1071 4369 1163 4434 Haec
1194 4374 1357 4435 sententia
1408 4393 1525 4453 puram
1559 4372 1752 4439 doctrinam.
1808 4373 1876 4438 Sed
1908 4395 1991 4457 quae
2024 4383 2200 4457 supersunt
2234 4373 2390 4438 differam

381 4454 516 4538 quidem
549 4455 647 4521 ducta
679 4465 729 4522 est
762 4477 781 4520 a
811 4455 896 4520 bono
929 4455 1096 4538 principio.
1148 4455 1233 4519 Nam
1264 4455 1357 4520 Deus
1409 4460 1442 4521 in
1467 4459 1651 4540 proximam
1672 4459 1854 4525 lectionem.

380 4563 510 4625 semper
534 4541 637 4605 voluit
665 4542 750 4606 bono
778 4542 892 4606 ordine
922 4541 1100 4623 gubernari
1130 4560 1225 4605 suam
1255 4541 1356 4606 eccle·

380 4629 479 4694 siam:
504 4627 575 4692 ideo
599 4629 762 4710 praecepit
783 4627 819 4690 in
842 4627 915 4709 lege
937 4625 1049 4710 (Dent.
1065 4626 1113 4705 lt,
1126 4625 1168 4710 8),
1192 4637 1228 4688 ut
1245 4627 1274 4691 ei
1293 4645 1357 4708 qua
1494 4628 1646 4696 Vidimus
1669 4631 1819 4712 proxima
1839 4629 1977 4696 lectione
1999 4649 2163 4694 summam
2186 4629 2286 4694 huius
2304 4629 2393 4711 epie-

380 4724 497 4778 exorta
527 4722 613 4778 esset
643 4712 832 4794 disputatio,
863 4711 915 4776 vel
945 4712 1109 4794 quaestio,
1142 4721 1180 4776 ut
1209 4731 1356 4777 summus
1409 4713 1494 4778 tolae
1516 4735 1615 4798 quam
1638 4717 1814 4797 scripserat
1836 4716 1992 4782 Semaiah
2018 4713 2060 4779 ad
2082 4736 2249 4780 summum
2277 4735 2391 4780 saeer-

381 4798 531 4865 saoerdos
565 4807 651 4864 esset
683 4798 796 4862 iudex:
835 4797 892 4862 sed
926 4819 1025 4879 quum
1058 4797 1112 4862 bic
1144 4797 1185 4860 fit
1218 4799 1356 4862 carceris
1409 4799 1527 4864 dotem.
1577 4801 1852 4883 Reprehendebat
1881 4802 1951 4866 eius
1981 4801 2169 4885 segnitiem,
2199 4800 2288 4883 quod
2317 4821 2393 4865 non

380 4890 513 4960 mentio,
534 4892 567 4949 et
584 4884 795 4961 manicarum,
815 4893 902 4948 certe
920 4883 1002 4947 illud
1022 4892 1071 4948 est
1089 4891 1219 4964 praeter
1238 4882 1355 4964 legem:
1408 4891 1628 4969 compesceret
1657 4887 1831 4952 Ieremiam
1865 4908 1925 4968 pro
1956 4887 2030 4952 iure
2060 4897 2094 4952 et
2126 4886 2252 4951 ratione
2284 4885 2393 4952 officii

380 4970 454 5036 ideo
478 4972 558 5034 mihi
581 4969 736 5036 credibile
758 4977 810 5033 est
828 4969 927 5033 luisse
946 4969 1007 5033 hoo
1025 4967 1173 5032 additum
1191 4966 1233 5030 ad
1252 4968 1356 5051 legem
1408 4972 1467 5035 sui.
1514 4970 1639 5036 Habuit
1668 4971 1729 5037 hoo
1758 4973 1881 5056 aliquid
1911 4972 2037 5051 coloris,
2070 4972 2128 5037 sed
2161 4972 2281 5037 falsum
2316 4984 2395 5037 erat

381 5056 455 5135 Dei,
485 5077 583 5139 quum
612 5077 663 5121 res
691 5065 801 5120 essent
831 5054 989 5130 turbatae,
1012 5063 1046 5118 et
1067 5063 1174 5118 status
1196 5059 1283 5118 esset
1305 5054 1356 5117 in·
1409 5056 1606 5138 principium
1636 5056 1723 5139 qnod
1754 5060 1912 5138 sumebat,
1947 5078 2064 5140 nempe
2086 5058 2262 5123 Ieremiam
2291 5078 2394 5140 prae-

381 5144 580 5223 compositus
603 5139 690 5224 apud
709 5139 855 5205 Iudaeos.
890 5139 987 5204 Unde
1009 5149 1119 5202 autem
1142 5138 1188 5202 ori
1214 5159 1233 5201 o
1256 5137 1355 5201 mali?
1410 5151 1521 5204 texere
1544 5139 1608 5206 Dei
1631 5164 1760 5223 nomen,
1790 5165 1888 5226 quum
1920 5155 2031 5209 tamen
2056 5163 2122 5208 non
2145 5154 2232 5208 esset
2254 5145 2394 5220 missus,

380 5247 502 5310 nempe
524 5249 566 5293 ex
587 5227 716 5292 inscitia
737 5238 769 5290 et
790 5224 913 5290 desidia
935 5224 1148 5289 sacerdotum.
1218 5221 1358 5288 ebebant
1410 5246 1517 5308 neque
1548 5227 1681 5292 baberet
1710 5227 1899 5294 mandatum
1931 5229 2162 5312 prophetandi:
2198 5229 2273 5307 hoc,
2303 5232 2396 5295 sicut

380 5332 452 5378 esse
474 5313 583 5396 angeli
607 5313 669 5377 Dei
691 5313 903 5389 exercituum,
933 5309 1034 5392 Legis
1057 5309 1269 5391 interpretes,
1301 5309 1356 5372 de·
1410 5311 1489 5390 dixi,
1512 5311 1629 5376 falsum
1653 5325 1732 5378 erat.
1777 5315 1868 5398 Ergo
1889 5319 2005 5380 meritc
2027 5334 2114 5380 nunc
2139 5325 2256 5380 contra
2277 5316 2395 5399 ipsum
