5134 6124
227 390 286 490 tet
931 391 980 457 IN
1002 393 1250 461 lunnnssntt.
1295 393 1393 462 OAP.
1416 393 1515 460 XIII.
2158 397 2224 463 162

226 597 321 662 qnam
344 577 453 661 inique
475 589 644 662 aooeptum
669 580 777 646 inerit.
816 579 946 646 Soimue
968 581 1054 647 enim
1077 580 1195 664 quibus
1246 602 1317 648 sese
1347 581 1434 648 nitro
1462 591 1495 646 et
1523 583 1605 650 nitro
1627 580 1774 665 perdent,
1804 585 1895 667 quasi
1917 595 2028 649 essent
2051 583 2158 650 devoti
2181 587 2218 650 in

226 665 339 748 elogiis
371 677 519 731 ornasset
549 665 638 733 Deus
672 685 809 748 regnum
834 667 981 733 Davidis.
1026 665 1123 747 Quod
1153 666 1193 731 ad
1247 679 1393 733 mutuam
1423 667 1608 750 perniniem.
1654 667 1785 734 Soiruus
1815 669 1913 734 luisse
1939 673 2038 736 etiam
2062 670 2218 752 gloriatos

226 749 439 816 saoerdotinm
478 759 618 833 speotnt,
658 751 776 817 seimus
813 753 911 816 etiarn
944 753 1043 819 luisse
1077 761 1194 836 typum
1245 773 1304 819 sua
1326 752 1553 820 multitudine:
1578 754 1667 835 atqui
1690 752 1834 820 ostendit
1855 755 2016 838 prophete
2037 756 2118 820 adeo
2134 755 2218 822 nihil

227 836 367 904 Christi:
398 834 513 900 deinde
543 845 644 902 totam
673 836 792 904 trIbum
822 836 985 904 levitioam
1017 837 1117 903 inisse
1143 856 1194 903 aa·
1247 839 1315 904 iore
1338 838 1491 921 praesidii
1510 840 1544 904 in
1568 839 1680 905 multia
1703 839 1813 920 oopiis,
1837 851 1870 904 et
1886 841 1920 905 in
1937 860 2058 926 magno
2080 861 2218 908 numero

228 942 313 988 eram
342 920 423 988 Deo.
476 921 565 986 uteri
598 942 675 1004 ergo
704 941 767 986 non
797 923 903 1007 potuit
931 923 1010 1006 quin
1038 921 1196 988 Ieremias
1247 925 1428 1006 hominum,
1452 937 1489 988 ut
1512 925 1592 990 haee
1615 925 1724 1007 potins
1742 925 1853 990 lutura
1869 927 1914 992 sit
1931 946 2029 992 eausa
2050 926 2216 992 interitus:

97 1027 100 1036 ’
228 1006 324 1074 valde
362 1009 607 1089 exasperaverit
646 1008 791 1074 omnium
829 1009 972 1084 animos,
1010 1028 1112 1091 quum
1150 1010 1196 1074 ita
1247 1011 1322 1093 quia
1351 1009 1475 1075 soilieet
1495 1008 1660 1076 Dominus
1688 1009 1761 1075 illos
1783 1011 1979 1088 exoaeoabit,
2014 1021 2051 1076 ut
2071 1013 2160 1077 Inter
2183 1033 2219 1078 ae

227 1093 435 1160 minitaretur
467 1103 533 1156 tam
562 1091 691 1176 regibus
719 1114 816 1175 quam
847 1094 1076 1160 saoerdotibns.
1128 1092 1196 1158 Sed
1247 1095 1436 1178 oonfligant,
1477 1109 1510 1160 et
1546 1095 1594 1160 ita
1626 1107 1760 1178 pereant
1793 1096 1913 1178 absque
1945 1106 2082 1162 externo
2116 1096 2217 1164 hoste.

228 1179 306 1244 hino
333 1178 514 1261 oolligimus
543 1177 625 1245 nihil
654 1199 725 1244 esse
747 1177 781 1243 in
805 1192 893 1244 terra
923 1189 991 1245 tam
1020 1178 1196 1262 exealsum,
1249 1181 1368 1246 Postea
1389 1181 1527 1256 subiinit,
1552 1177 1626 1246 Nou
1641 1199 1782 1261 pureum,
1804 1201 1865 1247 unu
1881 1202 2024 1264 pureum,
2046 1203 2108 1248 ιιοιι
2129 1183 2219 1248 mite·

229 1264 281 1329 vel
301 1262 441 1338 illustre,
471 1261 556 1346 quod
580 1284 643 1328 non
668 1263 782 1328 debeat
802 1264 876 1348 oogi
897 1265 931 1330 in
954 1264 1111 1345 ordinem,
1141 1263 1197 1330 ubi
1247 1265 1344 1331 rebor.
1392 1266 1503 1331 'I'srtio
1533 1268 1651 1346 repetit
1679 1277 1724 1332 se·
1744 1287 1808 1332 uon
1837 1266 1906 1332 fore
1934 1267 2000 1333 illis
2028 1269 2216 1352 propitium.

228 1349 403 1416 asserenda
439 1360 488 1414 est
524 1349 586 1413 Dei
624 1356 768 1430 potestas
803 1361 836 1414 et
874 1349 994 1434 gloria,
1035 1363 1067 1416 et
1099 1348 1197 1414 simul
1249 1351 1340 1418 Satis
1380 1350 1493 1416 fuisset
1526 1351 1588 1416 hoo
1624 1351 1725 1416 semel
1758 1350 1877 1430 disere,
1917 1351 1945 1418 si
1980 1361 2072 1418 tanta
2103 1353 2220 1418 fuisset

228 1435 386 1501 autoritas
415 1435 580 1500 doetrinae
605 1433 762 1502 eoelestis.
813 1433 953 1518 Oportet
972 1435 1083 1520 ¹igitur
1106 1433 1197 1518 quid·
1248 1435 1396 1503 dooilitaa
1417 1447 1452 1501 et
1472 1435 1621 1518 attentio,
1645 1446 1680 1500 ut
1703 1437 1827 1502 animos
1849 1437 2032 1522 arrigerent
2050 1437 2092 1504 ad
2111 1441 2219 1505 minas

229 1519 307 1604 quid
337 1531 386 1584 est
414 1520 449 1584 in
478 1519 601 1584 mundo
630 1520 810 1602 pretiosum
839 1531 873 1586 et
895 1520 1057 1586 exeellene
1079 1540 1196 1585 evane-
1248 1521 1309 1589 sibi
1331 1522 1527 1604 propositae:
1557 1521 1668 1587 sedin
1690 1521 1746 1586 illo
1770 1533 1900 1605 torpore
1922 1524 2065 1606 oportuit
2088 1524 2218 1606 saepius

229 1625 328 1683 suere,
349 1605 378 1670 si
402 1605 452 1670 rel
476 1605 648 1672 minimum
671 1603 805 1690 deroget
827 1605 948 1687 gloriae
971 1606 1043 1686 Dei,
1066 1619 1099 1672 et
1120 1605 1197 1671 fidei
1247 1607 1335 1673 idem
1356 1608 1470 1689 repeti,
1493 1628 1559 1672 non
1582 1607 1674 1690 quasi
1695 1606 1802 1690 aliqua
1820 1617 1906 1673 esset
1922 1609 2102 1674 obseuritas
2120 1611 2155 1674 in
2174 1629 2220 1691 ra,

228 1691 394 1758 doetrinae
415 1691 494 1756 eius.
534 1691 637 1774 Atqui
660 1711 753 1774 reges
775 1701 809 1756 et
830 1691 1012 1758 saeerdotes
1035 1689 1198 1758 audebant
1249 1693 1304 1758 sed
1339 1693 1414 1775 quia
1436 1695 1494 1757 vix
1517 1693 1584 1758 ulla
1606 1691 1814 1759 vehementia
1836 1694 1950 1759 efficax
1974 1699 2046 1758 erat
2067 1693 2218 1760 sordibus
2349 1735 2353 1741 ·

229 1798 265 1844 ae
285 1796 450 1860 opponere
473 1775 572 1841 verbo
592 1774 666 1842 Dei.
704 1777 778 1841 Non
800 1778 918 1842 mirum
939 1777 1050 1860 igitur,
1072 1777 1101 1844 si
1124 1797 1196 1859 pro·
1249 1776 1328 1842 adeo
1356 1777 1538 1844 obstinatis.
1582 1777 1679 1842 Nune
1707 1797 1785 1861 ergo
1809 1777 1957 1843 ridemus
1979 1800 2037 1845 our
2059 1778 2219 1863 propheta

229 1863 328 1946 pheta
360 1861 435 1928 illos
468 1859 610 1925 detrahit
643 1882 660 1926 e
689 1881 749 1927 ena
778 1862 965 1941 altitudine,
997 1872 1031 1928 et
1056 1861 1198 1929 ostendit
1248 1864 1377 1947 saepius
1408 1863 1494 1928 idem
1527 1862 1626 1939 dieat,
1658 1873 1691 1927 et
1723 1874 1832 1928 tamen
1867 1883 1932 1928 non
1967 1876 2078 1929 utatur
2106 1886 2219 1948 super·

230 1969 302 2015 osse
334 1946 456 2014 similes
485 1946 626 2030 lagenis:
660 1952 693 2011 et
721 1947 766 2012 ita
793 1946 929 2030 pedibus
951 1949 1054 2015 ealoat
1074 1949 1197 2014 fluxam
1249 1968 1351 2014 vaouo
1390 1967 1554 2014 sermone:
1597 1946 1869 2030 quemadmodum
1908 1949 2036 2032 quoties
2078 1949 2220 2016 inouloat

226 2034 317 2098 illam
341 2033 488 2116 gloriam,
511 2051 575 2114 qna
596 2032 750 2097 volebant
764 2034 938 2099 obseurare
954 2034 1062 2100 Deum
1079 2035 1198 2115 ipsum.
1248 2033 1343 2100 Dens
1379 2035 1611 2118 promissiones
1649 2035 1774 2117 gratiae
1812 2055 1905 2110 suae,
1947 2055 2012 2099 non
2051 2034 2220 2118 profundit

227 2119 274 2186 at
294 2119 372 2201 quia
392 2137 507 2184 nomen
525 2116 660 2182 Doridis
681 2128 752 2182 erat
774 2118 868 2200 qnasi
883 2137 1015 2184 snorum
1029 2119 1062 2183 in
1078 2118 1198 2203 populo
1249 2118 1351 2184 verbe
1379 2129 1510 2197 temere,
1540 2127 1574 2184 et
1600 2118 1670 2184 sine
1700 2117 1841 2186 deleetn:
1875 2118 1931 2184 sed
1954 2122 2107 2202 quonism
2131 2119 2220 2186 videt

227 2204 300 2284 illo,
337 2203 496 2287 propheta
528 2213 564 2268 ut
595 2223 725 2268 omnem
759 2202 912 2269 fiduciam
944 2203 1010 2268 illis
1042 2205 1196 2282 exentiat,
1249 2215 1374 2272 tantam
1407 2225 1480 2270 esse
1511 2205 1546 2268 in
1579 2205 1671 2270 nobis
1699 2203 1888 2287 segnitiem,
1922 2215 1958 2270 ut
1986 2227 2050 2270 non
2078 2205 2220 2272 suffioiat

229 2289 320 2370 dioit,
350 2288 513 2369 Quamvis
545 2287 681 2354 sedeant
703 2309 797 2372 reges
819 2291 854 2352 in
877 2287 956 2355 solio
980 2289 1130 2365 Doridis,
1164 2299 1198 2354 et
1250 2311 1317 2356 una
1348 2290 1538 2374 promissio,
1577 2288 1657 2354 haeo
1688 2289 1771 2355 ratio
1805 2299 1855 2356 est
1886 2311 1947 2356 our
1979 2311 2038 2356 uns
2071 2291 2220 2373 pluribus

229 2376 296 2440 sint
328 2373 397 2440 eiras
429 2393 631 2440 sneoeesores
664 2395 701 2439 ao
729 2375 863 2456 posteri,
897 2393 963 2440 non
994 2386 1103 2441 tamen
1132 2374 1198 2441 illis
1251 2376 1358 2442 verbis
1398 2376 1577 2442 oonfirmet.
1631 2374 1684 2440 Ita
1724 2375 1823 2441 etiam
1857 2374 1913 2440 ubi
1945 2375 2037 2441 ridet
2070 2376 2221 2458 homines

229 2472 339 2544 pareat
360 2459 463 2524 Dens.
509 2460 553 2524 Et
579 2457 658 2525 hine
679 2459 778 2525 etiam
801 2469 936 2542 apparet
958 2480 1056 2543 quam
1082 2459 1198 2526 stolide
1251 2471 1382 2545 propter
1410 2459 1591 2528 socordiam
1620 2479 1685 2526 non
1715 2461 1848 2537 moveri,
1882 2482 1985 2544 neque
2013 2463 2131 2534 terreri
2152 2462 2220 2528 suis

229 2545 323 2612 nobis
356 2544 453 2610 hodie
482 2543 608 2628 papalis
628 2544 736 2612 olerus
758 2544 915 2611 obtrudat
936 2565 996 2612 sua
1016 2545 1197 2629 privilegia,
1252 2547 1359 2630 minis,
1382 2546 1456 2612 illas
1476 2545 1629 2623 inouloat,
1657 2549 1695 2610 ut
1716 2545 1789 2628 plus
1809 2544 1954 2610 habeant
1974 2545 2135 2629 ponderis.
2179 2545 2221 2612 In

229 2640 263 2696 et
291 2651 384 2697 snam
414 2630 616 2714 dignitatem.
661 2629 760 2695 Gerte
782 2628 939 2713 quidquid
962 2630 1023 2696 sibi
1044 2641 1199 2714 arrogent
1250 2653 1379 2698 summa
1408 2631 1582 2696 denuntiat
1610 2641 1717 2696 aetum
1745 2651 1816 2697 ease
1843 2631 1883 2694 de
1911 2632 1973 2697 hoo
2000 2631 2130 2716 populo,
2161 2651 2222 2696 neo

228 2717 278 2783 illi
301 2714 485 2792 nebulones,
521 2737 584 2780 non
608 2727 744 2798 possunt
766 2726 876 2781 tamen
898 2737 934 2782 se
956 2736 1095 2799 aequare
1117 2716 1197 2782 levi·
1250 2719 1313 2783 iam
1337 2738 1371 2783 se
1394 2736 1510 2785 venare
1532 2716 1612 2781 adeo
1635 2716 1751 2799 impios
1773 2731 1806 2780 et
1828 2716 1964 2781 rebelles
1986 2718 2026 2782 ad
2053 2719 2221 2799 poeniten·

229 2803 302 2868 hoie
333 2799 565 2868 saoerdotibus.
611 2801 714 2883 Atqui
746 2801 894 2866 ridemus
925 2801 1007 2867 nihil
1036 2801 1103 2868 illis
1126 2822 1198 2884 pro·
1251 2805 1340 2878 tiam,
1363 2802 1419 2868 ssd
1437 2802 1528 2884 loqui
1550 2812 1707 2883 tanquam
1729 2822 1803 2868 onm
1826 2799 2013 2868 hominibus
2034 2803 2220 2884 desperatis.

228 2889 339 2966 fuisse,
371 2885 457 2970 quod
478 2884 569 2952 Dens
591 2885 664 2952 illos
686 2887 749 2950 sihi
770 2887 1039 2964 aanotiiieaverat,
1071 2907 1198 2971 exque
1251 2888 1343 2953 Haeo
1380 2907 1509 2954 summa
1541 2896 1600 2951 est.
1656 2886 1744 2952 Dioit
1775 2885 1884 2951 Donec
1914 2907 2093 2954 consueram
2125 2888 2220 2970 ipsos.

229 2973 322 3041 abusi
350 2973 486 3038 luerunt
514 2980 672 3055 potestate
701 2992 769 3038 ena.
813 2971 887 3038 Non
918 2981 969 3038 est
991 2973 1093 3057 igitur
1114 2971 1198 3056 quod
1250 2974 1324 3039 Hoo
1363 2971 1404 3038 ad
1444 2978 1548 3036 tntum
1588 2991 1705 3055 eorpus
1746 2972 1904 3053 pertinet:
1944 2973 2069 3038 interea
2110 2978 2222 3038 tamen

230 3057 325 3128 hodie
354 3077 438 3140 pape
466 3077 540 3122 eum
563 3058 639 3134 suis,
669 3057 731 3124 hoo
753 3062 813 3137 est,
839 3078 914 3125 oum
937 3069 1006 3122 tots
1026 3079 1087 3124 sua
1108 3057 1198 3124 faena
1251 3059 1358 3143 potnit
1387 3055 1581 3123 mirabiliter
1602 3055 1703 3134 Deus,
1734 3065 1767 3120 et
1794 3055 1929 3122 ooeultis
1957 3056 2062 3122 modia
2089 3077 2223 3124 servare

230 3143 405 3225 superbiat.
440 3141 536 3208 Nnno
558 3163 636 3226 ergo
660 3153 809 3208 tenemus
830 3162 990 3209 summam
1014 3142 1199 3222 verborum,
1252 3143 1416 3228 reliquias,
1439 3151 1478 3208 ut
1499 3141 1576 3208 alibi
1600 3144 1706 3206 risum
1722 3142 1792 3207 fnit.
1827 3139 1893 3208 Sed
1911 3157 2019 3208 tamen
2035 3141 2223 3220 vindictam,

230 3249 332 3312 quum
359 3226 453 3293 Deus
486 3239 551 3292 tam
584 3247 679 3310 reges
711 3247 809 3310 quam
843 3227 1026 3294 saoerdotes
1058 3240 1093 3293 et
1126 3248 1199 3312 pro·
1252 3250 1333 3313 quae
1361 3228 1415 3294 hio
1444 3227 1665 3306 denuntiatur,
1691 3228 1801 3311 exegit
1823 3227 1913 3293 Dens
1936 3227 1975 3292 de
1997 3237 2066 3292 toto
2089 3229 2224 3312 populo:

229 3313 346 3397 phetas
380 3315 535 3378 nominat.
586 3313 718 3378 Interea
751 3311 931 3378 notandum
964 3325 1015 3380 est
1046 3335 1112 3380 non
1145 3314 1200 3379 hin
1251 3315 1405 3399 quoniam
1439 3312 1495 3378 ille
1522 3312 1584 3377 luit
1613 3313 1705 3395 quasi
1733 3312 1895 3397 generalis
1925 3313 2090 3392 interitus,
2123 3334 2225 3397 quum

230 3401 283 3483 agi
314 3399 354 3464 de
376 3397 524 3464 fidelibus
546 3398 724 3482 prophetis,
753 3396 810 3464 sed
832 3409 961 3464 tantum
984 3419 1038 3464 eos
1060 3399 1200 3484 intelligi
1252 3421 1365 3468 omnes
1398 3399 1493 3465 trunti
1524 3409 1603 3464 sunt
1635 3397 1670 3462 in
1702 3397 1853 3463 exsilium
1888 3409 1921 3462 et
1952 3397 2041 3463 varie
2075 3397 2224 3481 dispersi.

230 3485 286 3567 qni
324 3484 451 3549 larvam
491 3481 680 3567 gestabant,
719 3503 820 3567 quum
861 3493 970 3549 muron
1010 3485 1200 3568 quisquilias
1253 3484 1537 3567 Quemadmodum
1566 3495 1677 3549 nutem
1706 3484 1740 3548 in
1770 3493 1838 3548 tam
1869 3481 2020 3548 horribili
2041 3481 2133 3549 nlade
2156 3485 2224 3549 Do·

231 3571 388 3636 afferrent
420 3568 489 3634 loeo
518 3568 633 3646 tritioi,
666 3569 938 3651 quemadmodum
969 3570 1045 3635 alibi
1075 3570 1199 3636 videbi·
1253 3573 1362 3637 minus
1395 3589 1561 3652 nunqnam
1595 3577 1705 3634 tamen
1744 3566 1864 3634 oblitus
1898 3569 1959 3633 fuit
1993 3568 2130 3634 foederis
2163 3571 2223 3647 sui,

231 3676 315 3722 mue.
360 3655 450 3738 Ergo
478 3653 721 3720 oataohristioos
749 3655 881 3737 ponitur
911 3654 964 3720 hio
984 3676 1102 3736 nomen
1125 3676 1200 3738 pro·
1253 3658 1333 3740 quin
1363 3675 1475 3720 semen
1497 3652 1627 3736 aliquod
1651 3663 1798 3718 maneret
1830 3652 1957 3719 salvum
1988 3664 2021 3716 et
2042 3653 2223 3720 ineolume:

231 3741 406 3824 phetieum,
428 3740 504 3820 quia
523 3739 719 3806 transfertur
734 3739 774 3804 ad
790 3739 890 3806 falsos
905 3739 1066 3807 dontores:
1090 3761 1200 3824 qnem—
1252 3744 1299 3807 ita
1321 3741 1419 3806 etiam
1442 3739 1528 3822 qnod
1553 3739 1605 3804 hio
1627 3737 1756 3820 dieitur,
1778 3757 1842 3803 nou
1861 3737 2028 3804 miserebor
2043 3737 2137 3804 donee
2153 3759 2224 3806 enu-

232 3826 404 3892 admodum
433 3823 529 3890 hodie
558 3823 634 3890 dunr
657 3824 821 3906 loquimur
843 3825 883 3890 de
905 3825 1016 3892 bestiis
1042 3826 1117 3906 illis,
1145 3827 1202 3908 qui
1252 3847 1385 3902 sumam
1408 3845 1474 3890 non
1497 3831 1623 3908 pugnat
1644 3844 1716 3888 oum
1739 3823 1795 3888 illa
1812 3823 1872 3888 Dei
1887 3824 2117 3900 miserionrdia,
2141 3844 2224 3908 quae

231 3910 356 3976 iaetant
387 3931 422 3974 se
442 3930 514 3976 esse
536 3910 702 3993 episeopus
724 3923 757 3975 et
779 3909 941 3992 praelatus
962 3921 996 3977 et
1017 3911 1200 3994 praesules:
1253 3913 1331 3977 alibi
1360 3907 1574 3994 praedieatur.
1620 3907 1819 3974 Pronuntiat
1846 3909 1933 3972 enim
1956 3929 1991 3974 ee
2013 3929 2083 3976 esse
2106 3909 2224 3995 lungae

231 3993 438 4070 consedimus
468 3993 596 4077 qnidam
625 3995 692 4060 illis
725 3994 871 4073 titulum,
904 3994 961 4062 sed
990 3996 1114 4062 interea
1136 4017 1200 4062 non
1252 3996 1439 4080 patientiae,
1469 4007 1501 4060 et
1528 3993 1668 4059 multum
1697 3995 1733 4058 in
1759 3993 1988 4060 miserionrdia.
2034 3994 2124 4060 Deus
2146 4016 2224 4080 ergo

230 4081 379 4164 sequitur
402 4101 479 4144 rere
501 4081 913 4158 etmeritonenseritales,
936 4083 1083 4162 quamvis
1103 4083 1200 4148 verbo
1252 4081 1402 4166 quamvis
1442 4091 1509 4146 tem
1549 4077 1713 4145 horrendo
1752 4078 1903 4161 exemplo
1936 4080 2093 4161 populum
2125 4101 2224 4146 enum

231 4177 327 4232 tenus
357 4165 424 4230 sint
446 4165 595 4247 episeopi.
640 4166 730 4250 Ergo
759 4165 874 4231 eadem
896 4168 1023 4232 ratione
1045 4168 1200 4234 Ieremias
1252 4166 1441 4252 perdiderit,
1476 4184 1542 4229 non
1570 4175 1681 4230 tamen
1711 4163 1803 4229 exuit
1830 4174 1908 4229 tune
1937 4185 2029 4229 suam
2060 4174 2223 4246 naturam,

231 4250 271 4316 de
302 4250 472 4334 prophetis
504 4250 689 4316 titularibus
722 4251 777 4316 hie
808 4251 969 4336 loquitur,
1003 4253 1056 4334 qni
1090 4262 1199 4318 temen
1252 4273 1356 4335 nsque
1386 4249 1639 4316 miserionrdiam
1669 4269 1761 4316 arram
1792 4247 1923 4329 abiecit,
1953 4247 2011 4312 sed
2039 4249 2224 4334 ineompre·

231 4357 366 4420 prorsus
399 4335 498 4401 alieni
531 4345 625 4400 erant
657 4336 698 4402 ab
727 4336 784 4400 illo
813 4357 956 4403 munere.
1000 4339 1120 4404 Postea
1147 4337 1200 4402 ad·
1253 4336 1405 4404 hensihili
1434 4335 1529 4401 modo
1555 4335 1603 4400 ita
1630 4336 1819 4419 exsequitur
1845 4355 1905 4399 sua
1925 4333 2045 4399 iudieia
2066 4334 2224 4403 adversus

230 4423 339 4507 iungit
378 4420 465 4504 quod
510 4439 617 4502 nuper
656 4421 752 4505 attigi
791 4421 832 4486 de
870 4423 1036 4489 collisione
1075 4434 1198 4490 mutua.
1251 4423 1413 4507 reprobos,
1435 4430 1475 4486 ut
1496 4430 1606 4486 tamen
1628 4419 1712 4483 nihil
1736 4419 1888 4503 depereat
1910 4441 1952 4484 ex
1975 4420 2045 4486 eius
2066 4434 2224 4504 perpetua

233 4507 367 4574 Furium
394 4529 472 4591 ergo
500 4512 534 4572 ut
558 4526 624 4572 ease
649 4511 805 4572 weuram
832 4513 947 4592 mutuo,
976 4509 1027 4572 vel
1058 4509 1199 4573 matrin-
1252 4507 1485 4587 miserionrdia,
1514 4516 1546 4570 et
1576 4504 1675 4570 simul
1704 4505 1800 4569 etiam
1831 4503 1936 4570 fidelis
1958 4517 2086 4570 maneat
2109 4506 2143 4572 in
2166 4527 2224 4572 sua

233 4602 320 4675 gant.
365 4591 431 4673 Qui
453 4603 595 4668 vertum,
625 4591 833 4676 Dispergere,
856 4591 1015 4675 quomodo
1038 4602 1200 4676 exponent
1252 4594 1419 4662 electione.
1464 4591 1631 4675 Sequitur,

233 4677 322 4760 quod.
335 4699 412 4743 mox
433 4676 586 4743 subiioit'l
628 4675 740 4742 Virum
760 4678 803 4742 ud
821 4680 951 4760 fratrem
972 4698 1075 4758 auum,
1093 4684 1201 4762 patrae

232 4768 261 4828 et
279 4761 364 4844 filios
384 4763 487 4828 simul.
521 4761 617 4828 Certe
632 4763 790 4844 dispersio
809 4784 874 4829 nnn
890 4764 1075 4848 quadraret.
1111 4765 1200 4849 Ergo
1496 4813 1502 4826 .
2002 4813 2008 4824 .
2038 4813 2044 4824 .
2125 4813 2131 4824 .

233 4849 383 4913 videmus
405 4869 538 4914 sensum
560 4847 658 4932 longe
680 4847 796 4913 melius
813 4850 923 4927 fluere,
946 4848 1091 4916 collidam
1105 4851 1200 4932 ipsos,
1252 4900 1273 4965 h
1339 4813 1389 4965 Ῑιῖ·
1412 4813 1598 4964 {tudm’stft
1618 4811 1797 4893 ‘mmm’
1826 4832 1864 4877 ’ω
1886 4811 2053 4894 memmi
2076 4831 2152 4892 qma
2174 4812 2225 4878 Ie*

233 4954 349 5017 nempe
366 4953 600 5016 unumquenque
614 4933 656 4998 ud
667 4934 800 5014 fratrem
815 4955 923 5000 suum:
941 4934 1066 5011 deinde,
1083 4933 1202 5017 fusium
1274 4921 1333 4966 ⁰⁹⁰
1385 4919 1427 4980 Ψ
1462 4917 1572 4963 ²⁴⁶⁶·

232 5023 267 5084 ur
287 5024 398 5100 putres
424 5021 592 5102 confligeret
616 5039 686 5085 eum
712 5017 800 5102 filiis,
829 5024 920 5102 utque
940 5022 987 5086 ltu
1008 5025 1202 5086 mutuantur
1339 5019 1390 5082 16.
1413 5015 1495 5082 Dule
1516 5015 1584 5082 Deo
1611 5021 1710 5082 vestm
1738 5015 1874 5098 glorium
1897 5015 2088 5096 priusquam
2113 5016 2224 5106 obtene-

232 5109 338 5169 mutuo
370 5105 464 5186 quusi
494 5105 642 5185 eouflidu.
694 5105 737 5169 Et
770 5105 842 5169 ideo
875 5104 943 5169 dixi
974 5124 1040 5168 non
1071 5114 1201 5169 tanturn
1253 5104 1389 5169 breeeere
1414 5101 1527 5185 faeiat,
1562 5107 1589 5166 et
1612 5103 1802 5183 priusquam
1831 5101 1987 5182 offundunt
2010 5099 2106 5182 pedes
2133 5104 2226 5168 vestri

232 5190 405 5255 vatioinari
431 5187 603 5254 Ieremiam
638 5190 677 5254 de
708 5190 817 5273 populi
844 5190 949 5267 elude,
983 5189 1039 5256 sed
1069 5189 1201 5255 modum
1253 5190 1296 5254 nd
1317 5191 1433 5254 montes
1453 5187 1656 5270 latebrarum,
1683 5188 1870 5267 operatisque
1891 5185 1997 5267 lumem,
2026 5191 2170 5268 upouul
2192 5189 2225 5252 in

233 5276 329 5340 etiam
353 5272 455 5339 eladis
478 5273 655 5359 designari:
679 5275 753 5356 quia
775 5275 898 5340 scilieet
919 5276 1014 5340 vanui
1029 5276 1204 5358 prudentia
1253 5273 1397 5342 umbram
1417 5273 1537 5352 morlia,
1559 5277 1586 5337 el
1607 5274 1641 5337 iu
1663 5271 1839 5354 caligmem.

316 5375 449 5431 ‘Celsius'
465 5390 559 5444 opera.
588 5377 648 5430 Vol.
665 5375 846 5431 XXXVIII.
1990 5372 2022 5426 11
