5118 6136
352 404 417 469 b'l9
871 410 879 420 ⁴
1162 395 1549 463 Pssaahuoalottas
2294 393 2360 460 580

353 593 454 656 miuo.
505 589 662 654 Ieremias
692 586 796 668 potuit
828 585 936 670 longo
955 605 1104 650 sermone
1134 583 1331 650 contendere
1470 586 1521 650 16.
1552 584 1721 667 Propterea
1743 586 1790 650 sio
1811 585 1887 650 otro
1909 582 2056 662 Iabooob,
2085 582 2165 650 Ecce
2183 602 2236 666 opo
2257 582 2360 648 mitto

353 698 427 742 oum
450 674 631 742 Obanania.
677 673 810 738 Fuisset
831 673 918 736 enirn
941 671 1021 736 satis
1045 670 1189 736 disertus
1213 671 1331 753 spiritu
1382 675 1410 736 te
1438 669 1513 756 (boc
1535 680 1585 736 est
1607 669 1769 756 proiioio),
1800 691 1817 734 e
1845 671 2009 752 crepam
2040 675 2141 734 terroe
2167 667 2263 733 baias
2293 666 2360 754 (vel

354 771 468 828 saneto
505 771 702 843 suggerente
739 779 777 824 ao
813 757 956 822 dictante
994 755 1151 839 quidquid
1188 757 1223 819 in
1261 776 1329 820 rem
1384 767 1501 840 terrae,
1528 758 1636 838 potius
1658 756 1830 821 indefinite
1852 758 2011 838 accipitur
2032 755 2095 821 hoo
2117 755 2187 820 loco
2209 773 2268 836 pro
2290 765 2361 817 tota

353 849 478 913 fuisset.
530 845 723 920 Caeterum,
763 845 843 908 haee
879 844 1009 908 concisa
1046 842 1190 906 brevitas
1227 841 1332 906 multo
1384 852 1481 907 terra.
1520 854 1609 910 mitto
1633 842 1764 907 videtur
1787 842 1916 924 quidem
1941 840 2037 924 paulo
2059 851 2133 923 post
2154 852 2270 904 notare
2290 858 2359 902 oar-

354 933 430 1016 plns
451 932 565 997 habuit
588 930 758 1006 efficaciae,
790 949 886 1011 quam
910 930 939 993 si
962 948 1081 1010 magno
1104 925 1277 1008 splendore
1299 935 1333 991 et
1385 937 1452 992 tom
1477 949 1620 993 annum:
1643 926 1757 992 sedin
1781 948 1861 994 voce
1883 939 1999 994 notan
2022 939 2099 1008 puto
2122 924 2262 1007 exprimi
2284 943 2359 1004 spe-

354 1019 453 1102 longo
475 1017 613 1082 circuitu
638 1015 807 1080 verborum
826 1033 906 1079 usus
925 1026 1018 1078 esset.
1051 1012 1209 1077 'Ponenda
1230 1013 1333 1096 igitur
1384 1014 1511 1079 sialiter
1534 1013 1706 1091 Iudaeam,
1739 1013 1806 1077 imo
1828 1014 1937 1095 potius
1968 1023 2071 1077 totum
2098 1009 2226 1076 orbem:
2260 1017 2360 1091 atque

354 1114 405 1170 est
428 1104 508 1168 baao
531 1104 625 1181 ratio,
659 1101 786 1184 quoties
820 1099 936 1164 incidit
965 1097 1124 1162 dubitatio
1154 1099 1263 1180 aliqua
1292 1099 1332 1163 de
1385 1099 1447 1164 hoo
1470 1098 1562 1164 facile
1584 1098 1759 1181 colligitur,
1782 1100 1859 1180 quia
1881 1098 2055 1162 denuntiat
2074 1097 2230 1162 Ieremias
2252 1095 2362 1160 subla-

354 1190 522 1271 religione,
552 1203 680 1270 semper
707 1185 939 1269 inquirendum
969 1205 1048 1262 esse,
1078 1204 1119 1246 an
1143 1185 1262 1249 missos
1289 1187 1332 1248 sit
1384 1194 1454 1249 tum
1485 1185 1525 1248 iri
1549 1182 1755 1248 Obananiam
1779 1184 1937 1263 emedio,
1966 1197 2000 1248 et
2026 1204 2091 1247 uon
2119 1183 2188 1246 fore
2218 1180 2361 1263 amplius

355 1274 469 1340 aDeo
492 1275 547 1355 qui
569 1273 725 1356 loquitur.
770 1270 938 1352 Quidquid
963 1271 1049 1334 enim
1074 1267 1212 1334 blateret
1234 1270 1330 1335 etiam
1384 1270 1592 1353 superstitem
1622 1271 1655 1333 iu
1686 1268 1837 1355 mundo):
1871 1270 2016 1333 morieris
2046 1267 2151 1354 (ergo)
2183 1265 2238 1332 boo
2266 1285 2361 1348 aaao,

356 1360 413 1443 qni
446 1358 579 1425 videtur
611 1377 683 1423 esse
716 1357 964 1440 argutissimus,
1002 1355 1153 1438 quamvis
1187 1359 1332 1437 proferat
1383 1357 1460 1438 qaia
1481 1354 1675 1437 defectionem
1695 1354 1844 1437 loquatur
1865 1374 1898 1420 es
1918 1358 2025 1420 σοηύνα
2047 1353 2203 1420 Iebooom.

356 1447 514 1529 mysteria
548 1463 631 1526 quae
665 1444 794 1525 rapiant
827 1441 1024 1524 simplicium
1058 1443 1183 1504 animos
1211 1442 1245 1504 in
1275 1441 1331 1504 ad-

357 1531 575 1607 mirationem,
598 1529 660 1594 hoo
682 1539 785 1592 totum
809 1527 892 1591 nibil
917 1526 1004 1592 aliud
1024 1537 1074 1590 eat
1091 1546 1189 1608 quam
1210 1526 1331 1602 furnus,
1471 1526 1615 1591 Additur
1637 1524 1690 1590 hio
1720 1545 1824 1609 poena
1854 1545 1938 1606 quae
1969 1525 2143 1591 confirmet
2164 1523 2360 1589 vaticinium

356 1617 411 1681 ubi
435 1614 526 1680 Deus
549 1635 613 1680 uon
636 1623 687 1678 est
708 1624 803 1678 autor
825 1613 1001 1678 doctrinae.
1039 1611 1096 1676 Sic
1118 1613 1214 1675 etiam
1239 1613 1332 1676 nobis
1384 1612 1552 1677 Ieremias.
1596 1610 1712 1675 Voluit
1739 1612 1826 1675 anim
1857 1610 1949 1676 Dens
1980 1609 2149 1675 consulere
2179 1609 2360 1673 multorum

356 1701 500 1766 breviter
523 1701 619 1766 bodie
642 1699 888 1783 transigendum
912 1709 961 1762 est
983 1719 1055 1763 cum
1078 1696 1227 1762 omnibus
1250 1717 1333 1760 mer·
1384 1698 1529 1773 ruditati,
1553 1698 1610 1780 qui
1632 1697 1754 1778 alioqui
1779 1717 1906 1778 semper
1929 1697 2133 1770 titubassent,
2157 1695 2209 1760 vel
2232 1705 2362 1776 captas-

356 1787 496 1852 ocnariis
520 1807 622 1869 papae
645 1785 789 1861 canibus,
813 1786 868 1868 qui
890 1783 1014 1849 latrant
1036 1782 1194 1848 adversus
1217 1803 1329 1865 puram
1384 1797 1457 1849 sent
1475 1794 1683 1865 praetextum
1700 1804 1779 1847 suae
1796 1784 2010 1866 ignorantiae,
2030 1783 2107 1864 quia
2126 1802 2192 1845 nou
2208 1785 2363 1862 poterant

357 1872 520 1954 evangelii
551 1871 741 1947 doctrinam,
772 1890 889 1952 nempe
912 1877 950 1934 ut
973 1869 1116 1934 contenti
1146 1869 1248 1933 simus
1272 1869 1333 1932 boo
1384 1880 1530 1936 statuere
1562 1881 1636 1933 ater
1665 1869 1783 1932 missus
1815 1878 1901 1932 esset
1931 1889 1951 1932 a
1981 1870 2067 1947 Deo,
2097 1866 2287 1932 Obananias
2316 1886 2361 1930 an

357 1957 565 2040 compendio,
598 1957 706 2022 Deum
736 1976 801 2020 nou
833 1976 904 2020 esse
937 1954 1002 2019 illis
1036 1965 1193 2019 autorem.
1246 1953 1333 2033 Quia
1386 1956 1552 2020 Ieremias.
1608 1955 1700 2018 Deus
1732 1974 1810 2038 ergo
1846 1954 1949 2020 voluit
1982 1967 2118 2036 paterna
2153 1951 2363 2034 indulgentia

357 2053 467 2108 aotam
497 2063 586 2108 nuno
613 2043 677 2106 alia
706 2050 755 2106 est
786 2051 896 2106 nostra
925 2039 1066 2105 conditio
1095 2059 1190 2122 quam
1215 2041 1334 2104 veteris
1386 2043 1552 2125 porrigere
1581 2040 1647 2104 illis
1678 2059 1827 2104 manum:
1858 2040 1962 2105 voluit
1992 2039 2091 2103 etiam
2122 2035 2362 2103 inexcusabiles

357 2128 479 2212 populi,
504 2127 684 2192 notandum
703 2135 762 2205 est,
785 2148 879 2210 possa
903 2125 1102 2210 deprehendi
1125 2125 1197 2206 quis
1215 2127 1333 2190 missus
1386 2127 1522 2190 reddere
1544 2146 1665 2210 magna
1686 2137 1840 2208 exparte
1863 2125 2057 2198 incredulos,
2081 2125 2137 2207 qui
2155 2125 2219 2187 iam
2238 2122 2363 2188 addicti

357 2215 458 2280 fucrit
480 2234 499 2278 a
522 2214 677 2292 Domino,
710 2211 766 2276 ubi
789 2213 933 2295 exigitur
955 2214 1025 2276 eius
1048 2211 1197 2276 doctrina
1219 2211 1258 2275 ad
1283 2233 1332 2274 re·
1386 2225 1482 2276 arant
1504 2210 1640 2289 diabolo,
1665 2211 1940 2294 quemadmodum
1963 2211 2108 2294 contigit.
2148 2209 2233 2273 Nam
2255 2207 2363 2272 maior

357 2301 467 2384 gulam
492 2299 583 2381 legis,
606 2307 640 2363 et
657 2298 900 2381 prophetarum,
924 2309 955 2360 st
975 2297 1145 2380 evangelii.
1177 2294 1214 2362 Si
1232 2298 1334 2379 igitur
1386 2318 1462 2380 pars
1484 2318 1549 2362 non
1573 2299 1634 2362 fuit
1655 2310 1816 2369 commota
1838 2305 1960 2363 eventu
1978 2298 2041 2360 isto
2061 2307 2125 2360 tam
2145 2292 2361 2358 memorabili.

357 2387 442 2451 scire
469 2386 619 2466 cupimus
647 2403 804 2466 quosnam
829 2384 919 2448 Deus
949 2383 1092 2463 miserit,
1122 2394 1154 2446 et
1176 2401 1333 2463 quosnam
1388 2382 1654 2468 Sequiturenim
1678 2382 1889 2466 paulopost:
2160 2365 2190 2424 0

359 2470 515 2553 approbet
546 2491 604 2552 pro
627 2470 732 2535 servis
762 2469 841 2548 suia,
872 2469 1044 2533 veniamus
1065 2468 1105 2531 ad
1130 2470 1334 2549 scripturam,

358 2567 390 2620 et
409 2556 455 2620 sit
471 2554 553 2620 illud
576 2553 759 2637 legitimum
782 2573 934 2618 examen:
957 2553 1104 2635 quisquis
1126 2552 1275 2634 loquetur
1293 2573 1333 2616 ex
1473 2553 1523 2617 17.
1556 2549 1601 2618 Et
1627 2558 1771 2618 aonam
1803 2557 1848 2619 esi
1882 2551 2066 2618 Obaaoat'os
2093 2550 2247 2634 proptera
2279 2569 2363 2614 arato

358 2640 442 2722 lege,
468 2646 502 2706 et
524 2640 699 2723 prophetis,
730 2645 762 2704 et
785 2639 969 2722 evangelio,
1000 2638 1133 2703 habebit
1155 2648 1276 2703 certam
1300 2649 1333 2701 et
1384 2639 1439 2705 illo
1460 2659 1562 2704 merrae
1582 2641 1721 2720 septimo.

357 2727 493 2791 minIme
516 2727 648 2790 dubiam
671 2736 783 2790 notam
806 2744 884 2789 suae
906 2724 1095 2790 vocationis.
1136 2721 1202 2802 Qui
1226 2735 1332 2786 autem

358 2833 425 2876 non
448 2811 596 2894 probabit
618 2831 653 2876 se
676 2809 826 2875 hausisse
848 2831 888 2874 ex
910 2809 976 2875 illis
998 2809 1141 2874 lontibus
1171 2807 1255 2892 quod
1278 2809 1332 2874 de·
1472 2809 1721 2889 Quodammodo
1744 2821 1821 2875 ante
1843 2809 1953 2875 oculos
1975 2806 2152 2875 cernebant
2174 2806 2362 2889 quicunque

358 2897 434 2962 inde
455 2898 490 2961 in
513 2897 659 2961 medium
681 2897 813 2979 profert,
845 2895 1004 2979 quidquid
1026 2895 1208 2978 ingesserit,
1237 2914 1332 2976 repu-
1386 2905 1649 2977 contempserant
1671 2896 1854 2974 Ieremiam,
1881 2895 2037 2958 iudicium
2062 2894 2134 2959 Dei.
2179 2893 2270 2976 Ergo
2293 2913 2362 2956 non

358 2982 499 3048 diandus
519 2994 568 3046 est
583 2992 736 3064 tanquam
756 2980 1048 3064 pseudopropheta.
1077 2979 1237 3044 Videmus
1255 3001 1334 3064 argo
1386 2982 1491 3064 potnit
1513 2983 1624 3065 expeti
1647 2982 1766 3046 certior
1787 2980 1980 3063 obsignatio,
2003 2981 2111 3062 siqua
2130 2979 2245 3044 fuisset
2267 2989 2363 3062 gutta

359 3087 456 3150 quam
480 3066 594 3132 utilem
618 3067 800 3132 doctrinam
822 3068 990 3132 contineat
1013 3066 1066 3130 hio
1085 3066 1182 3131 locus.
1214 3067 1334 3131 Postea
1386 3067 1623 3149 intelligentiae
1650 3068 1684 3130 in
1715 3067 1860 3146 ludaeis,
1891 3087 1987 3148 quam
2023 3065 2080 3130 abi
2109 3063 2264 3130 viderunt
2291 3063 2363 3129 sola

359 3150 525 3234 adiungit,
558 3153 608 3216 Ta
637 3153 785 3232 confidere
813 3151 915 3234 scabii
941 3151 1097 3234 populum
1130 3150 1211 3216 barro
1239 3171 1335 3233 saper
1385 3173 1466 3218 voce
1494 3152 1652 3217 Ieremias
1682 3155 1825 3218 occisum
1852 3153 1951 3217 fuisse
1980 3152 2201 3232 impostorem.
2247 3151 2362 3233 Neque

359 3238 528 3303 mendacio.
572 3235 767 3318 Depravant
796 3257 929 3300 sensum
964 3236 1142 3319 prophetae
1176 3237 1230 3319 qui
1261 3259 1333 3302 rer·
1386 3240 1474 3303 enim
1498 3239 1599 3321 digito
1622 3237 1715 3302 illum
1739 3238 1863 3322 tetigit,
1894 3257 2002 3320 neque
2025 3236 2133 3301 effecit
2154 3248 2192 3300 ut
2214 3235 2363 3302 trabere-

360 3332 452 3398 tunt,
483 3320 646 3388 Securum
677 3320 845 3386 reddidisti
868 3321 1026 3404 populum
1050 3321 1137 3387 huno
1160 3321 1333 3388 lollaoiter:
1386 3333 1442 3388 tur
1465 3324 1505 3388 ad
1529 3323 1731 3406 supplicium,
1760 3323 1858 3388 sicuti
1888 3323 2007 3406 dignus
2030 3331 2119 3387 erat:
2149 3322 2207 3387 sed
2230 3333 2362 3387 tantum

360 3409 475 3473 saltem
499 3415 681 3472 extenuant
703 3407 837 3472 dimidia
860 3415 1018 3489 exparte
1041 3407 1125 3488 quod
1150 3407 1254 3471 voluit
1277 3430 1333 3472 ex·
1386 3410 1520 3492 linguae
1541 3430 1619 3474 suae
1640 3411 1747 3474 sonitu
1771 3411 1876 3492 ipsum
1901 3408 2028 3490 expulit
2047 3429 2065 3473 e
2083 3407 2216 3472 mundo.
2246 3407 2363 3487 Quum

360 3495 500 3575 primore
528 3492 695 3576 propheta.
740 3492 854 3576 Neque
882 3495 970 3557 eninr
1000 3500 1128 3558 tantum
1160 3493 1334 3557 damnatur
1386 3515 1464 3577 ergo
1485 3495 1520 3557 in
1545 3494 1645 3560 verbo
1668 3496 1772 3559 sancti
1803 3494 1980 3579 prophetae
2010 3494 2126 3558 luisset
2156 3493 2306 3558 eoelestis
2328 3504 2364 3558 et

360 3579 562 3658 Obananias,
584 3577 670 3660 quod
693 3578 814 3642 frustra
836 3587 868 3642 et
889 3575 1049 3643 fallaciter
1071 3577 1255 3658 obtenderit
1277 3599 1332 3642 no·
1386 3579 1498 3644 divina
1520 3581 1672 3660 efficacia,
1703 3582 1794 3662 quasi
1818 3580 1909 3645 Deus
1931 3581 1999 3662 ipse
2023 3579 2130 3661 palam
2154 3579 2364 3644 fulminasaet

360 3685 434 3728 men
458 3662 537 3740 Dei,
571 3662 628 3728 sed
660 3663 712 3728 bio
737 3675 808 3749 '1th
837 3665 969 3744 ponitur
999 3685 1057 3746 pro
1087 3664 1159 3748 ipsa
1187 3665 1333 3743 materia,
1386 3666 1524 3740 coceio,
1547 3666 1602 3729 vel
1624 3685 1723 3730 manu
1747 3677 1875 3732 armata
1900 3665 2072 3731 occidIsset
2094 3664 2187 3728 Illum
2211 3665 2362 3747 impium,

360 3748 452 3831 quasi
484 3747 622 3830 diceret,
653 3749 704 3812 Tu
728 3747 882 3831 populum
913 3750 1000 3815 huno
1030 3752 1135 3831 pascis
1158 3770 1243 3814 vana
1266 3771 1332 3832 spe,
1386 3760 1526 3834 quantae
1549 3751 1611 3814 luit
1633 3751 1800 3816 caecitatis
1824 3773 1885 3815 non
1910 3751 2060 3815 moveri?
2083 3750 2138 3814 sed
2162 3761 2272 3815 tamon
2296 3773 2363 3816 non

359 3854 460 3916 quam
489 3832 653 3899 fabricasti
684 3853 725 3898 ex
752 3844 810 3897 tuo
836 3836 976 3899 cerebro.
1026 3835 1201 3918 Figmenta
1230 3837 1334 3918 igitur
1384 3838 1464 3901 moti
1486 3844 1573 3902 sunt.
1617 3837 1696 3901 Ideo
1718 3839 1850 3920 fingunt
1872 3837 2004 3919 quidam
2025 3835 2180 3918 Rabbiui,
2203 3835 2281 3900 dum
2306 3857 2363 3902 vo·

359 3929 416 3984 tua
438 3927 615 4001 suppetunt
634 3919 710 3983 huie
726 3918 845 3984 misero
864 3919 982 4001 populo
1001 3921 1170 3984 materiam
1191 3921 1332 3987 errandi.
1385 3922 1458 3987 lunt
1480 3933 1590 4007 tegere
1612 3943 1702 3987 more
1720 3945 1779 3988 auo
1797 3924 2007 4006 ignominiam
2032 3943 2109 3986 suae
2128 3922 2244 4006 gentis,
2268 3921 2364 3986 disai-

359 4007 450 4088 Ergo
473 4025 539 4069 non
561 4011 689 4068 tantum
714 4016 845 4070 accusat
867 4005 1024 4069 Ieremias
1052 4004 1147 4068 illum
1177 4006 1331 4089 imposto-
1385 4008 1479 4090 pulos
1502 4009 1693 4074 Obaneniae
1722 4008 1906 4074 clanculum
1936 4007 2109 4072 sustulisse
2139 4008 2211 4072 eius
2233 4027 2364 4090 corpus,

359 4111 445 4167 rem,
477 4089 561 4171 quod
591 4089 660 4154 suis
682 4091 847 4172 figmentis
878 4089 1034 4172 populum
1065 4089 1241 4173 deceperit,
1276 4094 1331 4157 sed
1386 4107 1419 4156 et
1442 4097 1486 4157 ita
1510 4095 1665 4176 populum
1684 4094 1837 4159 calmum
1861 4095 1970 4158 fuisse.
2015 4092 2082 4159 Sed
2105 4090 2182 4174 quid
2205 4111 2288 4174 opus
2311 4103 2364 4157 ast

359 4175 446 4258 quod
469 4175 623 4241 vaticinia
645 4175 817 4257 protulerit
839 4175 902 4238 Dei
932 4174 1073 4252 nomine,
1104 4197 1186 4256 quae
1210 4188 1332 4241 metum
1386 4179 1621 4260 tergiversari?
1656 4200 1763 4263 neque
1792 4180 1879 4244 enim
1910 4180 1969 4244 hoo
1998 4177 2077 4244 dicit
2099 4178 2272 4257 Ieremias,
2302 4179 2363 4243 sed

358 4261 478 4344 populo
509 4261 689 4336 auferrent,
720 4267 752 4324 et
775 4259 892 4325 darent
914 4258 1035 4343 aliquid
1060 4259 1163 4325 bonae
1185 4265 1263 4343 spei,
1297 4272 1334 4326 ut
1386 4264 1528 4344 loquitur
1551 4276 1705 4346 tauquam
1730 4266 1769 4330 da
1792 4286 1827 4330 re
1851 4265 1949 4348 vulgo
1971 4264 2053 4329 satis
2079 4265 2210 4348 cognita
2232 4273 2265 4328 et
2287 4285 2362 4345 per-

358 4344 499 4430 populus
516 4346 551 4409 in
569 4366 630 4411 sua
647 4345 821 4411 securitate
843 4355 996 4427 torperet.
1031 4343 1204 4410 Discamus
1222 4348 1333 4428 itaque
1385 4360 1511 4430 specta,
1545 4350 1629 4431 quod
1660 4351 1783 4416 scillcet
1813 4364 1951 4415 eventus
1982 4349 2080 4414 luerit
2109 4359 2235 4412 certum
2270 4350 2362 4412 testi·

359 4454 402 4497 ex
424 4431 485 4496 hoc
509 4429 586 4506 loco,
608 4430 790 4496 cavendum
814 4451 1020 4514 summopere
1042 4451 1122 4506 esse,
1145 4430 1201 4494 ubi
1225 4435 1333 4514 agitur
1385 4433 1531 4497 monium
1555 4436 1735 4500 vocationis
1757 4437 1871 4520 ipsius.
1916 4435 2011 4500 Unde
2041 4434 2200 4516 seqnitur,
2230 4433 2264 4498 id
2292 4455 2361 4498 uon

359 4518 399 4583 de
422 4516 559 4581 materia
581 4515 727 4595 fiduciae,
750 4517 887 4599 nequid
910 4516 1084 4582 evanidam
1108 4515 1331 4597 apprehenda·
1385 4519 1485 4583 fuisse
1505 4520 1676 4585 obscurum
1695 4522 1841 4586 Iudaeis:
1865 4533 1975 4584 tamen
1994 4521 2040 4585 sic
2058 4540 2213 4602 maguam
2233 4529 2362 4602 partem

358 4624 449 4680 mus,
489 4600 758 4684 quemadmodum
797 4603 907 4666 miseri
945 4602 1136 4685 hypocritae
1172 4598 1331 4666 devorant
1385 4625 1496 4668 eorum
1520 4608 1705 4672 excaecavit
1727 4608 1883 4684 diabolus,
1908 4618 1944 4670 nt
1962 4605 2066 4670 nihilo
2086 4607 2160 4688 plus
2178 4607 2363 4671 trIbuereut

358 4689 491 4756 umbras
515 4687 685 4762 duntaxat,
708 4695 741 4752 et
763 4686 845 4751 nihil
869 4696 981 4769 postea
1003 4689 1169 4769 reperiunt
1191 4686 1331 4751 solidum
1384 4700 1499 4756 sancto
1522 4693 1602 4770 viro,
1634 4712 1731 4776 quam
1755 4705 1845 4770 ante,
1876 4693 1957 4775 quin
1988 4692 2094 4774 potius
2118 4690 2363 4774 vilipenderent

357 4774 487 4840 insuia
518 4772 694 4858 figmentis.
741 4771 806 4838 Sed
837 4773 894 4838 ubi
924 4774 1033 4854 agitur
1061 4773 1101 4837 de
1123 4773 1255 4851 fiducia,
1289 4775 1332 4838 sit
1383 4795 1496 4841 omnes
1518 4779 1633 4854 minas,
1665 4799 1804 4860 quarum
1827 4791 1898 4843 erat
1921 4781 2014 4843 tostis
2036 4789 2068 4841 et
2091 4797 2216 4858 praeco.
2262 4777 2362 4842 Unde

358 4864 470 4944 aliqua
498 4859 653 4934 soliditas,
684 4861 717 4922 in
741 4879 805 4940 qua
827 4860 988 4942 possimus
1018 4863 1090 4922 tuto
1119 4859 1330 4940 acquiescere.
1384 4868 1493 4926 autem
1512 4861 1572 4926 hoo
1590 4863 1748 4947 apparet?
1771 4866 1848 4947 quia
1867 4885 1963 4945 saepe
1981 4863 2128 4928 surrexit
2146 4883 2266 4946 magna
2285 4884 2363 4945 pars

358 4948 489 5014 Scimus
517 4954 627 5010 autern
656 4965 716 5010 nos
744 4943 880 5008 minime
907 4963 1002 5026 posse
1023 4943 1101 5021 falli,
1130 4944 1158 5008 si
1180 4947 1332 5009 omniaa
1383 4947 1492 5028 populi
1516 4947 1673 5014 adversus
1696 4969 1772 5014 eum
1796 4951 1886 5016 velut
1908 4948 2116 5016 sceleratum:
2144 4947 2208 5011 luit
2231 4967 2363 5013 aecusa-

357 5033 430 5099 Deo
459 5041 663 5115 expetamus,
694 5030 721 5095 si
744 5031 971 5095 recumbemus
998 5030 1033 5092 in
1056 5029 1158 5092 solam
1181 5030 1249 5094 eius
1273 5032 1331 5094 mi·
1384 5041 1437 5095 tus
1464 5039 1619 5114 tanquam
1649 5036 1742 5118 regni
1773 5035 1936 5118 prodit-or:
1966 5045 2000 5100 et
2022 5035 2078 5099 vix
2105 5031 2249 5099 crudelis
2272 5034 2364 5116 regis

357 5118 583 5197 sericordiam,
614 5118 641 5183 si
664 5136 730 5182 non
760 5116 837 5180 alibi
867 5117 910 5180 sit
939 5113 1034 5178 uobis
1063 5115 1155 5195 quies
1185 5124 1218 5178 et
1241 5125 1330 5178 tran·
1384 5116 1556 5181 clementia
1578 5121 1690 5197 evasit,
1722 5140 1824 5202 quum
1847 5121 1970 5186 scilicet
1993 5121 2156 5202 proiectus
2179 5131 2230 5183 est
2252 5120 2288 5183 in
2311 5119 2362 5183 lo·

358 5203 502 5288 quillites
523 5225 621 5286 quam
644 5203 677 5268 iu
696 5202 839 5269 Christo.
880 5201 1095 5264 Retineamus
1117 5200 1217 5282 igitur
1239 5199 1330 5264 illam
1383 5221 1478 5266 ream
1501 5213 1657 5286 tanquam
1688 5208 1933 5272 semimortuus.
1978 5205 2092 5285 Quum
2114 5225 2193 5288 ergo
2216 5205 2264 5270 ita
2284 5224 2363 5289 par-

356 5290 526 5357 materiam
540 5288 687 5370 fiduciae,
703 5288 882 5355 atsitbaea
898 5285 994 5351 unica
1009 5285 1139 5350 fultura.
1164 5283 1330 5367 Sequitur,
1383 5288 1534 5353 tinaciter
1562 5291 1757 5356 insanierint
1785 5291 1914 5370 Iudaei,
1948 5291 2028 5357 bino
2057 5288 2244 5375 colligimus
2274 5287 2364 5372 quod
