5038 6118
366 375 406 442 75
1162 371 1544 439 pannusculottus
1766 393 1769 402 ’
2307 368 2346 432 76

365 565 587 628 oionarentur:
610 561 667 626 sed
686 563 747 627 hcc
765 569 874 626 tamen
892 561 1040 628 omnibus
1054 562 1124 626 sine
1142 561 1330 644 exceptione
1383 558 1540 644 Sequitur
1577 580 1656 624 cro
1696 578 1886 641 suspensum
1927 577 1997 624 esse
2038 567 2159 622 terram
2198 556 2232 620 in
2265 576 2346 634 aere,

364 648 522 726 mandari,
551 654 589 712 ut
617 647 820 713 detestentur
848 645 942 723 idola,
972 647 1000 712 si
1030 646 1165 711 rideant
1193 646 1330 730 gloriam
1383 650 1537 729 quoniam
1559 647 1607 711 ita
1659 664 1696 710 eo
1718 645 1850 730 placuit.
1894 643 1983 728 Ergo
2006 662 2106 726 quum
2124 641 2346 709 fortitudinem

364 733 428 798 Dei
456 734 607 817 probrose
636 731 762 798 traduci
788 732 829 797 ab
857 731 1015 798 hostibus.
1060 731 1144 797 Nam
1167 731 1239 797 vult
1260 752 1331 815 pro
1382 731 1448 796 Dei
1480 730 1685 799 commendat
1717 729 1876 814 propheta
1907 730 1940 794 in
1976 740 2082 794 terrae
2118 729 2242 812 positu,
2283 749 2346 793 non

364 819 463 903 pheta
489 839 543 884 eos
569 839 731 903 opponere
758 817 843 884 hanc
864 818 1105 901 responsionem
1127 817 1331 883 contumeliis
1383 818 1517 883 dubium
1550 827 1599 882 est
1632 817 1712 900 quin
1741 815 1782 881 sd
1811 817 1944 881 firmum
1972 815 2043 880 eius
2068 818 2192 880 etatum
2214 813 2346 879 alludat.

365 923 476 970 eornm
505 906 560 988 qni
590 917 666 970 tuno
695 905 862 970 occasione
884 903 945 969 sibi
966 903 1042 969 data
1064 911 1215 986 poterant
1237 911 1329 986 petn·
1383 903 1543 988 Adiungit
1564 911 1685 986 postea,
1713 921 1798 967 antu
1819 906 1864 967 eat
1885 901 1940 983 q'tu‘
1960 901 2117 982 disputarit
2137 901 2174 965 itt
2193 901 2348 982 sopieruin

363 990 469 1056 laeter
496 991 665 1074 insurgere
694 997 810 1056 contra
841 1010 956 1056 verum
987 988 1105 1053 Deum.
1157 988 1253 1055 Nunc
1280 1009 1329 1054 sc·
1382 989 1491 1056 orbern.
1545 988 1620 1053 Non
1653 987 1808 1071 exprimit
1839 1005 1910 1052 esse
1944 1007 2064 1068 unum,
2102 984 2159 1052 sed
2196 985 2349 1070 intelligit

365 1076 485 1159 quitur,
1383 1077 1488 1140 tacite.
1533 1073 1727 1156 Quanquam
1757 1092 1835 1138 vero
1863 1092 1982 1137 nomen
2009 1057 2076 1140 53η
2105 1072 2262 1154 accipitur
2291 1091 2347 1153 pro

1382 1160 1461 1227 orbe
1493 1166 1669 1236 terrarum,
1703 1168 1810 1242 potest
1841 1167 1949 1222 tamen
1983 1157 2080 1223 latins
2110 1166 2230 1240 patere.
2281 1157 2348 1224 Nec

451 1247 502 1311 12.
533 1245 668 1310 Fueicaa
698 1250 813 1310 umam
844 1246 879 1310 in
911 1245 1023 1310 oirttttc
1054 1265 1132 1328 aaa,
1165 1245 1331 1326 acosma
1383 1247 1495 1312 dubito
1525 1245 1602 1330 quin
1633 1244 1748 1311 saltem
1782 1241 2035 1328 comprehendat
2064 1243 2222 1325 propheta
2250 1244 2348 1308 etiam

364 1333 465 1400 orbem
493 1332 529 1398 itt
555 1332 713 1412 sapentia
739 1351 817 1412 eun,
849 1337 878 1397 ct
905 1333 940 1396 in
969 1351 1029 1397 aua
1057 1331 1258 1415 inuuipemia
1278 1351 1331 1396 eu·
1382 1353 1481 1398 mare.
1516 1331 1562 1404 lot
1582 1331 1703 1397 scimus
1726 1350 1791 1395 non
1814 1331 1860 1394 ita
1881 1329 2044 1395 subtiliter
2066 1329 2235 1411 loqnntum
2251 1327 2349 1394 fuisse

365 1419 460 1486 matt
480 1416 584 1486 coeloe.
1382 1419 1532 1502 spiritum
1554 1417 1589 1480 in
1611 1417 1682 1499 lege
1705 1427 1737 1480 et
1759 1415 1933 1499 prophetis,
1963 1415 2117 1497 quoniam
2139 1414 2263 1499 stylum
2286 1415 2348 1480 lor·

451 1503 501 1569 13.
535 1501 589 1568 Ad
626 1521 725 1568 ocem
764 1501 868 1568 duodo
906 1503 1040 1568 tondum
1075 1522 1232 1584 aquaram
1264 1501 1330 1588 (vel
1383 1503 1486 1569 mavit
1518 1502 1558 1566 ad
1592 1521 1796 1566 communem
1828 1500 1921 1584 vulgi
1953 1512 2095 1583 captum.
2151 1499 2241 1566 Dicit
2273 1521 2349 1584 ergo

365 1594 472 1672 potius
499 1590 622 1672 copiam
652 1586 824 1673 aquarum)
851 1589 886 1670 iq
915 1587 1022 1654 coelis:
1050 1593 1079 1653 ct
1099 1589 1261 1654 ascendes
1280 1587 1331 1668 fa·
1383 1589 1484 1655 orbem
1512 1607 1578 1654 cese
1606 1587 1791 1668 dispositor
1819 1587 1854 1651 irs
1882 1587 2041 1667 sapim
2061 1585 2135 1652 Dei.
2179 1585 2241 1650 Est
2263 1588 2348 1650 enim

365 1675 448 1741 deus
478 1673 656 1740 ebenina
687 1673 725 1738 ab
757 1673 945 1739 cerostata
976 1677 1088 1756 loros,
1127 1674 1258 1758 talpam
1289 1675 1332 1740 od
1384 1676 1444 1740 hoc
1462 1672 1662 1751 admirabile,
1693 1693 1792 1755 aquas
1814 1673 1861 1738 sic
1881 1681 1992 1737 terrae
2013 1671 2151 1749 misceri,
2180 1682 2349 1736 attamen

361 1761 507 1848 pluuium
534 1779 644 1825 oscus
672 1756 805 1843 (ludens
827 1769 864 1823 ut
886 1756 990 1844 prius)
1012 1762 1039 1824 el
1060 1760 1332 1826 admonentium
1383 1758 1526 1825 babeant
1558 1759 1724 1842 proprium
1756 1757 1969 1835 domicilium,
2008 1765 2041 1822 et
2073 1765 2281 1822 coerceantur
2315 1763 2350 1822 ut

365 1847 554 1914 nuenario
575 1845 652 1910 ettt'a
1383 1864 1451 1910 non
1480 1845 1622 1910 obruant
1650 1855 1788 1909 terram:
1822 1852 1855 1908 et
1883 1843 1983 1907 etiam
2010 1843 2044 1907 in
2072 1844 2145 1925 ipsa
2170 1849 2260 1910 terra
2280 1863 2350 1908 esse

1383 1940 1508 1996 tantam
1524 1932 1722 1996 variemtem.
1745 1929 1953 2012 Adspioimus
1968 1930 2009 1995 ab
2022 1949 2090 1995 nna
2105 1932 2198 2012 parte
2213 1939 2349 2008 montes,

451 2015 546 2081 Nuno
575 2035 689 2081 rursus
718 2014 878 2081 Hebraico
907 2014 994 2097 loqni
1027 2015 1143 2099 incipit
1166 2016 1330 2082 Ieremias.
1384 2016 1499 2083 deinde
1521 2025 1696 2080 occurrunt
1722 2013 1870 2091 colliculi,
1900 2024 1977 2079 sunt
1999 2021 2102 2099 prata,
2131 2023 2209 2080 sunt
2229 2013 2350 2100 sylvae,

365 2102 521 2170 Oonsnlto
560 2102 646 2166 enim
684 2101 797 2183 posuit
824 2099 1024 2167 chaldaicum
1058 2121 1254 2182 sermonem,
1295 2110 1332 2166 ut
1383 2111 1460 2168 sunt
1490 2101 1561 2186 agri
1589 2102 1695 2167 sativi.
1739 2100 1877 2167 Accedit
1905 2099 2038 2182 quidem
2066 2099 2107 2165 ad
2136 2100 2221 2166 hanc
2248 2101 2350 2164 varic·

366 2187 549 2255 ostenderet
576 2206 640 2251 non
674 2185 850 2252 cedendum
880 2206 950 2251 esse
979 2187 1153 2268 impiorum
1183 2187 1331 2270 blasphe·
1384 2195 1486 2254 tatem
1518 2186 1680 2253 industria
1713 2186 1901 2251 hominum:
1934 2185 1990 2250 sed
2020 2186 2170 2252 ridemus
2198 2197 2235 2250 ut
2260 2185 2352 2251 Deus

366 2275 449 2354 miis,
479 2273 507 2338 si
536 2279 687 2356 proterve
709 2271 948 2336 subsannarent
968 2293 1095 2337 sacrum
1118 2271 1181 2338 Dei
1204 2294 1331 2339 nomen.
1384 2283 1503 2339 terram
1535 2272 1697 2356 aptaverit
1728 2273 1765 2337 in
1794 2271 1939 2337 diversos
1966 2292 2053 2338 usus.
2102 2272 2168 2336 Hic
2195 2287 2275 2355 ergo
2302 2293 2351 2337 re·

366 2359 431 2426 Sed
462 2358 536 2443 quia
566 2377 696 2422 neccsse
723 2365 782 2433 est,
811 2357 1046 2422 confessionem
1074 2360 1140 2423 cris
1162 2359 1333 2443 prodires
1384 2359 1487 2444 fulget
1519 2358 1719 2424 admirabilis
1753 2357 1817 2424 Dei
1849 2357 2018 2440 sapientia.
2072 2357 2191 2424 Postea
2223 2359 2279 2421 nbi
2313 2357 2351 2422 de

366 2445 439 2522 fide,
468 2455 624 2526 tanquam
653 2441 801 2508 aradios
822 2443 974 2522 fructum,
1003 2441 1076 2509 ideo
1098 2445 1257 2526 propbeta
1279 2444 1332 2510 hic
1385 2447 1483 2510 coelis
1513 2445 1673 2527 loquitur,
1703 2443 1795 2521 dicit,
1829 2443 1964 2523 eundi,
1992 2443 2043 2509 vel
2072 2452 2225 2509 extensos
2253 2444 2352 2508 luisse

366 2531 519 2596 admonet
539 2527 714 2604 Israeliten,
737 2528 869 2593 unicum
888 2548 958 2594 esse
974 2528 1090 2606 Deum,
1113 2534 1189 2611 quia
1206 2541 1334 2614 praeter
1384 2530 1448 2596 Dei
1476 2531 1687 2613 intedipotts'o.
1730 2529 1846 2597 Utitur
1873 2527 2003 2611 quidem
2031 2528 2132 2595 variis
2154 2529 2351 2606 nominibus,

367 2636 442 2682 eum
470 2635 534 2680 non
564 2615 745 2697 reperietur
774 2614 829 2696 qui
851 2621 971 2678 terram
994 2615 1163 2694 creaverit,
1191 2617 1245 2698 qui
1268 2615 1332 2681 dis·
1385 2615 1441 2682 sed
1469 2636 1538 2680 rem
1568 2636 1664 2680 unam
1693 2615 1852 2699 designat,
1886 2635 2004 2698 nempe
2032 2613 2230 2681 considerari
2259 2635 2352 2698 posse

367 2702 509 2786 posuerit
531 2701 651 2777 orbem,
672 2701 727 2782 qui
749 2698 932 2763 extenderit
953 2699 1066 2764 coelos.
1111 2699 1149 2766 Si
1171 2721 1249 2785 ergo
1273 2701 1333 2767 hoc
1384 2701 1583 2785 singularem
1612 2701 1677 2765 Dei
1711 2701 1901 2784 sapientiam
1934 2700 1969 2765 in
2000 2708 2088 2765 terra
2119 2710 2154 2766 et
2186 2701 2219 2764 in
2253 2700 2351 2766 coelo.

367 2809 432 2853 non
455 2787 604 2868 competit
627 2786 690 2850 nisi
707 2786 742 2848 in
760 2805 873 2864 unum,
894 2786 1042 2867 seqnitur
1059 2806 1172 2851 omnes
1187 2786 1332 2865 deitates,
1385 2786 1528 2868 Quidam
1559 2795 1747 2870 sequentem
1775 2807 1906 2852 versum
1936 2783 2124 2864 contexunt,
2153 2801 2188 2850 et
2214 2787 2351 2852 verbum

367 2871 529 2956 quaesibi
551 2871 692 2936 mundus
714 2870 857 2948 lubricat,
881 2891 950 2935 esse
973 2871 1081 2953 falsas,
1102 2880 1136 2936 et
1153 2893 1224 2938 esse
1242 2893 1333 2937 mera
1385 2885 1446 2941 nm
1467 2873 1563 2938 aliter
1584 2874 1859 2955 interpretantur:
1882 2871 1967 2956 quod
1989 2871 2114 2938 scilicet
2135 2872 2225 2937 Deus
2247 2873 2353 2938 coelos

367 2958 507 3024 ludibria
537 2957 679 3022 Satanas
708 2955 825 3039 quibus
854 2954 975 3023 mundo
1004 2956 1120 3023 illudit.
1171 2959 1217 3024 Et
1246 2969 1332 3024 certe
1385 2959 1550 3038 extendat,
1579 2978 1682 3041 quum
1704 2957 1835 3023 obducit
1857 2956 2005 3036 nubibus,
2032 2956 2184 3041 qnoniam
2207 2958 2353 3040 seqnitur

367 3064 463 3108 nemo
490 3041 619 3108 cordate
647 3063 683 3107 se
705 3045 846 3125 opponet
867 3043 1040 3122 erroribus,
1069 3045 1133 3109 nisi
1156 3046 1212 3127 qui
1235 3045 1333 3127 probe
1384 3043 1521 3109 verbnm
1552 3058 1622 3123 ton,
1651 3043 1737 3127 quod
1766 3043 1961 3109 tantundem
1990 3042 2087 3120 valet,
2121 3054 2217 3126 atquc
2248 3041 2353 3109 dando

367 3128 510 3194 tenuerit
531 3127 594 3192 Dei
624 3128 803 3192 veritatem.
848 3124 977 3192 Scimus
1006 3127 1105 3193 luisse
1134 3129 1210 3194 olim
1236 3151 1333 3213 quos·
1385 3129 1637 3196 multitudinem.
1672 3130 1738 3194 Sed
1757 3130 1915 3212 accipitur
1929 3149 2025 3211 saepe
2040 3129 2222 3195 infinitivus
2239 3129 2354 3194 modus

368 3215 443 3278 dam
465 3214 552 3278 inter
573 3210 791 3295 philosophos,
813 3212 868 3294 qni
889 3212 994 3277 iocose
1015 3221 1050 3276 et
1070 3214 1171 3280 facete
1189 3215 1333 3281 riderent
1385 3238 1443 3299 pro
1461 3216 1646 3299 praeterito.
1679 3216 1769 3299 Ergo
1793 3216 1946 3298 quoniam
1969 3214 2049 3280 haec
2066 3215 2226 3297 expositio
2245 3229 2354 3280 ooacta

367 3299 457 3383 vulgi
479 3296 609 3362 deliria:
632 3296 689 3362 sed
712 3317 807 3361 nemo
829 3297 913 3361 serio
927 3298 1069 3382 suscepit
1084 3299 1168 3365 hanc
1186 3319 1332 3366 eausam:
1387 3315 1446 3377 eet,
1474 3314 1507 3364 et
1535 3303 1631 3365 nimis
1662 3300 1758 3385 longe
1780 3301 1891 3384 petita,
1921 3321 1982 3383 ego
2004 3321 2077 3365 enm
2097 3299 2242 3385 repudio.
2285 3300 2354 3366 Nec

368 3405 473 3469 neque
496 3385 592 3447 etiam
618 3391 768 3467 poterant
790 3381 1003 3466 patrocinium
1025 3385 1189 3466 suscipere
1211 3385 1334 3468 gloriae
1387 3385 1520 3452 dubium
1551 3397 1600 3451 est
1629 3387 1705 3469 quin
1735 3387 1895 3470 propheta
1922 3386 1976 3452 hic
2005 3385 2157 3469 loquatur
2179 3386 2219 3451 de
2241 3387 2355 3452 natira

367 3470 431 3536 Dei
464 3471 519 3554 qui
550 3477 621 3532 erat
653 3468 716 3533 illis
744 3469 939 3554 incognitus.
990 3469 1079 3554 Ergo
1111 3491 1243 3536 necesse
1276 3479 1334 3550 eet,
1386 3471 1548 3537 coelorum
1570 3472 1682 3538 forma.
1721 3469 1831 3550 Quum
1855 3479 1962 3537 autem
1983 3470 2075 3536 Deus
2096 3471 2201 3538 coelos
2223 3471 2354 3537 obducit

367 3553 640 3640 quemadmodum
661 3552 737 3629 dixi,
769 3575 826 3619 nos
848 3552 977 3620 fundari
999 3555 1032 3619 in
1056 3575 1134 3620 vera
1154 3569 1188 3621 et
1209 3557 1335 3622 sincera
1388 3557 1538 3634 nubibus,
1566 3577 1631 3620 non
1661 3567 1795 3639 apparet
1823 3577 1903 3622 vera
1924 3559 2085 3622 coelorum
2108 3557 2242 3640 effigias.
2286 3557 2354 3623 De·

367 3642 440 3720 fide,
471 3652 507 3707 ut
535 3640 666 3707 accedat
688 3639 804 3704 deinde
826 3640 1019 3708 aedilicium.
1063 3641 1149 3706 Nam
1171 3642 1335 3725 professio,
1387 3641 1475 3724 inde,
1508 3641 1695 3707 Extendere
1724 3651 1904 3725 torquetur,
1937 3641 2012 3727 (boo
2040 3653 2098 3722 est,
2131 3643 2268 3709 verbum
2294 3642 2354 3708 hoc

370 3747 435 3810 qua
456 3727 527 3792 Deo
550 3725 706 3790 tribuitur
728 3745 787 3790 sua
809 3725 920 3809 gloria,
948 3735 997 3792 est
1019 3728 1109 3810 qnasi
1133 3729 1334 3810 superficies:
1387 3727 1463 3812 a'tttt)
1485 3726 1519 3792 in
1541 3727 1684 3791 alienum
1707 3747 1850 3808 sensum,
1881 3730 1908 3794 si
1931 3729 2088 3812 accipitur
2109 3749 2168 3811 pro
2190 3728 2354 3793 obscurari

369 3814 449 3878 fides
478 3821 597 3892 autern,
628 3831 710 3895 quae
739 3811 820 3875 latet
847 3811 938 3876 intus
966 3813 1000 3876 in
1029 3813 1135 3894 corde,
1164 3821 1214 3878 eet
1243 3815 1335 3897 quasi
1388 3814 1546 3879 nubibus:
1575 3823 1606 3877 et
1632 3815 1687 3896 qui
1710 3813 1780 3878 sine
1802 3817 2008 3880 contentione
2030 3815 2215 3897 expendent
2239 3813 2354 3890 locum,

368 3897 627 3963 fundamentum.
672 3898 767 3962 Nunc
797 3917 875 3980 crgo
896 3903 1045 3962 tenemus
1067 3897 1239 3965 eonsilium
1262 3921 1335 3983 pro·
1388 3899 1480 3964 facile
1512 3899 1574 3965 hoo
1606 3899 1792 3977 admittent,
1826 3921 1940 3982 nempe
1973 3899 2164 3984 prophetam
2198 3900 2286 3982 loqui
2315 3899 2355 3963 de

367 3984 503 4066 phetas:
532 4002 630 4065 quum
658 3982 735 4049 dicit
761 4002 862 4047 unum
883 4001 963 4065 esse,
993 3984 1047 4066 qui
1070 3992 1190 4049 terram
1213 3984 1334 4052 iecerit.
1388 3985 1548 4051 coelorum
1578 3986 1783 4050 extensione:
1810 3995 1847 4049 ut
1873 3986 1992 4068 passim
2021 3987 2182 4067 scriptura
2211 3984 2276 4050 Dei
2303 4004 2355 4050 sa·

368 4069 532 4153 Loquitur
564 4066 693 4152 quidem
726 4069 880 4152 abrupte,
913 4067 970 4132 sed
1003 4070 1107 4134 oratio
1135 4071 1209 4152 plus
1236 4070 1336 4137 habet
1389 4071 1543 4152 pientiam
1571 4070 1775 4136 commendat
1803 4071 1837 4134 in
1867 4071 1927 4136 hoc
1954 4071 2091 4136 artificio
2112 4069 2353 4136 inaestimabili.

368 4153 595 4220 vehementiae
624 4172 725 4236 quum
754 4174 870 4218 nomen
900 4153 963 4218 Dei
992 4156 1173 4237 supprimit,
1203 4176 1241 4221 ac
1268 4157 1335 4222 rir·
1389 4157 1472 4220 Nam
1502 4156 1629 4220 eoelum
1657 4157 1774 4223 dicitur
1801 4175 1871 4222 esse
1898 4177 2078 4239 expansum
2103 4177 2201 4239 supra
2223 4164 2354 4233 terram,

369 4249 472 4306 tutem
495 4241 564 4306 eius
585 4239 619 4303 in
640 4239 781 4303 medium
806 4237 944 4321 profert:
974 4240 1065 4323 quusi
1088 4240 1218 4320 diceret,
1240 4242 1336 4308 Unus
1389 4243 1465 4324 quia
1487 4240 1628 4324 undique
1646 4243 1717 4323 ipso
1739 4243 1871 4325 tegitur.
1904 4241 1976 4306 lam
1994 4243 2146 4324 quamvis
2164 4241 2355 4326 simpliciter

371 4336 437 4409 est,
471 4345 555 4390 unus
587 4335 638 4389 est
670 4324 725 4406 qui
757 4333 877 4389 terram
910 4325 1049 4404 creavit,
1082 4346 1168 4391 unus
1201 4333 1250 4392 est
1279 4329 1336 4411 qni
1389 4327 1552 4393 coelorum
1569 4346 1687 4391 nomen
1706 4339 1839 4410 usurpet
1855 4328 2018 4404 Ieremias,
2041 4338 2151 4393 tamen
2168 4327 2354 4409 complecti·

370 4411 532 4494 disposuit
563 4411 691 4488 orbem,
725 4419 758 4473 et
790 4411 844 4492 qni
877 4410 1024 4476 extendit
1055 4410 1168 4478 coeloe.
1224 4412 1334 4493 Quum
1390 4422 1444 4477 tur
1465 4412 1631 4493 miracula,
1654 4433 1736 4496 quae
1757 4413 1791 4478 in
1814 4412 1903 4478 coelo
1925 4426 2100 4497 apparent:
2125 4412 2209 4497 quod
2231 4413 2354 4478 scilieet

370 4497 450 4562 haec
483 4515 547 4560 non
580 4503 764 4580 competant
796 4496 830 4560 in
859 4493 983 4576 plnres,
1017 4497 1164 4580 sequitur
1190 4498 1336 4564 homines
1389 4498 1435 4564 sol
1469 4499 1642 4580 quotannis
1674 4499 1826 4564 conficiat
1858 4501 2023 4581 proprium
2055 4519 2202 4565 cursum:
2238 4496 2354 4563 deiude

370 4601 539 4666 perperam
561 4581 734 4665 imaginari
752 4581 860 4646 varim
876 4580 961 4648 deos.
996 4583 1087 4647 Dicit
1102 4583 1203 4648 Deum
1217 4605 1337 4650 amase
1389 4585 1532 4665 quotidie
1568 4586 1714 4667 rapiatur
1748 4583 1886 4648 adverso
1922 4595 2029 4650 motu:
2069 4585 2167 4650 etiam
2205 4584 2354 4667 planetae

370 4673 486 4733 mnam
517 4668 552 4731 in
579 4687 639 4732 asu
664 4667 786 4732 υινιιιιε.
837 4665 965 4732 Alludit
993 4669 1032 4733 ad
1062 4668 1200 4734 solidum
1231 4682 1335 4736 terrae
1389 4671 1530 4736 habeant
1560 4670 1640 4734 duos
1669 4679 1778 4734 motus
1801 4669 1962 4736 diversos:
1992 4681 2158 4755 praeterea
2180 4670 2267 4752 quod
2289 4670 2354 4735 huc

370 4761 502 4819 statum.
554 4751 742 4834 Philosophi
771 4752 901 4834 quidem
934 4754 1111 4819 ostendunt
1143 4755 1337 4822 naturaliter
1388 4768 1420 4820 et
1442 4755 1519 4820 illuc
1539 4754 1712 4820 deflectant
1733 4756 1767 4820 in
1790 4755 1934 4822 diversas
1952 4765 2074 4838 partes:
2097 4755 2180 4839 quod
2199 4756 2247 4820 eol
2266 4775 2354 4820 nuno

370 4845 458 4903 stare
486 4847 607 4903 terram
638 4838 672 4902 in
700 4845 828 4920 puncto,
857 4839 1009 4921 quoniam
1039 4841 1083 4904 sit
1104 4841 1334 4924 gravissimum
1388 4841 1538 4906 videatur
1560 4839 1743 4924 ascendere,
1772 4862 1860 4907 nunc
1882 4841 2085 4908 descendere.
2130 4841 2281 4924 Denique
2302 4863 2354 4905 ur·

371 4922 585 4989 elementum:
618 4931 649 4988 et
681 4920 858 4988 ostendunt
890 4925 1048 4990 rationem
1081 4946 1138 4991 cur
1170 4935 1258 4992 terra
1289 4928 1336 4993 sio
1388 4949 1470 4992 cana
1509 4927 1618 4991 omnia
1658 4926 1852 5012 astrologiae
1889 4926 1942 4991 hic
1975 4926 2117 4992 breviter
2150 4928 2353 4993 commendat

370 5008 510 5091 pendeat
530 5010 565 5074 in
588 5008 693 5074 medio
712 5029 796 5089 aare,
818 5009 895 5091 quia
909 5015 1058 5078 centrum
1072 5011 1184 5076 mundi
1199 5013 1336 5079 attrahit
1387 5012 1545 5077 Ieremias
1577 5032 1675 5093 quum
1708 5011 1785 5078 dicit
1811 5030 1964 5095 expansos
1990 5013 2090 5094 fuisse
2117 5013 2211 5080 coelos
2231 5033 2254 5078 e
2275 5013 2352 5090 Deo,

371 5093 457 5176 qnod
479 5095 584 5178 magis
606 5115 705 5182 grave
728 5103 785 5161 est.
821 5094 864 5159 Et
885 5094 965 5162 haec
987 5095 1117 5178 quidem
1133 5099 1212 5164 scite
1227 5097 1334 5182 diepu-
1388 5098 1483 5181 idque
1512 5095 1672 5181 singulari
1697 5107 1731 5163 et
1752 5097 1996 5178 incomparabili
2018 5100 2185 5182 sapientia.
2229 5098 2352 5180 Quam·
2479 5069 2480 5134 ἶ

371 5187 454 5244 tant.
487 5179 619 5246 Interea
640 5181 778 5246 ulterius
800 5180 951 5264 progredi
973 5201 1104 5247 necesse
1126 5194 1183 5250 est.
1220 5184 1335 5267 Neque
1387 5185 1439 5248 vie
1463 5189 1546 5268 'ergo
1574 5180 1718 5248 breviter
1747 5184 1938 5267 perstringit
1968 5183 2027 5249 boc
2049 5185 2176 5270 insigne
2199 5185 2261 5249 Dei
2285 5186 2352 5266 opi·

371 5266 458 5330 enirn
496 5276 643 5332 centrum
687 5276 794 5334 terrae
834 5275 885 5332 eet
924 5267 1118 5351 principium
1151 5271 1335 5336 creationis.
1387 5269 1508 5349 ficium,
1538 5269 1610 5334 vult
1640 5277 1748 5333 tamen
1780 5289 1837 5334 nos
1866 5267 2040 5353 diligenter
2065 5272 2214 5338 insistere
2236 5272 2272 5336 in
2294 5271 2353 5336 hac
2479 5343 2480 5348 .
