5158 6124
358 448 424 514 415
1167 435 1557 506 Punuuuomortua
2301 444 2368 510 416

360 634 524 720 pollioitus
545 632 714 709 Ieremias,
737 648 835 714 quam
858 629 952 695 Deua
973 648 1011 693 re
1032 627 1103 710 ipsa
1125 625 1336 711 praestiterit,
1473 624 1504 691 9.
1532 624 1664 707 Propter
1679 625 1850 708 propbetas
1870 625 1952 713 (alii,
1974 629 2016 695 ad
2039 631 2225 714 prophetas,
2252 638 2287 695 et
2308 651 2365 713 po·

360 713 1173 886 thitmtzt{tltttuittttttttmtt
1194 711 1338 864 thu
1387 719 1453 881 {lli
1472 710 2364 886 {iiimsslffidhiffflliffuffliffill

361 911 422 976 per
443 910 578 956 manum
600 887 695 974 Oyri,
720 898 758 952 ut
784 897 870 952 esset
898 884 980 952 illud
1009 883 1102 968 quasi
1131 883 1336 966 praeludium
1387 881 1495 968 oussa)
1524 883 1630 948 onmia
1651 902 1725 950 oasa
1745 903 1816 950 meo
1845 884 2000 969 (proprie,
2028 886 2143 952 luxata
2172 895 2260 967 suut,
2288 887 2365 970 quia

361 978 525 1043 duntaxat
555 975 687 1040 futurae
716 972 947 1055 redemptionis
985 980 1019 1036 et
1054 970 1232 1054 portentae,
1271 989 1336 1032 uon
1388 967 1428 1032 de
1461 966 1589 1033 ossibus
1622 969 1748 1052 agitur:
1789 979 1949 1052 quantum
1983 970 2024 1037 ud
2058 972 2197 1038 verbum
2229 983 2365 1056 speetu,

362 1063 482 1128 mirum
506 1069 556 1127 ast
579 1059 608 1126 si
636 1058 827 1143 prophetae,
854 1059 982 1140 quoties
1014 1055 1115 1122 rerba
1144 1055 1269 1120 iaoiuut
1297 1051 1337 1119 de
1386 1053 1550 1135 signifieat
1572 1053 1692 1138 agitari
1715 1066 1747 1119 et
1770 1057 1911 1121 moverit
1941 1054 1998 1122 sed
2026 1057 2181 1140 quoniam
2204 1078 2294 1124 nune
2316 1058 2363 1122 lo·

362 1147 472 1214 reditu
494 1145 606 1231 populi
628 1155 663 1210 at
684 1144 725 1210 de
747 1145 813 1208 fine
834 1143 957 1218 exsilii,
985 1143 1020 1206 in
1042 1140 1212 1207 Christum
1236 1139 1338 1221 respi·
1387 1139 1501 1221 quitur
1530 1137 1570 1204 de
1597 1137 1734 1217 ossibus,
1767 1159 1875 1206 sermo
1904 1141 1968 1207 erit
1995 1145 2112 1226 aptior,
2146 1144 2261 1208 luxata
2294 1164 2365 1210 esse

361 1235 450 1301 uiant
470 1241 503 1298 et
525 1230 695 1316 spirituale
713 1231 783 1295 eins
800 1249 948 1313 reguum.
980 1227 1079 1293 Nuno
1093 1245 1171 1310 ergo
1188 1235 1338 1292 tenemus
1387 1224 1489 1311 ossa),
1520 1222 1573 1305 fui
1600 1230 1752 1307 torquem
1783 1227 1835 1291 uir
1861 1227 1967 1294 ὠιιιιι
1993 1247 2089 1311 asper
2117 1248 2207 1312 ᾳιιαιι
2236 1230 2365 1294 troaaiit

361 1318 534 1386 eonsilium
565 1316 756 1400 prophetae,
788 1335 847 1379 our
880 1313 968 1380 dieat
999 1317 1142 1378 umeros
1173 1331 1239 1378 esse
1270 1311 1339 1376 dieo
1386 1310 1496 1374 vinum
1518 1308 1593 1392 (hoe
1615 1320 1674 1394 est,
1698 1321 1854 1394 tauquam
1877 1313 1929 1378 vir
1951 1313 2088 1380 obrutus
2112 1312 2210 1399 rino),
2238 1333 2260 1378 a
2276 1314 2361 1396 faeie

361 1403 477 1488 quibua
497 1423 559 1469 noar
579 1401 754 1468 versabitur
778 1401 814 1466 ιἰι
834 1420 885 1466 ore
901 1398 1016 1482 popuii
1040 1399 1132 1482 prior
1159 1396 1337 1479 redemptio,
1389 1394 1531 1477 Iebouue,
1553 1401 1582 1461 et
1601 1416 1623 1462 o
1642 1397 1726 1478 faeie
1746 1416 1922 1464 seruorum
1941 1399 2118 1466 eunomia
2139 1399 2218 1464 sisar.

362 1497 521 1573 tanquam
549 1487 732 1571 singulare,
762 1487 817 1550 vel
848 1487 1060 1569 praeeipuam
1088 1494 1337 1548 monumentum

361 1576 487 1661 gratiae
517 1574 580 1638 Dei
610 1581 643 1638 et
673 1571 824 1637 virtutis:
857 1570 914 1635 sed
944 1568 1111 1652 superabit
1143 1567 1338 1634 exoelleutia
1474 1567 1539 1634 Hie
1560 1565 1720 1650 propheta
1748 1569 1868 1634 iterum
1896 1569 2066 1637 invehitur
2094 1577 2211 1636 eontra
2239 1568 2364 1636 seelera

363 1660 524 1728 seeundae
555 1657 799 1739 redemptionis.
851 1655 947 1737 Quod
975 1654 1017 1721 ad
1049 1654 1135 1720 hano
1163 1653 1337 1718 formulam
1389 1651 1514 1734 populi:
1537 1651 1593 1716 sed
1616 1653 1692 1734 quia
1715 1663 1793 1719 tuno
1815 1655 1993 1738 prophetae
2015 1654 2084 1721 suis
2103 1654 2270 1720 blanditiis
2292 1674 2363 1720 oor·

362 1743 518 1829 loquendi
548 1752 689 1826 apertat,
719 1743 804 1809 Vivit
825 1741 979 1820 lebwar,
1008 1741 1129 1807 suimus
1150 1748 1278 1806 veterae
1299 1759 1338 1804 aa
1389 1747 1544 1822 ruperant
1561 1747 1628 1803 tam
1644 1758 1755 1822 regem
1774 1749 1808 1804 et
1826 1759 1976 1822 praeeras
1994 1759 2091 1823 quam
2106 1740 2227 1825 vulgus
2244 1741 2363 1824 ipsum,

361 1832 463 1898 luisse
486 1851 561 1896 usos
590 1829 624 1894 in
654 1828 781 1894 solenni
803 1827 1022 1892 iureiurando.
1063 1825 1190 1891 Deinde
1212 1824 1339 1909 quoties
1389 1821 1461 1888 ideo
1490 1823 1650 1907 propheta
1683 1824 1798 1910 dirigit
1829 1824 1871 1890 ad
1904 1847 1960 1892 eos
1992 1847 2187 1903 sermonem,
2220 1835 2254 1890 et
2285 1826 2365 1891 dioit

362 1915 517 1983 volebant
538 1937 608 1981 sese
631 1915 755 2000 erigere
778 1913 818 1978 ad
840 1912 960 1977 bonam
990 1933 1081 1998 spem
1103 1912 1138 1974 in
1162 1910 1259 1975 rebus
1280 1909 1339 1975 ad·
1377 1909 1546 1974 tertuum
1571 1909 1674 1991 falsae
1701 1930 1755 1976 eor
1784 1931 1879 1978 auam
1902 1917 2031 1995 propter
2054 1912 2232 1994 prophetoe.
2276 1911 2364 1976 Nam

362 2002 478 2069 versis.
513 2000 652 2081 Quoties
673 2020 752 2083 ergo
774 1998 930 2064 videbant
952 2019 987 2063 se
1009 1999 1055 2063 ita
1076 1997 1190 2081 premi,
1213 2004 1251 2060 ut
1273 2017 1338 2062 non
1390 1994 1510 2061 seimus
1543 2004 1581 2059 nt
1612 1994 1763 2062 homines
1795 2007 1911 2080 putent
1944 2019 1979 2063 se
2012 1996 2149 2062 dimidia
2177 1996 2293 2062 saltam
2322 2017 2365 2061 ex

365 2096 452 2154 esset
481 2088 565 2152 aliua
593 2087 703 2152 exitus
733 2085 891 2150 malorum
926 2103 1024 2166 quam
1055 2084 1092 2147 iu
1122 2080 1186 2146 Dei
1221 2081 1339 2167 gratia,
1390 2090 1479 2163 parte
1501 2080 1676 2160 absolutos,
1699 2081 1754 2148 ubi
1778 2103 1872 2148 nemo
1888 2090 1940 2148 est
1958 2084 2013 2166 qui
2031 2102 2147 2148 severe
2163 2083 2253 2166 ipsos
2274 2101 2365 2148 ooar·

364 2171 516 2240 dibebant
537 2172 676 2238 eundem
701 2170 819 2248 Deum,
842 2169 898 2252 qui
920 2170 999 2234 olim
1022 2168 1129 2234 luerat
1151 2167 1263 2251 populi
1286 2167 1339 2233 sui
1390 2174 1476 2249 guat.
1529 2165 1640 2247 Quum
1670 2187 1748 2248 ergo
1775 2177 1939 2233 oeasarent
1974 2169 2156 2252 prophetae
2185 2171 2221 2232 in
2247 2169 2366 2246 offioio,

362 2259 563 2342 redemptor,
587 2257 701 2322 ‘adhue
724 2257 849 2337 vivere,
879 2265 911 2320 et
941 2254 1022 2320 nihil
1046 2252 1244 2320 diminutum
1267 2273 1338 2318 esse
1391 2251 1453 2316 luit
1473 2252 1570 2318 etiam
1593 2252 1628 2316 in
1646 2255 1716 2317 toto
1732 2253 1851 2336 populo
1868 2273 1988 2338 magna
2003 2253 2168 2332 seueritas,
2191 2263 2229 2318 ut
2249 2251 2366 2318 nullus

364 2367 405 2410 ax
427 2345 497 2409 eius
519 2343 677 2427 potentia,
700 2343 778 2425 quin
800 2342 917 2422 denies,
940 2352 972 2406 et
994 2340 1127 2417 oenties,
1150 2357 1187 2406 au
1209 2339 1338 2418 millies,
1389 2347 1473 2402 esset
1507 2336 1570 2402 Dei
1600 2347 1715 2403 metus.
1765 2339 1858 2405 Haeo
1887 2340 1972 2404 ratio
2004 2349 2055 2406 est
2076 2359 2134 2404 our
2163 2360 2249 2405 nuno
2278 2336 2367 2403 diuet

363 2427 857 2581 tt⁰tt¹t⁰tttttt¹¹¹³ttt
878 2425 1337 2592 willisidlitiirlbl'
1389 2423 1811 2592 tttltttttt'ttutt
1825 2425 2171 2595 isitium
2181 2423 2368 2576 wit

364 2609 500 2685 propter
523 2599 604 2664 duae
633 2597 788 2663 rationes.
834 2598 973 2663 Mutatio
1001 2615 1157 2678 personae
1186 2617 1253 2660 non
1280 2559 1338 2661 obs
1390 2594 1466 2660 alibi
1490 2594 1624 2660 dieitur:
1648 2595 1853 2678 iguosuerent
1877 2607 1942 2662 tem
1966 2595 2122 2680 gravibus
2145 2606 2179 2661 et
2200 2594 2367 2660 atrooibus

365 2692 479 2753 murat
499 2705 641 2750 sensum.
687 2682 786 2758 Dieit,
817 2682 902 2748 Viuit
922 2681 1081 2749 Dominae
1105 2681 1160 2763 qui
1181 2681 1339 2748 edueitd
1389 2681 1538 2763 pereatis,
1562 2701 1625 2744 non
1649 2679 1821 2746 studerent
1850 2682 2007 2764 populum
2030 2682 2065 2746 in
2088 2680 2176 2746 riam
2199 2680 2366 2746 reduoere.

364 2771 502 2840 ademit
516 2768 671 2852 populum
692 2789 786 2834 arsum
806 2789 823 2832 e
843 2773 928 2833 terro
948 2766 1116 2850 oqadouia,
1140 2770 1167 2832 et
1188 2767 1338 2833 momni-
1393 2765 1562 2830 Turbatur
1590 2766 1694 2849 igitur
1721 2766 1798 2832 dicit
1825 2787 1891 2832 esse
1920 2787 1972 2833 eor
2002 2787 2096 2832 suum
2125 2765 2161 2832 ob
2184 2764 2366 2847 propbetas,

364 2859 424 2924 bera
445 2856 539 2922 terris
560 2856 604 2922 ed
617 2873 698 2935 qaas
712 2853 910 2936 sepulerum:
932 2851 989 2918 sed
1007 2853 1096 2918 nulla
1111 2861 1160 2918 est
1182 2853 1215 2916 in
1239 2873 1337 2918 sensu
1390 2851 1465 2932 quia
1486 2850 1620 2934 gravius
1641 2850 1796 2917 iudioinm
1825 2853 1913 2935 ipsos
1943 2853 2107 2930 manebat,
2135 2871 2240 2934 quum
2269 2849 2368 2915 dabe-

366 2942 575 3026 ambiguitas.
621 2939 814 3022 Caeterum,
843 2938 928 3022 quod
956 2938 996 3002 ad
1020 2959 1089 3002 rem
1112 2939 1215 3020 ipsam
1238 2938 1337 3020 perti·
1390 2945 1464 3001 rent
1495 2957 1567 3002 esse
1600 2937 1734 3019 spiritus
1768 2937 1831 3002 Dei
1864 2957 2003 3022 organa,
2045 2956 2222 3020 praeeones
2254 2935 2366 3002 iudioii

367 3035 438 3107 net,
468 3028 573 3110 primo
596 3026 700 3091 voluit
723 3026 814 3090 Dens
843 3023 1024 3089 admonitos
1047 3045 1115 3089 esse
1138 3022 1276 3088 Iudaeos
1298 3024 1339 3088 de
1390 3023 1478 3087 eius:
1501 3043 1601 3104 quum
1624 3021 1780 3089 deberent
1801 3023 1967 3106 suseipers
1989 3025 2091 3106 ipsius
2113 3041 2244 3089 oausam
2260 3023 2293 3087 in
2310 3043 2368 3086 ex·

367 3116 434 3178 suis
456 3112 606 3194 peooatis,
636 3120 675 3174 ut
697 3111 777 3175 haeo
798 3111 940 3192 cognitio
962 3118 1046 3174 esset
1067 3109 1147 3192 ipsis
1169 3110 1338 3190 transitus,
1391 3107 1628 3173 hortationibus
1651 3119 1684 3173 et
1705 3107 2011 3191 reprehensionibus
2033 3117 2067 3175 et
2088 3108 2196 3175 minis.
2233 3107 2369 3174 Interea

367 3198 421 3262 vel
444 3197 648 3279 praeparatio
671 3194 711 3260 ud
733 3195 999 3277 resipisoentiam.
1039 3193 1110 3259 Nisi
1131 3195 1220 3260 enim
1242 3216 1337 3278 repu-
1391 3213 1458 3258 non
1480 3192 1615 3260 dubium
1637 3201 1689 3260 est
1710 3196 1787 3276 quin
1809 3195 1890 3262 haee
1906 3194 2054 3261 dootriua
2069 3193 2110 3259 ad
2126 3201 2231 3259 totum
2251 3213 2369 3276 eorpus

368 3291 493 3348 tasaent
521 3301 556 3345 se
586 3281 685 3346 tuisse
713 3281 754 3344 ob
782 3279 904 3344 seelera
933 3281 1107 3362 uestigatos
1136 3280 1200 3344 Dei
1229 3301 1338 3358 manu,
1391 3279 1501 3362 populi
1523 3278 1657 3344 extendi
1680 3279 1806 3344 debeat.
1841 3279 1907 3347 Sed
1924 3280 2028 3346 voluit
2049 3281 2194 3362 inoipere
2208 3278 2369 3344 Ieremias

367 3367 422 3432 vel
452 3376 623 3450 putassent
654 3365 805 3430 exsilium
840 3385 936 3429 suum
966 3385 1037 3429 esse
1064 3365 1252 3442 fortuitum,
1285 3366 1339 3431 vel
1393 3365 1433 3430 ab
1455 3365 1534 3449 ipsis
1556 3365 1741 3448 prophetis:
1765 3367 1857 3449 quasi
1881 3366 2004 3433 dioeret
2024 3367 2086 3432 hoo
2108 3385 2180 3432 asse
2202 3364 2367 3448 prodigio-

367 3452 681 3524 obmurmuraasent,
704 3459 740 3514 ut
763 3470 860 3532 saepe
882 3452 1038 3515 leserunt.
1082 3447 1150 3515 Sed
1172 3450 1264 3516 Deua
1286 3451 1476 3530 hiesum,
1498 3449 1583 3533 quod
1601 3452 1780 3533 prophetae
1795 3453 1956 3518 iaetarent
1971 3473 2007 3518 se
2021 3471 2092 3517 esse
2108 3450 2172 3517 Dei
2187 3450 2367 3524 ministros.

369 3561 404 3606 se
437 3548 585 3603 autorem
613 3537 722 3602 exsilii
756 3536 856 3601 inisse
888 3534 1095 3618 pronuntiat,
1127 3543 1166 3600 ut
1198 3537 1342 3600 sentiant
1392 3544 1425 3600 et
1446 3536 1707 3602 obmutescerent
1737 3537 1904 3602 tamenin
1927 3538 2202 3603 tantasoelernm
2225 3535 2368 3602 lieentia.

368 3625 482 3691 Iudaei
504 3622 588 3688 hano
618 3642 755 3706 poenam
784 3623 867 3686 iusta
895 3641 931 3686 se
960 3620 1087 3686 dedisse
1115 3621 1156 3686 ob
1190 3632 1280 3686 tanta
1309 3632 1341 3686 et
1392 3619 1479 3703 Erpa
1502 3627 1629 3704 propter
1649 3623 1821 3704 prophetas
1842 3625 2008 3689 metitum
2029 3628 2076 3688 eat
2095 3643 2147 3688 eor
2174 3641 2289 3700 meum,
2319 3623 2368 3684 in-

368 3721 436 3776 tem
470 3709 586 3793 gravia
618 3707 741 3774 seelera
773 3728 857 3790 quae
890 3707 1097 3772 admiserant.
1150 3705 1217 3773 Sed
1251 3708 1341 3773 Deus
1392 3708 1473 3788 quit.
1525 3706 1655 3771 Deinde
1685 3711 1783 3772 etiam
1815 3708 1894 3775 dioit
1924 3729 1997 3774 osae
2025 3729 2087 3774 areo
2113 3706 2216 3788 faisse
2244 3707 2368 3772 mue.

369 3795 521 3862 similiter
542 3794 746 3859 demonstrat
767 3794 802 3856 in
831 3813 931 3858 manu
960 3813 1020 3858 sua
1045 3813 1117 3858 esse
1145 3801 1178 3857 et
1206 3793 1341 3858 arbitrio
1393 3789 1506 3871 Quum
1539 3791 1682 3859 Genesis
1714 3795 1819 3875 primo
1851 3815 1921 3878 oap.
1952 3794 2031 3860 dioit
2064 3793 2174 3859 Moses
2212 3794 2369 3876 spiritum

369 3881 542 3947 restituere
563 3901 643 3963 quos
666 3879 838 3944 afflixerat.
882 3879 967 3942 Nam
990 3877 1133 3943 eiusdem
1163 3878 1222 3943 fuit
1243 3878 1341 3943 redu·
1393 3878 1552 3961 agitatum
1575 3878 1674 3944 inisse
1696 3899 1795 3962 super
1817 3900 1928 3962 aquas,
1955 3881 2042 3945 idem
2065 3878 2201 3944 verbum
2225 3877 2370 3960 ponitur,

369 3985 442 4032 oere
472 3986 491 4029 a
523 3975 628 4029 morto
657 3965 712 4046 qui
747 3962 924 4041 oooiderat,
959 3963 1229 4046 quemadmodum
1263 3963 1341 4030 alibi
1393 3962 1449 4028 sed
1473 3964 1508 4028 in
1529 3963 1594 4028 alia
1611 3964 1851 4048 euniugatiooe.
1886 3964 2053 4048 Quidquid
2073 3967 2126 4042 sit,
2149 3963 2272 4049 optima
2294 3984 2372 4030 oon-

370 4052 507 4125 dieitnr‚
535 4051 626 4115 Deus
652 4060 702 4115 est
729 4051 787 4133 qui
816 4049 1006 4127 mortificat,
1040 4048 1156 4115 deinde
1185 4049 1339 4115 vivifioat.
1393 4048 1493 4126 venit,
1523 4048 1636 4115 luxata
1658 4050 1758 4116 fuisse
1781 4053 1850 4116 eius
1872 4072 1954 4116 ossa.
2000 4050 2130 4117 Soimus
2158 4059 2269 4114 eutem
2295 4069 2372 4114 ossa

369 4139 514 4204 Possunt
546 4134 678 4218 quidem
712 4135 847 4218 perdere
880 4134 990 4213 multi,
1021 4135 1075 4216 qui
1109 4155 1176 4200 nou
1209 4144 1342 4219 possent
1393 4135 1799 4218 sioligataessenervia,
1825 4146 1950 4202 utnon
1972 4144 2101 4201 mutent
2123 4135 2241 4201 looum.
2283 4134 2370 4200 Nam

370 4243 487 4288 sanare
521 4221 655 4298 vulnus,
696 4221 781 4301 quod
815 4221 980 4285 ieoerunt:
1016 4219 1073 4284 sed
1107 4232 1265 4302 quantum
1300 4220 1340 4286 ad
1393 4220 1561 4286 oonouasio
1583 4221 1682 4286 unius
1712 4223 1794 4288 ossis
1824 4223 1920 4288 iaoiet
1951 4231 1988 4288 ut
2018 4231 2122 4287 totum
2151 4222 2221 4286 fere
2251 4240 2371 4302 eorpus

370 4308 476 4372 Deum
500 4316 634 4388 spectat,
658 4306 753 4371 sionti
776 4307 947 4372 estiustus
969 4305 1076 4384 iudex,
1098 4307 1146 4370 ita
1168 4307 1341 4372 etmiseri·
1393 4305 1437 4369 sit
1469 4305 1594 4370 inutile.
1639 4305 1729 4390 Ergo
1763 4306 1824 4372 hao
1858 4307 2013 4390 loquendi
2046 4308 2151 4372 lorma
2183 4307 2371 4389 exprimere

370 4413 443 4459 oors
464 4402 623 4458 servator.
665 4390 736 4456 Iam
760 4391 789 4457 si
812 4413 898 4457 mors
928 4403 977 4457 est
1005 4392 1041 4456 in
1073 4390 1142 4456 eiua
1172 4399 1341 4474 potestate,
1394 4389 1499 4456 voluit
1530 4393 1757 4473 gravissimam
1792 4395 2087 4475 perturbationem:
2121 4393 2215 4476 quasi
2249 4391 2372 4456 dioeret

370 4479 497 4562 quoties
520 4478 592 4542 vult
609 4497 746 4561 poenam
762 4477 895 4559 exigere
912 4476 951 4542 de
966 4475 1141 4542 seeleribus
1157 4477 1341 4542 hominum:
1393 4474 1552 4558 quidquid
1585 4477 1727 4543 habebat
1760 4479 1994 4557 firmissimum,
2024 4478 2075 4543 vel
2105 4477 2369 4543 robustissimum

370 4567 417 4630 ita
445 4565 542 4628 etiam
572 4564 674 4628 vitam
705 4562 803 4628 habet
833 4563 868 4626 in
898 4582 958 4627 sua
986 4583 1086 4627 manu
1117 4571 1150 4628 et
1179 4563 1342 4646 obsequio,
1393 4561 1494 4626 luisse
1516 4562 1631 4646 fragile
1653 4568 1688 4627 et
1709 4565 1804 4646 quasi
1826 4566 2014 4631 evanidum.
2060 4564 2180 4629 Postea
2202 4571 2370 4644 eomparat

371 4671 471 4734 quum
495 4648 567 4714 vult
590 4648 746 4714 misereri.
792 4648 889 4712 Nune
910 4667 987 4730 ergo
1010 4658 1159 4713 tenemus
1181 4668 1244 4731 qno
1265 4671 1341 4714 oon·
1394 4669 1429 4713 se
1453 4646 1577 4712 homini
1599 4647 1706 4714 ebrio:
1736 4669 1800 4731 qua
1822 4650 2013 4734 metaphora
2034 4649 2248 4733 intelligitus
2271 4648 2372 4712 tuisse

371 4736 444 4802 silio
461 4735 583 4800 dixerit
604 4734 765 4815 propheta
785 4734 930 4816 expulsus
947 4733 1048 4814 fuisse
1066 4733 1205 4800 Iudaeos
1226 4756 1247 4798 o
1263 4734 1341 4800 Deo.
1394 4753 1527 4817 prorsus
1560 4735 1751 4818 attonitum,
1793 4738 1844 4803 vel
1878 4757 1994 4802 seusus
2027 4756 2140 4801 omues
2174 4735 2275 4800 luisse
2308 4731 2371 4798 sibi

371 4824 493 4889 Postea
526 4819 687 4903 adiungit,
742 4818 936 4884 Hoditubunt
967 4840 1062 4901 super
1092 4824 1209 4886 huam
1240 4840 1341 4902 auum,
1393 4820 1527 4884 ablatos.
1584 4819 1628 4883 lit
1656 4819 1813 4906 adiungit,
1844 4822 2063 4906 Superesse
2094 4821 2224 4887 transiit
2251 4819 2370 4884 uiuum.

372 4910 449 4991 quia
476 4907 619 4990 oportuit
647 4926 749 4989 usque
779 4906 819 4969 ad
843 4905 966 4971 Christi
996 4905 1174 4972 adventum
1205 4904 1342 4971 Iudaeos
1394 4905 1479 4971 Nam
1508 4917 1573 4980 'tw
1601 4905 1765 4990 signifieat
1795 4913 1945 4985 transire,
1979 4908 2036 4973 sed
2065 4907 2119 4972 hio
2148 4907 2282 4990 ponitur
2311 4923 2370 4988 pro

372 4993 527 5060 sustineri
550 4993 612 5059 huo
634 4991 766 5066 fultura,
796 4995 880 5074 quod
906 4990 1059 5056 ridebant
1081 5012 1115 5056 se
1137 4993 1206 5057 lore
1227 4992 1260 5056 in
1281 4991 1342 5058 hao
1395 4990 1590 5075 transgredi.
1628 4990 1695 5071 Qui
1718 5003 1826 5058 autem
1849 4992 2023 5060 immodioo
2046 5003 2125 5075 potu
2147 4993 2288 5057 obrutus
2310 4997 2370 5068 est,

372 5079 583 5155 haereditate,
606 5098 688 5162 quaa
710 5076 872 5161 promissa
889 5075 995 5142 fuerat
1017 5078 1163 5160 patribus
1185 5088 1341 5160 tanquam
1394 5076 1525 5141 videtur
1548 5097 1618 5141 esse
1637 5077 1729 5160 quasi
1745 5078 1930 5145 demersus:
1953 5077 2229 5162 quamadmodum
2254 5077 2371 5160 siquis

372 5173 526 5230 aeternae
548 5165 636 5230 vitae
657 5164 777 5250 pignus
799 5175 831 5228 et
858 5163 951 5246 regni
973 5163 1130 5229 eoelestis.
1173 5162 1270 5230 Nune
1292 5183 1342 5228 se·
1393 5163 1487 5227 eadat
1514 5162 1575 5226 sub
1606 5183 1732 5246 aquam,
1763 5187 1827 5231 non
1858 5165 1963 5250 magis
1993 5173 2159 5249 mergetur
2187 5183 2286 5247 quam
2316 5162 2371 5227 ubi

371 5251 492 5334 quitur,
1394 5247 1564 5314 oerebrum
1598 5269 1694 5314 snum
1727 5253 1866 5316 suffooat
1894 5253 1989 5317 vino:
2024 5260 2073 5317 est
2105 5251 2195 5315 enim
2228 5249 2372 5314 ebrietas

1395 5335 1500 5400 instar
1521 5334 1690 5400 ouiusdam
1712 5337 1863 5421 sepulcri,
1887 5339 1962 5420 quia
1977 5347 2067 5402 tenet
2082 5341 2187 5402 totum
2204 5335 2372 5402 hominem
