5158 6124
365 415 429 482 499
1170 412 1557 480 Paaanaoatottlcs
2299 412 2364 478 500

366 602 428 666 fuit
451 621 561 668 arcere
583 620 695 666 omues
717 601 829 667 hostes
858 601 899 666 ab
920 621 1059 668 accessu.
1105 599 1215 682 Quum
1238 601 1338 684 igitur
1387 600 1547 666 iudicem?
1577 603 1667 684 Ergo
1696 599 1808 666 veniat
1837 600 1931 665 nobis
1960 600 1993 664 in
2016 607 2160 665 mentem
2184 599 2263 664 haec
2286 598 2361 664 doc·

367 688 577 769 pertinaciter
605 688 795 752 resisterent
822 688 889 752 suis
917 685 1083 770 hostibus,
1112 687 1266 751 dicuntur
1291 706 1338 750 re·
1388 685 1475 750 trina
1492 687 1619 768 quoties
1643 704 1718 749 caro
1741 695 1853 749 nostra
1875 683 1916 748 ad
1940 683 2107 749 fremitum
2131 705 2190 749 nos
2210 684 2360 766 impellit,

366 774 474 838 auiam
494 771 619 838 calicem
641 793 657 837 e
677 791 774 837 mauu
789 771 860 849 Dei,
884 774 961 855 quia
977 773 1038 838 visi
1061 781 1138 836 suut
1159 771 1222 836 sibi
1244 791 1336 854 posse
1388 771 1440 836 vel
1471 771 1511 834 ed
1541 771 1795 855 impatientiam,
1830 770 1946 835 melius
1977 769 2146 834 nobiscum
2173 771 2244 852 agi,
2273 769 2359 853 qnod

367 857 528 940 depellere
567 857 685 922 malum
728 857 814 939 quod
855 859 1006 926 instabat.
1062 856 1129 922 Sed
1173 866 1337 938 utcunque
1387 856 1503 939 incipit
1524 856 1616 922 Deus
1638 876 1657 920 a
1681 855 1782 930 nobis,
1813 855 1889 938 quia
1912 853 2043 920 tandem
2066 855 2238 919 trahentur
2259 857 2358 921 etiam

367 951 519 1026 putarent
548 963 583 1008 se
613 944 681 1007 fore
710 942 864 1022 invictos,
896 954 929 1006 et
961 944 1075 1009 confisi
1104 962 1164 1007 sua
1193 942 1337 1023 potentie
1387 963 1445 1006 suo
1468 941 1582 1006 ordine
1598 942 1751 1024 profanae
1767 949 1881 1023 gentes
1904 938 1943 1006 ad
1960 941 2149 1004 interitum:
2172 960 2232 1005 noa
2250 951 2358 1004 autem

367 1027 485 1094 acriter
507 1047 578 1094 sese
600 1038 801 1111 opponerent
823 1027 980 1106 hostibus,
1011 1028 1090 1094 dicit
1113 1039 1221 1092 tamen
1245 1025 1337 1090 Deus
1387 1037 1516 1091 tantum
1540 1026 1773 1109 temporalibus
1796 1026 1908 1109 poenis
1930 1024 2078 1108 defungi,
2110 1037 2146 1090 ut
2168 1025 2261 1090 Deus
2290 1035 2360 1089 tun-

365 1114 476 1178 irritos
494 1113 562 1178 fore
580 1123 714 1179 conatus
735 1112 816 1190 illos,
840 1123 872 1177 et
889 1112 1039 1180 inutiles:
1063 1113 1197 1193 mena,
1220 1112 1336 1193 inquit,
1387 1110 1461 1176 dem
1484 1132 1544 1195 pro
1566 1123 1704 1194 paterno
1733 1131 1792 1175 suo
1822 1112 1934 1176 fevore
1964 1132 2023 1175 nos
2056 1111 2169 1193 erigat.
2214 1111 2258 1175 Et
2285 1110 2358 1176 ideo

366 1197 482 1264 libetis
528 1197 684 1280 Sequitur
706 1197 798 1274 ratio,
1388 1198 1483 1262 etiam
1514 1196 1638 1262 Paulus
1666 1195 1743 1262 dicit
1771 1195 1814 1281 (2.
1838 1197 1951 1260 Thess.
1978 1197 2006 1274 f,
2028 1195 2062 1275 4)
2090 1196 2174 1260 benc
2203 1216 2273 1260 esse
2303 1194 2358 1260 dc·

1389 1283 1661 1346 monstrationem
1683 1281 1761 1346 iusti
1784 1281 1896 1347 indicii
1918 1279 1992 1358 Dei,
2022 1278 2101 1344 dum
2123 1278 2236 1345 fideles
2258 1281 2358 1345 subii·

1388 1366 1519 1432 ciuntur
1549 1367 1660 1432 multis
1689 1366 1839 1432 miseriis.
1891 1365 2003 1446 Quum
2033 1366 2121 1429 enim
2151 1366 2243 1431 Deus
2273 1366 2359 1432 filios

453 1419 504 1484 29·
530 1419 613 1501 Oula
645 1437 708 1483 ⁶⁶⁶⁶
740 1419 775 1484 ‘l‘
812 1417 886 1482 “lle
908 1419 965 1518 ,ar
994 1439 1058 1517 ,ΨΜ
1089 1421 1263 1517 invoealim
1295 1423 1338 1484 ⁶⁸³
1388 1471 1463 1517 suos
1496 1452 1644 1535 castiget,
1685 1471 1823 1534 qnorum
1864 1460 1973 1516 tamen
2011 1451 2199 1533 obsequium
2232 1453 2358 1534 probat,

366 1524 478 1569 ”limen
498 1523 599 1570 mium
616 1523 710 1584 ΜΡΝ
727 1522 805 1584 ‘amr
830 1523 883 1586 ⁰9⁰
901 1523 1018 1584 ΜΡΝ
1036 1504 1078 1568 “d
1094 1504 1337 1585 maledmdum
1389 1557 1498 1601 nonne
1520 1538 1611 1619 quasi
1635 1539 1669 1602 iu
1691 1537 1823 1618 speculo
1845 1536 1922 1603 licet
1949 1536 2164 1618 contemplari
2194 1535 2279 1618 quod
2305 1537 2360 1601 ad-

367 1588 565 1689 (admistum
586 1588 883 1688 intercolumna
910 1608 966 1654 ⁰⁰⁸
992 1589 1115 1653 immi
1135 1590 1248 1654 erim?
1277 1609 1337 1653 '²⁰⁷¹
1389 1624 1452 1688 huo
1473 1623 1634 1688 oecultum
1666 1621 1738 1686 est?
1769 1641 1887 1704 nempe
1916 1620 2105 1685 horribilem
2135 1642 2274 1704 poenam
2304 1623 2358 1686 in·

367 1678 457 1773 imm
478 1694 622 1739 ''mm’'
651 1694 727 1773 ilia
747 1672 888 1756 diadum
910 1693 964 1756 ⁰9⁰
985 1674 1097 1776 ,adm
1117 1694 1213 1754 ΜΨ
1234 1693 1339 1739 ‘mm
1388 1706 1540 1773 cumbere
1561 1706 1711 1772 omnibus
1732 1706 1919 1772 incredulis.
1957 1705 2049 1770 Deos
2071 1727 2149 1789 ergo
2173 1727 2360 1789 repraesen-

367 1757 484 1824 ⁸⁹¹⁶⁰l⁰⁸
505 1762 615 1842 ‘mae’
638 1759 714 1825 dmi
736 1757 871 1824 [emal
891 1763 1089 1824 ‘mmm‘
1389 1798 1437 1858 tat
1469 1790 1566 1858 hodie
1596 1792 1690 1857 nobis
1719 1793 1888 1857 interitum
1916 1791 2059 1856 hostium
2093 1812 2243 1875 suorum,
2279 1791 2358 1856 dum

1388 1898 1446 1941 uos
1469 1888 1604 1960 paterno
1619 1897 1709 1943 more
1724 1877 1879 1960 castigat:
1902 1886 1934 1940 et
1949 1876 2030 1941 haee
2045 1881 2095 1942 est
2116 1888 2206 1943 certe
2228 1877 2359 1940 demon-

452 1962 605 2028 Probatio
635 1983 678 2026 ex
707 1962 944 2044 comparatione
971 1963 1106 2026 minoris
1144 1970 1177 2026 et
1206 1963 1335 2026 maioris
1388 1963 1513 2040 stratio,
1536 1974 1594 2028 aut
1616 1964 1691 2027 viva
1713 1962 1821 2044 imago
1842 1961 1951 2026 iudicii
1975 1962 2061 2040 eius,
2090 1961 2174 2043 quod
2198 1962 2359 2028 inereduli

367 2045 507 2114 additur.
555 2047 610 2114 Sic
631 2047 718 2112 enim
742 2047 955 2113 ratiocinatur
980 2047 1156 2130 propheta:
1185 2046 1222 2110 Si
1246 2047 1336 2112 Deus
1387 2069 1450 2110 non
1474 2057 1635 2125 metuunt,
1658 2045 1714 2110 sed
1737 2067 1850 2112 secure
1873 2045 1990 2110 rident.
2025 2046 2113 2112 Dicit
2136 2059 2256 2130 autem,
2280 2047 2360 2112 Ecce

366 2144 498 2198 sanctae
518 2131 589 2196 urbi
608 2153 674 2196 non
692 2134 804 2214 parcit,
823 2134 856 2196 in
873 2132 1012 2215 quesibi
1029 2132 1150 2214 delegit
1167 2132 1334 2214 templum,
1385 2133 1503 2213 incipio
1530 2133 1571 2198 ad
1599 2133 1715 2196 malam
1745 2132 1951 2214 deserendam.
1993 2144 2060 2207 aba
2090 2143 2139 2196 est
2167 2133 2359 2198 malefacere

366 2229 398 2283 et
419 2217 522 2284 voluit
545 2238 662 2282 nomen
683 2239 777 2282 suum
795 2218 951 2296 invocari,
975 2217 1135 2299 quomodo
1151 2219 1335 2300 ignosceret
1386 2218 1525 2301 proprie,
1548 2227 1582 2282 et
1603 2218 1685 2281 dura
1707 2228 1793 2282 esset
1815 2219 1970 2299 loquutio,
1996 2236 2099 2298 quum
2123 2217 2215 2283 Deus
2239 2219 2359 2282 dicitnr

366 2305 542 2386 extraneis,
565 2303 682 2385 quibus
705 2302 786 2368 nihil
810 2323 951 2387 unquam
977 2303 1141 2388 pollicitus
1164 2301 1235 2368 est?
1258 2304 1333 2384 quia
1386 2304 1585 2378 malefacere,
1619 2303 1683 2367 nisi
1717 2303 1801 2384 quod
1829 2301 1924 2367 debet
1957 2304 2138 2367 communis
2172 2323 2251 2368 usus
2284 2323 2356 2369 eam

364 2389 500 2454 ducebat
524 2408 582 2470 pro
599 2387 735 2454 alienis?
760 2410 837 2474 ergo
859 2391 886 2453 si
909 2388 1034 2472 lignum
1052 2389 1155 2452 viride
1173 2390 1333 2453 consumi·
1386 2388 1520 2453 mollire.
1555 2388 1621 2468 Qui
1634 2388 1839 2452 mediocriter
1858 2388 2028 2453 exercitati
2047 2388 2175 2451 suntin
2194 2389 2358 2469 scriptura

363 2483 425 2548 tur,
449 2474 576 2539 aridum
600 2496 664 2538 nen
683 2472 827 2539 manebit
849 2473 987 2540 salvum.
1021 2474 1256 2538 Heecsumma
1275 2484 1333 2538 est.
1386 2475 1494 2540 sciunt
1516 2475 1624 2538 vocari
1650 2473 1735 2537 mala
1766 2494 1817 2538 res
1841 2473 2008 2550 adversas,
2038 2493 2154 2556 nempe
2184 2473 2358 2538 hominum

362 2558 456 2623 Idem
478 2569 707 2641 argumentum
731 2559 803 2622 aliis
827 2559 934 2623 verbis
959 2559 1147 2640 exsequitur
1169 2559 1333 2637 apostolus
1386 2580 1493 2623 sensu.
1538 2558 1667 2623 Dicitur
1697 2579 1774 2641 ergo
1802 2558 1967 2623 Dominus
1996 2556 2120 2622 malum
2149 2558 2271 2623 inferre
2299 2558 2358 2623 ho-

364 2643 407 2728 (1.
434 2643 505 2708 Pet.
528 2644 559 2726 4,
585 2642 646 2728 ll).
692 2644 869 2724 Postquam
894 2645 977 2708 enim
1002 2643 1085 2706 dixit
1105 2643 1260 2707 iudicium
1283 2643 1333 2706 in·
1387 2644 1538 2719 minibus,
1563 2664 1626 2708 non
1642 2643 1851 2725 quodnoceat
1874 2645 1962 2726 ipsis,
1985 2643 2035 2708 vel
2060 2643 2144 2724 quod
2168 2643 2279 2725 inique
2301 2655 2360 2708 eut

364 2730 473 2811 cipere
500 2747 519 2794 e
542 2729 634 2792 domo
656 2727 737 2805 Dei,
769 2729 922 2794 continuo
951 2741 1022 2811 post
1050 2726 1192 2806 subiicit,
1226 2727 1331 2807 Quam
1386 2728 1561 2794 crudeliter
1583 2729 1709 2793 saeviat
1726 2729 1760 2792 in
1779 2747 1852 2793 eos:
1876 2727 1932 2792 sed
1951 2729 2102 2811 quoniam
2119 2727 2275 2811 quidquid
2299 2728 2358 2794 ed·

364 2812 532 2879 horribilis
563 2833 640 2897 ergo
670 2813 813 2880 vindicta
842 2813 944 2896 ipsius
976 2814 1037 2877 Dei
1067 2823 1196 2897 apertos
1225 2812 1334 2877 hostes
1388 2833 1516 2878 versum
1551 2822 1600 2878 est
1632 2813 1802 2877 hominum
1836 2815 1960 2888 animo,
1994 2814 2142 2878 sentiunt
2174 2823 2207 2878 ot
2241 2824 2361 2878 vocant

364 2899 498 2965 manet?
529 2897 638 2980 Atque
667 2898 744 2964 hinc
773 2897 938 2983 colligitur
968 2897 1057 2964 utilis
1090 2898 1245 2964 doctriua.
1296 2895 1333 2964 Si
1387 2899 1518 2964 malum.
1565 2897 1687 2980 Incipio
1709 2899 1810 2983 igitur
1838 2899 2020 2980 malefacere
2048 2900 2083 2963 ia
2109 2899 2199 2983 arbe,
2232 2900 2267 2964 ia
2293 2919 2360 2980 qua

365 2985 452 3050 enim
487 2984 578 3048 Deus
611 3005 677 3047 non
714 2991 842 3050 tantum
883 2985 1064 3066 promiscue
1103 3005 1137 3049 se
1172 2983 1334 3050 vindicem
1385 2985 1560 3049 invocatam
1586 2989 1631 3050 eet
1656 3003 1764 3048 maten
1784 3003 1885 3049 meam
1911 3004 2005 3066 stipor
2033 3003 2111 3050 eam.
2155 2983 2287 3049 Dicitur
2308 2987 2360 3048 in·

364 3068 524 3134 scelerum
547 3068 618 3135 fore
640 3078 814 3148 assereret,
846 3069 901 3135 sed
933 3069 1048 3135 citaret
1075 3071 1179 3152 primo
1201 3069 1271 3134 loco
1294 3068 1334 3134 ad
1387 3068 1496 3136 vocari
1518 3089 1635 3134 nomen
1658 3067 1722 3132 Dei
1744 3088 1843 3151 super
1870 3068 2012 3151 aliquem
2036 3068 2210 3153 populum,
2243 3069 2298 3134 ubi
2322 3090 2360 3135 se

365 3153 510 3218 tribunal
533 3174 627 3219 suum
651 3154 818 3220 ecclesiam
844 3173 940 3236 qnam
964 3153 1075 3238 elegit,
1100 3164 1208 3236 posset
1231 3154 1334 3219 videri
1387 3155 1537 3237 promisit
1569 3155 1637 3220 fore
1668 3152 1833 3221 custodem
1870 3165 1903 3218 et
1939 3163 2080 3220 tutorem
2108 3153 2197 3218 illins
2231 3155 2358 3237 populi:

366 3236 507 3302 deterior
529 3239 598 3302 eins
620 3237 762 3303 conditio
785 3239 1035 3321 quamalierum
1052 3240 1210 3322 gentium.
1245 3239 1335 3322 Ergo
1387 3239 1506 3304 dicitur
1527 3241 1624 3304 etiam
1648 3239 1795 3306 invocari
1820 3259 1937 3304 nomen
1967 3241 2051 3316 eius,
2083 3259 2181 3322 quum
2207 3237 2360 3306 homines

366 3328 502 3405 possent
523 3323 650 3404 piorum
675 3324 775 3388 animi
799 3323 987 3404 concidere,
1015 3324 1042 3388 si
1071 3327 1118 3388 ita
1144 3345 1254 3390 secum
1284 3344 1333 3388 re·
1387 3324 1427 3388 ad
1449 3325 1518 3390 eius
1541 3323 1638 3389 fidem
1661 3334 1695 3389 et
1717 3324 1852 3389 tutelam
1865 3344 1900 3390 se
1911 3325 2092 3390 conferunt.
2128 3323 2192 3390 Sed
2217 3325 2361 3390 tenenda

366 3414 538 3491 putarent:
580 3408 719 3474 Videtur
751 3408 812 3475 hoe
845 3409 1011 3492 singulare
1044 3408 1107 3472 Dei
1144 3408 1333 3474 beneficium
1387 3417 1437 3474 est
1458 3411 1603 3493 genuina
1625 3409 1831 3493 significatio,
1850 3408 1936 3492 qnod
1958 3411 2128 3478 invocetur
2150 3429 2268 3473 nomen
2292 3408 2360 3474 Dei

365 3514 451 3570 esse,
482 3491 567 3576 quod
597 3514 656 3559 nos
683 3495 744 3560 sibi
766 3495 898 3578 propius
931 3494 1097 3560 adiunxit:
1127 3495 1220 3575 atqui
1249 3493 1334 3559 cedit
1387 3515 1486 3578 super
1508 3495 1647 3578 aliquem
1670 3495 1843 3578 populum,
1873 3495 1927 3560 ubi
1950 3494 2089 3578 populus
2111 3504 2263 3560 censetur
2285 3515 2360 3560 osse

365 3577 419 3645 hic
448 3578 555 3644 honor
581 3579 616 3642 in
646 3598 782 3661 poenam
809 3578 980 3644 duntaxat.
1024 3579 1116 3644 Dens
1143 3581 1229 3644 enim
1257 3599 1334 3644 con·
1387 3579 1447 3644 sub
1480 3581 1550 3645 eins
1586 3580 1650 3644 fide
1683 3589 1717 3644 et
1745 3579 1908 3644 custodia:
1937 3578 2210 3661 quemadmodum
2239 3599 2360 3645 nomen

365 3665 456 3729 niret
479 3662 519 3728 ad
542 3664 665 3730 scelera
687 3665 851 3748 gentium,
879 3673 912 3729 et
934 3665 1064 3730 videtur
1095 3664 1151 3730 iila
1173 3663 1334 3730 oblivione
1387 3663 1450 3729 Dei
1473 3665 1660 3729 invocatum
1683 3672 1733 3728 est
1755 3685 1852 3747 super
1874 3664 1957 3729 filios
1978 3663 2142 3741 Abrahae,
2165 3666 2242 3746 quia
2263 3663 2360 3747 polli-

366 3747 521 3830 sepelire:
550 3749 646 3815 simul
669 3758 778 3815 autem
802 3760 898 3830 atque
919 3749 1000 3833 lapsi
1022 3770 1152 3827 sumus,
1174 3749 1334 3814 sentimus
1387 3750 1470 3814 citus
1492 3749 1600 3815 fuerat
1621 3769 1656 3814 se
1678 3750 1742 3814 illie
1758 3751 1824 3814 fore
1846 3751 1880 3814 in
1893 3749 2012 3828 Deum,
2035 3759 2069 3813 et
2083 3749 2308 3833 gloriabantur
2323 3771 2361 3815 se

366 3834 461 3917 signa
490 3834 559 3900 iree
587 3835 666 3900 eius.
711 3834 900 3899 Praestaret
926 3835 1028 3918 igitur
1060 3855 1120 3900 nos
1153 3833 1264 3918 procul
1294 3834 1335 3899 ab
1388 3855 1458 3900 esse
1473 3833 1668 3918 peculiarem
1686 3834 1755 3900 eius
1771 3835 1939 3917 populum,
1956 3855 2072 3917 nempe
2087 3834 2270 3917 adoptionis
2285 3855 2360 3920 gra-

365 3919 437 4001 ipso
470 3917 608 4001 distare,
645 3939 785 4002 eumque
818 3938 882 3983 non
915 3939 1028 4002 gerere
1060 3925 1129 3985 tam
1161 3918 1333 3987 sollicitam
1387 3921 1442 3986 tia.
1458 3921 1512 3986 Ite
1522 3921 1706 3986 invocatum
1719 3920 1780 3984 fuit
1792 3939 1912 3984 nomen
1924 3919 1988 3983 Dei
2003 3940 2101 4003 snper
2111 3919 2360 4003 lerosolymam,

367 4003 470 4070 nostri
493 4023 615 4070 curam.
655 4004 786 4070 Fideles
808 4005 909 4088 igitur
932 4004 993 4068 hoc
1015 4005 1110 4069 modo
1136 4006 1335 4088 praeferrent
1387 4007 1539 4088 quoniam
1563 4005 1723 4071 illiceret
1752 4001 1909 4087 templum
1939 4014 1972 4069 et
1994 4005 2115 4085 altare,
2145 4015 2178 4069 et
2205 4005 2361 4088 quoniam

366 4090 427 4155 sibi
451 4088 644 4155 incredulos.
689 4088 755 4155 Sed
779 4089 860 4154 haec
888 4087 1034 4155 doctrina
1055 4089 1184 4174 mitigat
1205 4110 1334 4156 omnem
1390 4092 1480 4156 Deus
1503 4091 1640 4157 vocabat
1661 4091 1806 4173 quietem
1829 4110 1922 4154 snam
1953 4088 2005 4154 vel
2035 4089 2252 4168 domicilium,
2285 4092 2359 4155 ideo

367 4174 576 4241 acerbitatem
601 4173 729 4252 doloris,
751 4175 807 4256 qui
830 4174 949 4257 alioqui
973 4185 1082 4256 posset
1104 4195 1162 4240 nos
1184 4173 1224 4239 ad
1248 4194 1335 4240 ema·
1388 4176 1598 4240 nomenoius
1620 4175 1682 4240 fuit
1698 4175 1765 4241 illic
1780 4174 1916 4254 celebre,
1939 4183 1972 4239 et
1994 4173 2054 4240 boc
2069 4185 2118 4240 est
2136 4175 2220 4257 quod
2239 4175 2359 4258 gallice

366 4257 540 4324 rulantiam
570 4278 753 4343 provocare.
805 4259 889 4324 Nem
924 4279 1022 4343 quum
1051 4258 1112 4325 hoe
1141 4260 1233 4325 nobis
1260 4279 1335 4343 pro·
1389 4260 1533 4338 dicimus,
1557 4258 1598 4324 Se
1617 4259 1781 4342 reclamer,
1810 4259 1836 4324 il
1856 4280 1890 4324 se
1910 4259 2039 4326 recinam
2060 4260 2135 4324 d'an
2155 4260 2212 4339 tet,
2241 4279 2358 4344 nempe

366 4345 511 4428 ponitur,
532 4344 640 4409 Deum
655 4345 798 4425 incipere
813 4344 854 4408 ab
868 4345 1012 4422 ecclesia,
1032 4355 1070 4409 ut
1087 4344 1184 4427 longe
1202 4345 1336 4428 gravius
1389 4345 1443 4427 qui
1466 4345 1554 4410 hunc
1577 4344 1743 4409 velillum
1766 4345 1829 4410 sibi
1855 4353 2026 4428 patronum
2057 4364 2127 4410 esse
2157 4346 2289 4422 asserit,
2318 4355 2359 4409 nt

367 4432 492 4495 saeviat
514 4439 627 4496 contra
648 4428 844 4508 incredulos,
872 4429 926 4494 ubi
950 4430 1004 4494 diu
1028 4431 1114 4512 ipsos
1138 4429 1335 4508 toleraverit,
1388 4431 1449 4496 sub
1478 4430 1546 4494 eius
1575 4429 1735 4513 praesidio
1766 4429 1874 4494 lateat.
1919 4429 1976 4494 Sic
2008 4429 2106 4493 etiam
2136 4428 2249 4494 Iudaei
2278 4430 2356 4494 olim

367 4524 464 4598 atque
485 4516 532 4580 ite
554 4514 651 4598 longe
696 4515 806 4581 rarius
829 4523 964 4596 pereant
994 4534 1092 4598 qnam
1120 4515 1182 4596 ipsi
1214 4515 1335 4590 fideles,
1388 4515 1581 4580 invocarunt
1608 4535 1725 4580 nomen
1749 4515 1830 4598 Dei,
1859 4533 1959 4597 quum
1987 4515 2132 4580 dicerent
2159 4534 2194 4580 se
2217 4515 2258 4580 ab
2287 4515 2358 4598 ipso

366 4598 639 4684 quemadmodum
674 4535 804 4683 lignum
838 4599 965 4664 aridum
1005 4600 1102 4665 citius
1135 4599 1336 4664 consumitur
1387 4600 1508 4666 electos
1530 4621 1600 4666 esse
1621 4601 1654 4666 in
1684 4600 1848 4682 populum.
1893 4598 1965 4665 Imo
1999 4601 2095 4665 etiam
2126 4599 2186 4665 hoc
2216 4600 2357 4666 refertur

366 4707 463 4768 quam
483 4685 603 4750 viride:
626 4705 727 4768 quum
746 4704 823 4768 ergo
845 4684 905 4749 boc
922 4684 1013 4750 nobis
1029 4686 1228 4769 proponitur,
1247 4694 1335 4750 certe
1388 4686 1428 4750 ad
1451 4684 1615 4750 homines:
1638 4685 1826 4750 invocatum
1850 4683 1913 4749 fuit
1935 4703 2056 4749 nomen
2078 4684 2186 4760 Iacob,
2209 4684 2304 4751 Isaac
2323 4695 2359 4750 et

365 4771 524 4836 habemns
547 4769 716 4834 materiam
740 4790 806 4834 non
829 4771 924 4853 parvi
951 4771 1065 4847 solatii,
1097 4791 1156 4837 nec
1180 4768 1334 4853 vulgaris.
1387 4770 1540 4836 Abrahae
1562 4791 1659 4853 super
1681 4771 1851 4835 duodecim
1875 4769 1988 4844 tribus,
2011 4770 2087 4852 quia
2108 4769 2233 4836 scilicet
2255 4789 2356 4853 quum

366 4856 526 4921 Videmus
565 4875 644 4939 ergo
684 4873 838 4936 quorsum
878 4855 940 4920 hoo
976 4855 1138 4920 addiderit
1169 4854 1334 4932 Ieremias,
1388 4856 1511 4922 vellent
1543 4854 1732 4922 recumbere
1753 4856 1787 4919 in
1817 4855 1930 4920 foedus
1956 4854 2036 4933 Dei,
2070 4856 2231 4938 originem
2263 4875 2355 4920 snam

366 4962 484 5024 nempe
524 4940 738 5022 quantumvis
779 4946 893 5022 gentes
937 4940 1138 5006 reluctentur
1179 4939 1334 5007 adversus
1387 4941 1591 5025 reputabant,
1615 4950 1648 5004 et
1667 4942 1743 5022 quia
1765 4948 1858 5005 erant
1873 4939 2033 5023 progeniti
2052 4959 2094 5004 ex
2116 4940 2239 5006 sanctis
2257 4941 2358 5025 patri·

367 5024 485 5102 Deum,
508 5045 656 5091 cessuras
678 5031 789 5088 tamen
807 5023 908 5090 velint
930 5024 1045 5104 nolint,
1069 5026 1145 5107 qnia
1161 5024 1254 5090 Deus
1272 5026 1335 5090 erit
1387 5026 1464 5102 bus,
1493 5045 1565 5090 cum
1597 5024 1715 5108 quibus
1742 5025 1911 5109 pepigerat
1939 5023 2051 5089 foedus
2073 5044 2169 5090 suum
2192 5023 2294 5103 Dens,
2323 5035 2356 5090 et

366 5111 546 5193 potentior:
578 5109 681 5176 ratio?
711 5128 827 5191 nempe
857 5129 955 5192 qnam
979 5108 1070 5176 Dens
1093 5109 1194 5176 electo
1216 5110 1334 5193 populo
1386 5111 1502 5260 puibue
1520 5108 1683 5193 pollicitus
1697 5111 1803 5176 fuerat
1819 5131 1854 5175 se
1869 5130 1998 5192 semper
2015 5111 2083 5174 fore
2101 5108 2165 5175 illis
2183 5110 2353 5177 inDeunr:

367 5215 433 5260 non
455 5203 578 5278 parcat,
602 5195 761 5279 quomodo
779 5195 913 5277 impune
930 5193 1107 5258 illuderent
1129 5197 1158 5260 ei
1180 5195 1335 5277 profanae
1405 5196 1555 5262 sraelitae
1591 5216 1701 5262 omnes
1734 5196 1930 5263 invocabant
1961 5195 2147 5260 Abraham:
2178 5215 2243 5260 non
2272 5193 2356 5278 qnod

367 5291 493 5364 gentes,
521 5288 552 5346 et
574 5302 642 5346 non
664 5281 824 5348 sentirent
853 5279 961 5363 ipsum
992 5299 1064 5344 esse
1093 5279 1193 5346 totius
1222 5279 1333 5345 mundi
1359 5314 1362 5341 ι
1387 5280 1510 5346 cultum
1532 5280 1581 5346 illi
1607 5281 1780 5361 offerrent,
1810 5281 1866 5346 sed
1896 5280 1987 5364 quie,
2016 5300 2116 5363 quum
2146 5289 2257 5346 essent
2286 5280 2356 5347 eiua
