5158 6124
397 419 459 484 527
1201 409 1586 478 Patunaoulouus
2324 421 2377 488 528

397 618 431 672 et
453 625 572 671 manus
593 623 705 668 eorum
729 609 762 666 et
783 602 909 666 animos
941 601 1118 683 gubernat:
1153 611 1186 664 ιι
1207 597 1371 664 sententia
1423 619 1525 682 quum
1567 603 1656 682 prius
1690 614 1800 666 esseut
1833 601 2008 668 virulentis
2041 603 2178 684 animis,
2216 606 2377 674 redduntur

395 692 453 757 illa
475 710 609 756 manere
630 690 698 755 fixa
720 687 829 768 debet,
859 687 960 752 vitam
983 684 1108 753 scilicet
1131 694 1278 750 nostram
1301 705 1372 750 esse
1423 685 1529 750 multo
1553 688 1730 753 deteriores
1753 689 1823 771 ipso
1846 688 1970 753 auditu.
2013 689 2066 754 Ita
2087 693 2268 775 contigerat
2286 713 2377 761 sacer·

395 779 430 842 in
454 776 518 841 lide
548 784 580 840 ιι
608 773 753 842 custodia
775 771 850 838 Dei.
895 771 991 837 Nunc
1020 793 1098 857 ergo
1126 770 1275 837 videmus
1307 789 1372 852 quo
1423 770 1553 838 dotibus
1582 783 1615 837 et
1641 772 1733 838 salsis
1762 773 1939 856 prophetIs,
1970 782 2003 838 et
2030 775 2065 838 in
2092 776 2149 840 illo
2171 799 2264 843 caeco
2285 779 2378 844 furore

396 884 495 928 seusu
518 861 605 926 dicat
626 859 782 925 Ieremias
811 859 908 924 udum
931 877 1023 924 auum
1044 878 1110 923 esec
1130 858 1166 923 ιἰι
1187 876 1284 922 mauu
1305 855 1373 921 boa·
1423 856 1619 923 addixerant
1648 858 1747 923 murti
1777 872 1928 925 sanctum
1954 860 2156 943 prophetam.
2201 863 2292 928 Nune
2311 865 2379 931 dicit

396 950 486 1032 tium,
516 969 579 1012 non
603 945 687 1030 quud
710 954 803 1029 putet
825 967 859 1008 se
882 941 1044 1009 abiectum
1068 964 1139 1009 esse
1161 963 1181 1008 a
1202 941 1285 1023 Deo,
1315 941 1371 1007 sed
1422 964 1458 1007 se
1480 942 1664 1009 absolutum
1682 945 1782 1009 luisse
1800 946 2022 1026 aproceribus
2040 958 2073 1010 et
2088 948 2176 1031 regis
2191 948 2379 1016 consiliariis:

397 1035 475 1118 qula
496 1033 645 1118 agnoscit
666 1053 741 1096 eum
764 1030 892 1095 laxasse
921 1028 1067 1094 habenae
1089 1029 1208 1110 impiis,
1240 1038 1275 1091 ut
1298 1047 1371 1110 pos·
1423 1027 1574 1112 adiungit
1614 1029 1725 1113 populi
1763 1031 1930 1114 suffragia.
1986 1033 2088 1116 Atqui
2122 1033 2259 1116 populus
2290 1056 2380 1118 nuper

395 1121 463 1187 sint
483 1131 597 1184 contra
619 1138 692 1182 eum
716 1118 832 1181 lurore.
877 1114 944 1182 Sed
971 1114 1069 1180 simul
1096 1113 1276 1179 tenendum
1304 1133 1371 1178 me·
1423 1114 1531 1197 ipsum
1555 1114 1776 1195 damnaverat,
1799 1137 1916 1199 nempe
1934 1118 2087 1199 qnoniam
2107 1119 2380 1201 rapiebaturinani

396 1205 502 1271 moria
524 1216 575 1270 ιιι
596 1224 749 1287 quorsum
771 1201 833 1267 hoc
855 1199 959 1268 dicat:
988 1209 1161 1284 postquam
1185 1200 1273 1265 enim
1295 1219 1371 1264 con·
1422 1198 1480 1264 illo
1495 1199 1685 1282 splendore:
1708 1222 1808 1284 quum
1823 1202 1956 1267 videbat
1973 1204 2159 1269 sacerdotes
2174 1213 2206 1268 et
2222 1206 2380 1288 prophetas

396 1291 495 1358 cessit
527 1291 630 1355 vitam
667 1308 759 1355 auam
793 1308 864 1353 esse
896 1289 931 1353 in
965 1307 1076 1351 eorum
1115 1307 1230 1366 manu,
1271 1284 1371 1363 addit,
1423 1285 1468 1349 ita
1497 1285 1634 1352 infestus
1664 1307 1735 1353 esse
1757 1287 1925 1365 Ieremiac,
1958 1311 2022 1353 non
2046 1297 2176 1372 poterat
2196 1291 2231 1354 in
2253 1293 2380 1356 animum

404 1377 622 1443 Ventouumcu
650 1373 773 1440 semeio
802 1374 921 1456 ιιιαιιι,
950 1373 1031 1455 quod
1058 1374 1089 1438 ei
1115 1371 1286 1438 occideritis
1314 1393 1370 1454 me,
1423 1369 1594 1450 inducere,
1634 1372 1894 1455 cognoscendum
1932 1394 2003 1439 ιιιι
2035 1373 2076 1440 de
2109 1396 2215 1441 eausa.
2270 1377 2382 1460 Vulgus

392 1464 518 1546 portetis
545 1462 730 1545 sauguinem
753 1480 874 1543 parum
897 1463 1003 1524 ιοιιινα
1024 1479 1085 1541 ιιι,
1114 1469 1174 1524 ιιι.
1204 1459 1373 1524 interserit
1423 1477 1501 1541 ergo
1531 1459 1737 1541 praeiudIciis
1770 1479 1899 1541 semper
1931 1471 2140 1539 excaecatur,
2181 1464 2225 1526 ita
2257 1471 2292 1527 ut
2323 1483 2382 1526 rem

399 1561 519 1623 autem,
549 1547 589 1614 Ut
609 1551 748 1612 ιιαιιαιι
776 1545 929 1627 quidquid
956 1547 1060 1610 uiuum
1084 1545 1191 1626 fuerit.
1236 1544 1373 1629 Beuum,
1423 1543 1527 1625 ipsam
1552 1564 1616 1608 non
1640 1543 1759 1610 audeat
1781 1545 1988 1610 examinare:
2011 1547 2057 1611 sic
2075 1546 2197 1612 laetum
2216 1560 2273 1624 est,
2295 1567 2382 1630 quum

397 1641 425 1699 et
445 1639 561 1699 rmtum
590 1634 747 1715 accipitur
770 1653 834 1695 non
860 1651 917 1714 pro
939 1630 1058 1695 iudicio
1090 1630 1170 1694 bene
1193 1633 1373 1713 compositu
1423 1628 1581 1694 Ieremias
1609 1629 1671 1694 init
1700 1629 1885 1695 damnatus.
1940 1631 2092 1698 Diximus
2122 1632 2242 1716 vulgus
2272 1655 2325 1715 per
2354 1654 2383 1698 so

397 1718 439 1784 ad
463 1721 608 1802 regulam
631 1716 814 1801 aequitatis,
837 1717 893 1780 sed
918 1737 975 1798 pro
998 1718 1119 1781 iniuste
1141 1716 1293 1782 libidine:
1327 1719 1374 1783 sic
1424 1715 1570 1796 quietum
1600 1737 1672 1781 ιιιι
1697 1726 1730 1780 ιι
1759 1727 1925 1798 pacatum:
1957 1716 2014 1781 sed
2037 1718 2216 1802 prophetae
2238 1728 2271 1783 et
2291 1739 2383 1784 sacer·

397 1805 576 1889 loquuntur
597 1803 742 1868 Hebraei
765 1802 955 1886 vulgariter.
1002 1803 1092 1886 Ergo
1119 1809 1261 1867 testatur
1284 1803 1372 1867 Iere-
1425 1800 1516 1866 dotes
1538 1812 1632 1866 erant
1654 1803 1746 1884 quasi
1769 1801 1908 1866 flabella.
1953 1801 2010 1868 Sic
2034 1825 2110 1888 ergo
2134 1806 2256 1869 iactum
2276 1819 2329 1878 est,
2355 1817 2384 1867 ut

396 1892 479 1956 miae
502 1912 537 1956 su
560 1911 628 1955 nou
650 1910 720 1954 esse
743 1890 878 1954 anxium
901 1887 941 1954 de
965 1889 1040 1965 vita,
1064 1888 1216 1972 quoniam
1240 1903 1373 1970 paratus
1425 1886 1564 1968 populus
1592 1888 1704 1953 statim
1732 1887 1969 1953 subscriberet:
1999 1888 2055 1954 sed
2086 1889 2142 1955 ubi
2170 1890 2289 1955 adsunt
2310 1890 2385 1972 prin·

396 1979 439 2041 sit
462 1998 497 2042 se
515 1977 633 2041 offerre
655 1975 747 2058 quasi
769 1974 802 2038 in
822 1975 1026 2053 sacrificium,
1048 1976 1076 2040 si
1095 1975 1159 2040 huc
1180 1994 1281 2056 usque
1301 1995 1373 2056 pro·
1425 1971 1521 2054 cipes,
1544 1975 1577 2037 in
1601 1975 1796 2038 contrariam
1817 1986 1944 2054 partem
1963 1972 2172 2040 descendunt.
2206 1975 2247 2039 In
2262 1996 2384 2050 summa,

395 2084 508 2146 gressa
526 2063 625 2126 luerit
643 2061 785 2125 hostium
805 2061 950 2126 saevitia.
978 2059 1074 2141 Quod
1093 2072 1202 2124 eutem
1221 2060 1373 2125 admouet
1425 2058 1517 2123 docet
1550 2058 1605 2123 hic
1636 2059 1725 2124 loeus
1758 2080 1855 2142 quam
1885 2060 2032 2142 pestiferi
2063 2061 2130 2126 sint
2158 2060 2385 2144 gubernatores,

396 2169 460 2226 eos,
491 2159 527 2213 ut
550 2147 613 2212 sibi
635 2153 775 2212 caveant
797 2167 816 2210 a
839 2145 988 2212 vindicta
1011 2146 1090 2212 Dei:
1123 2147 1182 2210 hoc
1204 2145 1282 2212 facit
1305 2168 1371 2211 non
1426 2144 1478 2207 ubi
1513 2144 1604 2209 nulla
1637 2156 1686 2210 ιιι
1714 2144 1778 2211 illie
1807 2147 1981 2227 aequitatis
2009 2146 2063 2211 vel
2091 2147 2234 2211 iustitiae
2262 2166 2336 2211 eura
2360 2159 2387 2209 ιι

396 2241 463 2299 tam
486 2246 634 2316 respectu
658 2233 808 2315 propriae
831 2231 947 2298 salutis
970 2253 1065 2314 quam
1090 2241 1127 2297 ut
1151 2253 1210 2296 uos
1233 2232 1274 2296 ad
1296 2252 1372 2315 poc·
1425 2229 1525 2294 ratio:
1549 2229 1643 2295 dccet
1666 2231 1763 2294 etiam
1786 2251 1885 2312 quam
1908 2231 2050 2313 optabile
2072 2233 2123 2312 sit,
2146 2231 2268 2298 habere
2285 2232 2387 2314 probos

397 2321 568 2385 nitentium
592 2319 749 2384 stimulet.
783 2317 935 2401 Ingenua
957 2337 1035 2402 ergo
1058 2317 1136 2384 dicit
1157 2318 1217 2383 sibi
1237 2331 1372 2383 mortem
1425 2324 1458 2378 et
1487 2316 1670 2381 moderatos
1699 2316 1944 2400 gubernatores,
1976 2318 2033 2400 qui
2061 2328 2217 2383 tueantur
2247 2318 2339 2383 bonus
2361 2331 2387 2380 et

397 2427 463 2470 non
486 2427 558 2470 esee
582 2404 803 2487 metuendam,
826 2405 902 2486 quia
926 2425 1001 2469 mox
1023 2403 1187 2469 Dominus
1209 2404 1373 2470 vindicem
1426 2402 1528 2465 iustus
1567 2421 1698 2480 causas,
1737 2413 1771 2466 et
1810 2413 2002 2468 succurrant
2039 2405 2166 2469 miseris
2198 2417 2233 2468 et
2269 2405 2387 2486 indigne

396 2513 468 2557 sese
501 2490 669 2555 ostendet:
706 2491 832 2553 interea
869 2490 1063 2572 sanguinem
1100 2511 1195 2554 suum
1231 2490 1274 2553 ita
1306 2491 1374 2556 lore
1427 2488 1599 2570 oppressis.
1644 2486 1685 2551 In
1716 2487 1814 2571 vulgo
1843 2501 1952 2552 autem
1980 2489 2129 2554 videmus
2152 2489 2236 2555 nihil
2259 2511 2325 2554 esse
2344 2491 2388 2553 fir·

397 2577 574 2659 pretiosum
597 2575 680 2652 Deo,
711 2584 748 2639 ut
771 2585 840 2638 tota
863 2574 940 2638 urbs
971 2595 1036 2638 una
1057 2595 1132 2639 oum
1156 2575 1276 2658 populo
1299 2596 1372 2657 poe·
1426 2593 1515 2636 mum
1544 2585 1577 2637 et
1608 2572 1734 2653 stabile,
1763 2574 1820 2638 sed
1843 2574 2020 2658 circumagi
2047 2576 2111 2641 huc
2133 2584 2166 2640 et
2187 2575 2275 2654 illuc,
2305 2585 2388 2656 prout

347 2697 349 2703 ·
398 2681 477 2726 nam
506 2660 592 2736 luat,
626 2659 653 2724 si
684 2659 761 2741 quid
791 2660 914 2724 iniuste
946 2669 1060 2724 contra
1094 2661 1201 2742 ipsum
1235 2662 1372 2743 egerint.
1427 2667 1544 2722 ventus
1567 2659 1608 2723 ab
1630 2681 1696 2722 una
1720 2658 1770 2723 vel
1794 2658 1898 2724 altere
1920 2671 2013 2744 parte
2035 2661 2151 2745 surgit.
2198 2660 2266 2726 Sed
2289 2671 2386 2724 notan·

398 2744 555 2810 Tenenda
587 2755 637 2810 eet
666 2753 776 2809 autem
810 2745 892 2808 ratio
925 2765 1022 2826 quam
1057 2744 1223 2830 adiungit:
1258 2768 1374 2831 nempe
1427 2742 1504 2807 dum
1528 2751 1577 2809 est
1600 2744 1687 2808 istud
1709 2746 1988 2824 rnembrum‚·ubi
2011 2747 2125 2810 dicunt
2148 2748 2315 2811 ieremiaur
2334 2765 2388 2809 ιιι

398 2830 483 2914 quod
506 2832 541 2894 iu
563 2831 688 2895 ιιιιιιιιι
709 2832 814 2912 ipsum
838 2830 927 2896 Deua
955 2832 1084 2896 miserit.
1131 2830 1240 2898 Sumit
1264 2846 1372 2898 autem
1426 2849 1491 2894 esse
1519 2849 1608 2894 reum
1637 2832 1759 2896 mortis:
1788 2831 1864 2912 quia
1892 2832 2038 2913 loquutus
2065 2835 2108 2897 ιιι
2133 2834 2167 2897 iu
2189 2833 2313 2896 nomine
2333 2831 2389 2896 Do·

399 2917 461 2982 hoc
485 2917 699 3000 principium,
728 2915 820 2981 Fieri
850 2937 915 2981 non
946 2938 1049 2998 posse,
1079 2925 1116 2981 ut
1140 2917 1233 2984 Deus
1261 2938 1374 2986 servos
1426 2915 1515 2980 mini.
1570 2915 1733 2980 Fateatur
1766 2916 1852 2980 enim
1888 2918 2109 3000 recipiendum
2143 2939 2216 2983 esse
2250 2916 2389 3000 quidquid

399 3022 475 3068 suos
505 3002 648 3080 deserat,
682 3000 803 3084 quibus
836 3002 999 3084 pollicitus
1026 3009 1077 3068 est
1099 3023 1134 3068 se
1156 3003 1224 3069 fore
1252 3004 1374 3071 auxilio
1427 3021 1446 3064 u
1475 2999 1547 3066 Deo
1580 3003 1760 3082 proiectum
1792 3001 1904 3079 luerit,
1939 3014 1971 3066 et
2005 3003 2152 3068 homines
2183 3005 2321 3069 nimium
2348 3003 2389 3066 iu·

399 3108 499 3170 quum
521 3086 632 3169 inique
653 3091 800 3172 oppressi
823 3088 944 3153 luerim
966 3090 1007 3154 ab
1029 3089 1150 3171 impiis.
1193 3091 1283 3156 Deus
1306 3092 1374 3173 qni·
1427 3086 1550 3163 sauine,
1581 3087 1635 3151 ubi
1663 3097 1858 3172 oppugnant
1885 3109 1998 3154 servos
2028 3088 2107 3164 Dei,
2142 3091 2220 3172 quia
2249 3091 2390 3154 insuam

400 3174 475 3237 dem
505 3172 656 3238 hortatur
685 3194 814 3257 semper
845 3174 1013 3240 ministros
1037 3174 1128 3240 verbi
1157 3176 1207 3242 sui
1230 3175 1270 3240 ad
1293 3177 1374 3244 tolu-
1426 3173 1603 3254 perniciem
1634 3173 1786 3238 seruntur
1816 3174 2019 3256 praecipites.
2065 3175 2153 3241 Hinc
2182 3176 2285 3260 igitur
2313 3171 2390 3240 colli·

399 3258 557 3323 rantiam:
580 3259 654 3323 vult
672 3259 771 3322 etiam
790 3258 829 3323 ad
850 3267 987 3323 mortem
1011 3269 1141 3341 paratos
1160 3283 1228 3327 esso
1248 3265 1376 3345 quoties
1427 3278 1505 3341 gere
1527 3258 1602 3323 lIcet
1625 3259 1739 3324 utilem
1762 3259 1954 3336 doctrinam,
1981 3281 2099 3343 nempe
2120 3262 2191 3325 sine
2213 3262 2391 3344 exceptione

400 3365 482 3428 opus
503 3344 621 3409 fuerit:
654 3351 766 3408 tamen
796 3345 956 3427 promittit
979 3366 1013 3410 se
1035 3364 1130 3427 opem
1156 3347 1298 3412 laturum
1322 3349 1375 3412 ubi
1428 3352 1617 3408 reverenter
1656 3365 1727 3410 esse
1768 3345 1997 3428 excipiendum
2037 3345 2195 3428 quidquid
2238 3345 2390 3410 Dominus

399 3430 631 3497 laboraverint
663 3429 821 3496 Ieremias
843 3451 921 3513 ergo
939 3428 1015 3496 huic
1037 3431 1244 3513 promissioni
1268 3434 1376 3500 inniti·
1428 3428 1610 3509 mandavit,
1643 3443 1678 3495 et
1710 3429 1847 3514 dignum
1876 3452 1947 3496 esse
1976 3431 2046 3496 eius
2074 3452 2194 3496 nomen
2227 3433 2289 3498 hac
2310 3451 2391 3495 reve·

399 3526 464 3594 tur,
495 3525 528 3581 et
550 3517 596 3579 ita
619 3514 679 3581 sibi
704 3516 877 3598 persuadet
907 3517 978 3582 lieri
1005 3537 1072 3582 non
1095 3537 1198 3601 posse,
1226 3529 1264 3584 ιιι
1284 3519 1376 3585 Dens
1428 3517 1544 3592 rentia,
1568 3528 1604 3580 ut
1627 3515 1709 3581 nihil
1733 3527 1896 3581 tentamus
1918 3527 2033 3581 contra
2055 3518 2126 3582 eius
2149 3539 2263 3583 servos
2281 3529 2313 3582 et
2329 3534 2391 3598 pro·

398 3603 505 3683 ipsum
530 3600 675 3666 deserat:
706 3604 859 3684 quoniam
884 3623 947 3668 non
970 3609 1080 3684 potest
1107 3603 1260 3669 frustrari
1289 3627 1375 3680 suos,
1428 3600 1555 3682 phetas.
1601 3601 1706 3684 Loqui
1737 3611 1844 3666 aulem
1867 3602 1901 3665 in
1925 3603 2056 3668 nomine
2079 3603 2225 3680 Domini,
2255 3603 2309 3668 hio
2330 3616 2393 3664 iin-

400 3687 453 3753 vel
475 3686 574 3752 fidem
597 3687 663 3752 illis
685 3686 796 3752 datam
815 3710 882 3753 non
899 3700 1076 3770 praestare.
1112 3688 1275 3770 Quoniam
1298 3712 1377 3777 ergo
1428 3686 1564 3750 tundem
1588 3686 1675 3752 valet
1697 3694 1794 3770 atque
1819 3688 1964 3770 perferre
1986 3687 2126 3753 fideliter
2148 3688 2213 3754 Dei
2236 3688 2392 3752 mandata:

399 3772 462 3836 sibi
493 3772 591 3854 probe
620 3774 768 3840 conscius
798 3783 849 3838 est
877 3794 956 3838 suae
985 3774 1171 3852 vocationis,
1206 3788 1240 3840 et
1267 3776 1377 3843 Deum
1428 3793 1505 3836 nam
1538 3770 1838 3856 pseudoprophetae
1869 3771 2052 3838 obtendunt
2081 3774 2144 3839 Dei
2178 3796 2315 3851 nomen,
2346 3768 2394 3836 sed

399 3857 461 3924 sibi
484 3870 724 3924 assecutorem
747 3860 1038 3944 cognoscittotius
1062 3881 1141 3925 suae
1164 3862 1377 3944 praedicatio·
1428 3858 1519 3923 ιιιιο.
1564 3858 1711 3941 Populus
1739 3868 1850 3923 antem
1879 3858 1932 3922 hio
1961 3861 2110 3942 agnoscit
2138 3860 2311 3924 Ieremiem
2345 3874 2393 3938 pro

399 3946 462 4023 nis,
492 3943 565 4008 ideo
588 3945 734 4009 animose
762 3944 935 4021 concludit,
967 3947 1160 4029 sanguinem
1192 3969 1289 4012 suum
1312 3970 1375 4014 non
1428 3964 1507 4009 vcro
1536 3943 1704 4028 propheta,
1734 3945 1789 4027 qui
1819 3958 1941 4008 temere
1970 3965 2005 4009 se
2034 3966 2098 4009 non
2125 3947 2273 4028 ingessit,
2302 3959 2394 4024 neque

399 4050 494 4114 posse
523 4031 656 4112 impune
684 4030 786 4095 tundi.
831 4031 905 4097 Hac
935 4028 1052 4095 fiducia
1085 4050 1198 4097 omnes
1227 4033 1273 4114 pii
1302 4033 1377 4100 doe·
1428 4031 1548 4095 abusus
1571 4040 1621 4095 est
1643 4030 1707 4094 Dei
1729 4030 1871 4106 nomine,
1896 4029 1951 4094 sed
1975 4032 2030 4112 qui
2053 4035 2179 4096 sincere
2201 4032 2333 4097 iunctus
2352 4036 2395 4092 est

400 4126 488 4180 tores
515 4135 549 4179 ιι
573 4116 719 4181 animare
748 4117 868 4182 debent
897 4116 937 4180 ad
967 4136 1085 4181 munus
1115 4137 1212 4183 suum
1243 4129 1377 4186 strenue
1428 4116 1534 4183 officio
1556 4136 1624 4181 suc.
1669 4115 1836 4199 Sequitur,

401 4201 599 4278 obeundum,
632 4201 717 4284 quod
745 4203 869 4268 scillcet
898 4202 999 4281 Daue,
1029 4201 1085 4283 qui
1113 4203 1178 4268 illis
1206 4205 1378 4271 mandavit

401 4305 523 4350 munus
552 4285 697 4370 docendi,
732 4307 798 4352 non
828 4289 929 4370 possit
962 4288 1050 4369 ipsos
1078 4286 1264 4368 destituere,
1297 4293 1376 4374 quin
1517 4286 1566 4350 17.
1590 4285 1635 4350 Et
1661 4292 1864 4351 ourreueruat
1886 4286 2205 4352 veteratoribus
2226 4294 2329 4354 ιιιιαι
2349 4293 2394 4368 (ιι

401 4391 496 4455 opem
518 4372 615 4458 forat,
644 4381 806 4456 quatenns
836 4373 916 4439 utile
945 4373 1053 4438 fuerit.
1098 4372 1194 4440 Nune
1220 4377 1377 4460 sequitur,
1430 4371 1561 4437 senibus
1584 4380 1714 4458 terrae),
1744 4393 1781 4437 ac
1806 4373 1956 4437 diseunt
1976 4373 2019 4438 ud
2041 4377 2137 4438 totum
2158 4381 2275 4438 eodum
2292 4374 2396 4456 populi

1429 4455 1494 4542 (vel
1523 4458 1651 4538 loquuti
1673 4469 1751 4522 sunt
1773 4457 1925 4523 diceudo:
1956 4465 2006 4523 est
2028 4458 2157 4541 quidem
2182 4480 2312 4542 sempor
2332 4480 2394 4522 ver·

491 4543 540 4608 16.
564 4541 608 4607 Et
635 4543 784 4609 ditemini
805 4544 977 4627 princpes,
1006 4549 1033 4608 ιι
1054 4544 1223 4609 universus
1237 4545 1379 4628 populus
1429 4545 1506 4607 bum
1540 4554 1626 4609 ἰιιιιι
1665 4544 1789 4626 loquuti
1831 4560 1908 4609 sunt
1948 4564 2026 4628 ergo
2061 4543 2101 4608 ad
2136 4555 2242 4610 totum
2277 4555 2394 4610 coetum

402 4629 612 4696 sacedotium
633 4629 849 4712 etprophetia
880 4631 955 4694 Nou
975 4631 1108 4696 ustuire
1131 4629 1203 4694 huie
1224 4631 1379 4696 iudicium
1430 4628 1595 4716 dicendo):

402 4716 529 4780 mordis:
557 4715 634 4796 quio
661 4715 696 4778 ιιι
726 4717 852 4780 uomina
876 4715 1006 4780 lebetae
1027 4714 1091 4781 Dei
1113 4717 1213 4781 austri
1235 4716 1378 4800 lepardus
1518 4717 1566 4781 18.
1601 4715 1712 4780 Micia
1746 4713 1948 4780 Meroetbitee
1984 4715 2047 4798 fuit
2075 4715 2269 4797 prophetans
2299 4713 2397 4780 dicbus

403 4808 448 4866 ιιι
469 4799 566 4868 uobis.
1430 4800 1582 4867 Erocbiuc
1608 4803 1695 4882 repis
1716 4799 1860 4867 Iebcdcb
1888 4821 1926 4866 uc
1951 4801 2034 4866 dicit
2062 4801 2105 4866 ud
2134 4805 2233 4866 totum
2248 4801 2395 4884 poprium

1430 4885 1581 4968 Ιιιιιιιιι,
1606 4887 1744 4969 tuendo,
1774 4885 1828 4950 Sic
1849 4887 1924 4951 dicit
1948 4885 2081 4952 Ιιιιοιιιιι
2103 4887 2304 4966 meatuum,
2327 4885 2398 4950 Sica

490 4971 554 5036 Hic
584 4971 726 5037 ostendit
748 4971 904 5036 Ieremias
934 4985 1068 5053 repente
1091 4972 1189 5038 luisse
1214 4984 1378 5037 mutatum
1429 4992 1504 5055 uper
1537 4973 1606 5060 (sed
1639 4971 1862 5037 subaudienda
1895 4977 1945 5036 est
1978 4971 2139 5055 particula
2173 4972 2396 5044 similitudinis,

404 5055 560 5140 quidquid
589 5057 802 5123 decreverant
831 5056 1015 5122 sacerdotes
1042 5067 1074 5120 et
1096 5057 1167 5123 falsi
1191 5058 1378 5142 prophetae.
1430 5058 1510 5123 Sion
1542 5066 1580 5122 ut
1602 5079 1679 5142 ager
1722 5056 1866 5124 arabitur
1887 5063 1916 5123 et
1940 5056 2115 5122 Ιιιιιαιιιιι
2136 5057 2320 5123 ιοιιιιιιιιιιιι
2338 5055 2396 5142 (ιιι

403 5143 588 5207 Audierant
616 5142 746 5226 quidem
777 5142 899 5225 ipsum,
930 5155 962 5206 ιι
990 5143 1211 5224 praebuerant
1239 5144 1378 5226 speciem
1431 5143 1553 5228 acervi)
1587 5145 1645 5208 erit
1690 5143 1750 5209 hoo
1781 5155 1849 5227 est,
1882 5145 1947 5208 erit
1979 5144 2012 5206 in
2047 5143 2256 5225 solitndIncs,
2293 5144 2341 5207 vel
2369 5145 2397 5204 in

405 5227 547 5310 aliquam
588 5227 779 5312 docilitatis,
820 5229 916 5293 elcuti
949 5227 1139 5312 hypocritae
1171 5226 1213 5293 ad
1250 5239 1379 5313 tempus
1430 5249 1564 5295 acervos
1579 5229 1630 5294 ιιι
1654 5231 1687 5293 in
1705 5228 1839 5313 ruinas),
1862 5235 1891 5294 et
1907 5229 2120 5294 menedemus
2135 5227 2180 5314 (id
2196 5243 2254 5307 est,
2279 5224 2397 5310 templi)

405 5313 607 5379 auscultant:
637 5313 693 5379 sed
724 5335 758 5380 ιι
784 5319 979 5398 exasperant
1006 5313 1166 5380 adversus
1196 5314 1317 5393 Deum,
1347 5325 1380 5378 et
1431 5315 1466 5378 iu
1488 5315 1609 5380 excelsu
1630 5315 1743 5398 sylace.
