5118 6136
220 436 283 504 b'll
627 451 631 460 ⁴
892 440 941 505 IN
963 440 1214 506 lnanutntt.
1259 439 1358 506 OAP.
1381 438 1550 505 XXVIII.
2158 449 2221 514 578

219 628 442 711 obligaverat:
480 627 536 692 sed
570 648 671 711 quum
703 628 799 692 simul
833 628 1071 711 expositionem
1108 628 1193 710 signi
1246 627 1339 692 tatis:
1360 628 1414 692 ubi
1433 637 1542 694 autem
1563 631 1647 694 vidit
1666 651 1731 695 non
1751 652 1845 713 posse
1868 634 1975 716 frangi
1998 633 2116 700 durum
2139 636 2222 704 illud

220 713 360 791 addidit,
396 715 502 797 potuit
531 713 616 795 apud
651 713 770 779 multos
802 713 899 780 fidem
932 714 1100 805 acquirere
1134 733 1195 777 sno
1245 710 1371 796 lignum
1397 715 1456 779 nisi
1479 714 1560 780 duro
1582 737 1695 793 cuneo,
1718 719 1823 801 coepit
1845 718 2019 786 violentius
2041 721 2129 804 ipsos
2150 744 2222 804 pre·

220 801 386 866 vaticinio.
434 799 525 864 Alios
547 807 658 864 autem
688 797 830 864 reddidit
859 798 1107 874 inexcusabiles,
1138 799 1194 881 qui
1245 819 1352 864 mere:
1390 810 1469 866 tuno
1503 802 1609 883 coepit
1642 803 1785 868 servitus
1818 804 1900 883 ista,
1937 807 2030 872 cuius
2063 828 2152 873 nunc
2185 811 2223 874 fit

220 886 442 950 obduruerant
473 886 507 948 in
537 905 596 948 sua
628 883 763 948 malitia.
815 883 880 952 Sed
910 895 1024 949 notatu
1058 885 1193 968 dignum
1247 886 1377 949 mentio.
1421 884 1534 951 Iudaei
1558 907 1636 971 ergo
1660 899 1737 954 tunc
1758 910 1835 954 vere
1857 885 2035 975 coeperunt
2064 895 2133 977 regi
2164 892 2220 960 ba·

219 983 270 1037 sst
292 970 378 1053 quod
399 969 491 1036 Deus
514 991 572 1052 pro
596 969 712 1052 ligneis
735 970 874 1035 vinculis
896 970 1051 1052 supponit
1074 970 1193 1035 ferrea:
1246 969 1379 1053 bylonic
1411 971 1551 1050 servire,
1585 993 1686 1054 quum
1717 973 1801 1038 vidit
1830 996 1884 1040 eos
1915 999 1981 1042 non
2012 998 2106 1060 posse
2136 979 2221 1045 ferre

219 1067 253 1121 st
274 1058 348 1122 ideo
372 1057 432 1122 boo
455 1055 541 1132 facit,
571 1055 724 1137 quoniam
754 1064 843 1122 totus
870 1055 1011 1140 populus
1038 1056 1139 1121 stulto
1162 1066 1195 1120 et
1247 1055 1415 1120 tolerabile
1448 1056 1530 1122 illud
1564 1059 1677 1140 iugum
1708 1059 1793 1140 quod
1827 1061 2037 1144 imposuerat,
2071 1063 2128 1129 sed
2161 1086 2221 1130 sua

219 1163 375 1225 perverso
390 1161 450 1207 suo
465 1161 625 1206 consensu
641 1141 878 1223 approbaverat
897 1143 1090 1206 dementiam
1107 1141 1194 1206 illins
1247 1141 1428 1222 pertinacia
1449 1153 1483 1206 et
1504 1145 1658 1224 superbia
1688 1165 1816 1228 semper
1841 1146 2010 1212 obluctari.
2057 1150 2221 1233 Adiungit

219 1230 414 1311 impostoris,
449 1228 503 1310 qui
526 1247 624 1292 ausus
655 1227 760 1290 fuerat
788 1225 912 1292 violare
941 1227 1071 1310 signum
1102 1226 1194 1310 illud,
1247 1226 1420 1309 propbeta,
1450 1227 1593 1294 Bestiam
1615 1249 1735 1311 qaoque
1756 1233 1827 1314 apri
1849 1233 1878 1296 ei
1898 1233 1980 1300 dedi.
2027 1234 2090 1300 His
2114 1235 2220 1302 verbis

220 1335 284 1396 qno
309 1315 399 1378 Deus
430 1321 568 1379 testatus
598 1312 703 1376 luerat
725 1333 760 1376 se
782 1333 848 1378 non
872 1314 993 1378 frustra
1023 1312 1080 1377 sed
1109 1315 1194 1378 serio
1247 1312 1344 1377 tacite
1367 1314 1552 1395 exprobrat,
1583 1316 1856 1397 quemadmodum
1880 1329 1956 1383 ante
1978 1319 2220 1400 admonuimus,

219 1401 389 1482 loquutum
412 1420 483 1464 asse
506 1417 562 1481 por
584 1417 620 1462 os
642 1399 729 1462 servi
752 1400 812 1463 sui.
855 1398 940 1464 Nam
965 1398 1041 1463 hinc
1064 1397 1194 1462 elicitur
1245 1396 1376 1464 Iudaeis
1399 1418 1491 1462 suam
1514 1402 1743 1481 pertinaciam,
1774 1403 1860 1484 quod
1885 1425 1949 1468 non
1972 1407 2132 1471 sentirent
2153 1406 2220 1472 fac·

219 1485 311 1552 utilis
341 1484 505 1562 doctrina,
537 1484 654 1565 impios
683 1483 805 1549 scilicet
833 1484 992 1550 adversus
1015 1483 1122 1548 Deum
1147 1483 1193 1549 la·
1245 1495 1315 1548 tum
1339 1505 1409 1548 esse
1431 1485 1518 1550 iusto
1540 1483 1603 1550 Dei
1627 1486 1753 1560 iudicio,
1786 1499 1823 1552 ut
1846 1488 2123 1556 Nabuehadneaer
2147 1501 2221 1556 tcu-

219 1570 336 1637 trando
359 1570 441 1634 nihil
464 1569 551 1634 alind
574 1570 739 1652 consequi,
763 1589 860 1650 quam
883 1581 921 1634 ut
944 1570 1048 1652 magis
1071 1591 1107 1635 ac
1127 1592 1192 1634 ma·
1245 1590 1342 1650 quam
1374 1571 1479 1634 vietor
1507 1569 1573 1635 illis
1607 1573 1695 1654 leges
1728 1575 1917 1654 imponeret.
1965 1576 2099 1640 Defensi
2134 1578 2220 1642 enim

219 1659 270 1743 gis
293 1659 375 1721 iram
405 1657 475 1720 eius
505 1654 699 1730 accendant,
734 1667 832 1737 atque
861 1656 907 1720 ita
937 1654 1105 1738 duplicent
1133 1675 1193 1720 sua
1245 1657 1383 1720 fuissent
1419 1656 1550 1721 coelesti
1588 1658 1710 1722 auxilio
1743 1659 1805 1723 nisi
1839 1680 1874 1724 se
1907 1661 1995 1743 ipsos
2032 1662 2221 1742 nudassent,

220 1741 323 1808 mala:
354 1740 627 1825 quemadmodum
657 1742 712 1805 ubi
736 1741 824 1806 canis
851 1751 902 1806 est
930 1741 1136 1824 illaqueatus,
1166 1743 1191 1805 si
1246 1741 1519 1822 quemadmodum
1549 1743 1667 1808 dicitur
1690 1744 1776 1824 apud
1799 1745 1913 1810 Mosen
1944 1745 2057 1831 (Dent.
2080 1748 2132 1827 29,
2154 1749 2220 1834 25).

219 1828 454 1897 contumaciter
476 1847 512 1892 se
534 1828 677 1891 eximere
706 1837 841 1891 conetur
862 1846 882 1891 a
904 1825 1036 1909 laqueis,
1067 1824 1194 1892 stilles
1245 1825 1411 1906 Quoniam
1445 1847 1522 1910 ergo
1556 1827 1619 1894 Dei
1655 1830 1856 1909 praesidium
1893 1831 1989 1914 longe
2027 1834 2219 1914 reiecerunt,

219 1925 385 1994 excutere,
417 1932 489 1979 sese
522 1911 758 1994 strangulabit:
794 1913 842 1976 ita
874 1911 974 1977 etiam
1007 1913 1097 1994 impii
1130 1932 1192 1994 quo
1245 1913 1322 1978 hinc
1353 1911 1471 1978 factum
1496 1922 1546 1978 est
1569 1925 1605 1978 ut
1626 1914 1907 1980 Nabushadnener
1934 1915 2007 1982 illos
2036 1919 2219 1996 invaderet,

218 2003 341 2066 maiore
362 2003 487 2081 impetu
509 1996 582 2062 Deo
605 1999 773 2076 resistunt,
799 1997 859 2062 hoc
881 1999 1014 2080 gravius
1036 1998 1191 2064 iudicium
1244 2010 1341 2080 atque
1362 1998 1429 2062 illis
1451 2007 1537 2064 esset
1559 2000 1715 2082 superior.
1748 2000 1845 2066 Nunc
1863 2022 1964 2083 quum
1983 2025 2048 2068 non
2066 2004 2219 2070 desinant

219 2098 389 2152 accersunt
421 2082 494 2149 sibi.
551 2083 593 2148 a:
627 2084 699 2147 ideo
732 2085 857 2164 quoties
891 2083 1065 2150 denuntiat
1100 2082 1193 2149 nobis
1245 2089 1392 2150 fraenum
1426 2105 1524 2150 suum
1547 2097 1605 2150 aut
1635 2085 1784 2152 mordere
1814 2099 1870 2152 aut
1900 2088 2023 2164 rodere,
2057 2090 2218 2173 propbeta

218 2173 312 2237 Deus
335 2191 370 2235 ss
390 2191 463 2234 esse
485 2169 644 2234 offensum
676 2169 815 2250 peccatis
846 2171 974 2248 uostris,
1008 2170 1192 2235 cavendum
1245 2170 1434 2254 perstringit
1464 2170 1553 2237 illam
1575 2171 1786 2250 dementiam,
1816 2172 1902 2254 quod
1926 2195 1990 2238 non
2013 2195 2084 2240 sese
2107 2176 2217 2240 humi·

219 2268 270 2322 est
303 2277 344 2322 ne
376 2257 455 2321 dnm
488 2255 637 2337 cupimus
670 2255 877 2336 confringere
910 2255 1041 2320 vincula
1075 2254 1193 2338 lignea,
1244 2257 1325 2320 lient
1353 2257 1414 2321 sub
1437 2255 1501 2320 Dei
1524 2277 1634 2336 manu,
1664 2278 1765 2338 quum
1797 2258 1918 2324 bestiae
1948 2274 2103 2342 agrestes,
2133 2280 2217 2343 quae

219 2345 290 2426 ipse
309 2343 416 2408 ferrea
438 2342 530 2406 nobis
547 2351 702 2406 contexat
719 2361 756 2404 ac
775 2340 917 2406 fabricet.
952 2341 1041 2423 Elrgo
1064 2361 1193 2421 semper
1244 2353 1353 2407 tamen
1377 2345 1503 2407 ratione
1528 2357 1641 2408 carent
1664 2347 1697 2406 et
1719 2341 1846 2418 iudicio,
1877 2346 2022 2409 sentiant
2044 2367 2164 2412 aroana
2185 2355 2218 2412 et

219 2431 360 2493 deterior
380 2421 439 2492 flet
461 2438 573 2490 nostra
595 2426 746 2500 condit-io,
776 2425 838 2490 uisi
866 2427 1057 2507 suppliciter
1079 2427 1192 2508 depre·
1244 2428 1428 2493 admirabili
1451 2427 1514 2492 Dei
1538 2428 1742 2510 providentia
1763 2428 1826 2494 hoc
1848 2450 1918 2494 esse
1941 2431 2071 2510 factum,
2094 2442 2131 2496 ut
2154 2432 2219 2498 Na·

218 2535 330 2579 oemur
352 2515 434 2577 iram
457 2511 521 2575 Dei
552 2512 648 2575 simul
679 2522 775 2593 atque
805 2523 955 2595 apparet:
990 2511 1106 2576 deinde
1137 2533 1192 2593 pa·
1246 2513 1469 2580 bucbadnener
1503 2525 1676 2596 occuparet
1711 2513 1786 2578 illas
1824 2525 1937 2582 terras.
1987 2516 2080 2582 Haec
2116 2518 2219 2601 igitur

219 2602 339 2666 tienter
367 2619 426 2662 nos
454 2596 666 2663 subiiciamus
696 2599 765 2662 cius
794 2598 915 2681 ferulis,
946 2598 1023 2662 dum
1053 2597 1193 2679 castigat
1244 2601 1329 2663 ratio
1365 2611 1416 2664 est
1451 2621 1510 2664 cur
1547 2598 1705 2681 propbeta
1742 2599 1861 2666 diserte
1897 2602 2061 2684 exprimat
2098 2603 2218 2670 bestias

218 2697 333 2751 nostra
355 2683 482 2749 delicta.
525 2682 598 2747 Hoc
620 2703 698 2764 ergo
722 2682 898 2748 tenendum
921 2695 971 2748 est
992 2684 1032 2747 de
1055 2682 1192 2748 vinculis
1245 2697 1406 2769 agrestes:
1439 2686 1532 2767 quasi
1554 2684 1674 2750 diceret
1696 2683 1836 2750 Iudaeos
1860 2695 1925 2750 tam
1949 2689 2157 2769 praefractos,
2181 2697 2219 2752 ut

218 2773 337 2855 ligneis
359 2778 393 2834 ct
415 2769 538 2833 ferreis.
582 2767 694 2841 Addit,
726 2767 828 2850 Super
849 2788 953 2834 omnes
973 2773 1085 2852 pentes,
1115 2771 1192 2850 quio
1246 2775 1355 2836 minus
1377 2771 1421 2834 sit
1443 2772 1476 2833 in
1500 2769 1565 2834 illis
1590 2771 1723 2835 rationis
1746 2781 1779 2836 et
1802 2771 1978 2836 modestiae
2007 2784 2040 2836 et
2061 2773 2217 2838 sollieitu-

218 2869 259 2923 ut
275 2867 352 2923 ante
374 2856 497 2921 dictum
517 2854 586 2928 fuit,
611 2853 724 2918 ludaei
746 2854 921 2937 sperabant
944 2875 1009 2920 uno
1029 2867 1192 2918 momento
1245 2857 1341 2935 dinis,
1363 2876 1460 2936 quam
1483 2856 1517 2918 in
1538 2855 1683 2920 leonibus
1702 2865 1736 2919 et
1754 2858 1838 2920 ursis
1857 2865 1891 2919 et
1910 2855 2020 2920 bestiis
2043 2858 2217 2922 similibus:

218 2963 314 3027 posse
347 2940 627 3007 Nabucbadueaer
661 2939 751 3004 reiioi
783 2939 871 3004 ultra
903 2940 1122 3022 Euphratem,
1160 2950 1192 3003 et
1245 2962 1363 3006 arcano
1382 2941 1470 3005 enim
1495 2941 1557 3004 Dei
1579 2941 1734 3006 instinctu
1758 2940 1916 3022 parebant
1938 2941 2059 3006 bestiae
2083 2943 2219 3024 imperio

218 3029 335 3094 missas
368 3028 530 3092 facturum
563 3045 644 3108 quas
673 3033 890 3106 occupaverat
922 3025 1003 3090 alias
1036 3023 1191 3090 ditiones:
1244 3027 1332 3108 regis
1348 3023 1636 3092 Nabuebadnsaer:
1660 3025 1787 3090 interea
1802 3025 1916 3090 Iudaei
1935 3027 2040 3108 magis
2059 3049 2095 3092 ac
2114 3029 2219 3112 magis

219 3135 333 3179 omnes
354 3123 462 3178 autem
482 3121 597 3194 gentes
616 3111 742 3177 vicinae
760 3111 846 3174 inter
863 3131 898 3176 se
915 3113 1191 3191 conspiraverant,
1245 3110 1490 3176 insolescebant.
1521 3110 1614 3175 Haeo
1632 3110 1694 3176 fuit
1711 3132 1840 3176 summa
1859 3112 2023 3176 dementia
2041 3133 2104 3176 non
2121 3133 2221 3194 agno-

219 3201 306 3265 ultro
327 3209 362 3263 et
383 3197 466 3264 citro
488 3195 661 3261 mittebant
685 3197 824 3272 nuntios,
847 3207 880 3260 et
902 3217 1003 3278 quum
1022 3195 1193 3260 Ammoni·
1244 3218 1334 3263 scere
1358 3198 1419 3262 Dei
1448 3195 1616 3276 iudicium,
1646 3198 1739 3262 cuius
1760 3197 1902 3280 cognitio
1924 3197 1964 3268 ad
1989 3197 2074 3264 ferae
2097 3209 2129 3262 et
2152 3197 2219 3282 syl·

220 3299 274 3350 tae
295 3289 329 3349 et
352 3281 517 3349 Moabitae
548 3288 581 3345 et
610 3281 727 3363 reliqui
760 3301 851 3363 spem
886 3281 1030 3348 facerent
1051 3281 1191 3357 Iudaeis,
1246 3294 1369 3348 vestras
1392 3283 1513 3348 bestias
1535 3292 1739 3364 pervenerat.
1785 3281 1950 3365 Sequitur,

219 3371 363 3437 vicissim
386 3369 485 3434 otiam
508 3368 738 3432 animabantur
761 3377 796 3430 ut
818 3388 884 3432 uno
905 3368 1030 3448 impetu
1060 3378 1192 3432 ruerent

219 3477 333 3521 omnes
365 3454 523 3518 adversus
552 3453 763 3536 Babylonios.
808 3450 972 3531 Quoniam
1006 3472 1084 3536 ergo
1116 3454 1192 3516 talis
1332 3454 1383 3520 15.
1413 3452 1457 3518 Et
1478 3454 1560 3520 dicit
1583 3452 1737 3520 Ieremias
1761 3453 1912 3536 propbeta
1937 3452 2120 3520 Olcaaniae
2142 3472 2221 3534 pro·

220 3540 417 3624 conspiratio
450 3549 576 3604 secreta
609 3539 734 3603 animos
766 3538 904 3603 inflabat
934 3538 1079 3614 ludaeis,
1112 3538 1193 3604 baec
1239 3539 1360 3622 ptam,
1383 3539 1474 3604 Audi
1492 3540 1629 3621 egedam
1645 3539 1821 3618 ommate,
1843 3560 1905 3604 ιιοιι
1922 3540 2010 3604 misit
2026 3545 2054 3603 te
2069 3537 2219 3622 Ieltovat,

221 3631 304 3692 ratio
327 3637 377 3691 est
398 3647 457 3692 eur
478 3623 578 3689 etiam
601 3622 641 3688 de
664 3623 735 3688 aliis
758 3624 909 3706 gentibus
939 3624 1091 3706 loquatur
1120 3645 1193 3708 pro·
1245 3630 1326 3690 etta
1346 3626 1497 3706 confidere
1523 3625 1626 3708 fecisti
1650 3625 1804 3707 popttlam
1832 3625 1913 3691 Ιιιιιιι
1941 3645 2034 3708 asper
2061 3625 2221 3691 meadoet'o

220 3713 330 3796 pheta.
363 3711 463 3787 Dicit,
482 3707 526 3775 Et
543 3711 677 3775 emieat
696 3711 763 3793 regi
782 3708 1057 3776 Ncbacbudaeeer.
1091 3710 1192 3792 Atqui
1245 3710 1311 3798 (vel
1334 3713 1370 3775 in
1394 3709 1584 3795 mendacio).

219 3800 285 3864 iam
308 3811 387 3863 tnnc
408 3797 583 3880 subegerat
612 3815 725 3860 omnes
753 3795 828 3860 illas
857 3797 1023 3878 regiones:
1058 3797 1113 3862 sed
1143 3797 1192 3860 in-

220 3883 342 3966 telligit
359 3883 520 3966 propheta
535 3880 727 3953 diuturnam
747 3881 815 3944 fore
833 3881 1087 3946 dominationem
1106 3883 1192 3963 regis
1331 3881 1406 3946 Non
1428 3880 1507 3944 eatis
1530 3880 1682 3962 ponderis
1708 3881 1823 3946 fuisset
1845 3881 1880 3944 in
1902 3880 2042 3963 simplici
2071 3880 2221 3946 doctrina

220 3968 402 4052 babylonii,
436 3987 537 4048 quum
568 3967 689 4032 diceret
717 3965 906 4030 Obananias
936 3987 1001 4030 non
1031 3978 1191 4031 staturam
1245 3968 1415 4045 Ieremias,
1438 3965 1500 4030 nisi
1525 3967 1695 4030 refutasset
1716 3986 1812 4032 suurn
1835 3962 2077 4030 adversarium:
2108 3988 2221 4048 quem·

220 4076 291 4120 esse
314 4055 376 4118 nini
399 4051 439 4117 ad
463 4053 641 4117 biennium.
686 4050 873 4133 Opponitur
894 4073 972 4136 ergo
993 4053 1193 4116 diuturnitas
1246 4053 1421 4117 admodum
1445 4050 1541 4116 bodie
1563 4054 1638 4116 dum
1657 4073 1692 4116 se
1711 4051 1855 4133 protervi
1879 4049 2059 4117 nebulones
2082 4055 2223 4134 erigunt,

218 4140 338 4223 exiguo
368 4139 525 4220 tempori:
560 4137 653 4220 quasi
676 4138 797 4202 diceret
827 4138 1002 4219 propbeta,
1035 4139 1193 4202 Fremant
1245 4152 1278 4204 et
1301 4138 1424 4202 audent
1446 4159 1596 4202 evomere
1618 4158 1694 4202 suas
1719 4135 1936 4217 blasphemias
1968 4138 2086 4220 quibus
2109 4137 2224 4202 obscu-

217 4227 346 4310 quidem
371 4235 495 4306 gentes,
518 4222 574 4287 sed
599 4223 777 4288 manebunt
798 4225 858 4288 sub
881 4223 957 4304 iugo
980 4222 1192 4306 regisNabn·
1247 4232 1318 4288 rent
1349 4235 1407 4288 eut
1435 4223 1595 4288 infament
1628 4223 1758 4303 pietatis
1787 4221 1979 4298 doctrinam,
2014 4243 2145 4288 neccsse
2174 4231 2225 4287 est

217 4312 410 4387 obadnoner‚
431 4319 463 4374 et
482 4309 603 4372 frustra
623 4307 798 4373 tentabunt
815 4327 851 4373 ee
868 4309 1020 4384 eximere,
1043 4310 1194 4390 quoniam
1247 4330 1363 4374 manus
1385 4329 1459 4373 oum
1483 4309 1562 4390 ipsis
1590 4325 1779 4372 conserere:
1813 4308 1933 4390 alioqui
1966 4309 2100 4390 frigeret
2129 4309 2225 4390 quid·

219 4399 308 4465 Deus
331 4395 456 4462 addixit
476 4394 552 4459 illus
574 4395 610 4458 itt
631 4396 815 4459 aestatem.
861 4393 1060 4477 Quanquam
1087 4407 1193 4479 potest
1245 4393 1323 4477 quid
1359 4394 1520 4460 docemus.
1571 4393 1656 4457 Nam
1688 4393 1870 4474 penderent
1902 4393 2081 4457 multorum
2114 4395 2225 4472 animi,

219 4483 405 4549 etiamalio
430 4478 527 4544 modo
556 4481 673 4562 erponi
703 4482 860 4545 servitus:
896 4480 1072 4545 tolerabilis
1106 4483 1192 4544 enirn
1246 4479 1426 4564 simplices,
1463 4481 1613 4562 inquam,
1650 4479 1901 4556 fluctuarentur,
1939 4501 2040 4561 quum
2074 4481 2226 4545 viderent

220 4577 291 4634 erat
312 4567 441 4634 illarum
464 4566 612 4648 gentium
638 4566 790 4642 conditio,
819 4565 974 4647 quamdiu
1003 4587 1062 4631 rex
1085 4566 1191 4630 Nabu·
1248 4587 1403 4648 magnum
1433 4565 1621 4630 conflictum
1653 4566 1742 4630 inter
1775 4564 1858 4629 duas
1888 4567 2069 4630 contrarias
2104 4579 2224 4646 partes.

219 4652 402 4720 ehadneaer
436 4659 565 4716 tantum
598 4649 732 4715 iubebat
769 4649 911 4734 pendere
945 4652 1123 4730 tributum,
1161 4657 1194 4714 et
1247 4653 1337 4734 llrgo
1368 4673 1498 4718 neeesse
1528 4651 1590 4716 fuit
1622 4664 1735 4716 sancto
1766 4650 1839 4715 viro
1871 4652 2020 4716 refellere
2055 4650 2225 4714 mendacia

219 4758 319 4824 quum
343 4739 522 4819 praefectos
543 4757 618 4800 suos
641 4738 792 4812 mitteret,
824 4758 888 4801 non
912 4734 1000 4802 aliud
1023 4748 1094 4802 erat
1116 4757 1193 4802 con·
1247 4737 1447 4814 Chananiae,
1466 4737 1618 4818 quoniam
1638 4758 1769 4820 semper
1786 4757 1857 4801 sese
1875 4736 2038 4819 iactasset,
2058 4735 2226 4801 noluisset

219 4826 329 4893 silium
354 4824 415 4887 nisi
435 4833 472 4887 ιιι
490 4822 646 4888 retineret
668 4831 790 4886 certam
814 4824 1060 4902 possessionem.
1091 4822 1194 4904 Atqui
1247 4823 1405 4906 gloriatus
1438 4825 1506 4888 suis
1539 4823 1714 4888 vaticiniis.
1771 4822 2006 4903 Quidautem
2041 4821 2224 4887 Ieremias?

219 4932 320 4993 quum
344 4908 428 4974 vidit
449 4929 512 4972 non
536 4927 629 4990 posse
656 4905 750 4971 alitor
781 4906 906 4972 domari
940 4928 1038 4989 quam
1072 4906 1194 4973 duriori
1249 4909 1325 4973 Noa
1345 4907 1435 4974 misit
1455 4913 1482 4972 te
1506 4908 1603 4990 Deae,
1637 4910 1761 4991 inquit:
1796 4909 1940 4975 notanda
1962 4917 2012 4974 est
2035 4907 2115 4972 haec
2139 4908 2226 4972 refu·

219 4997 386 5072 servitute,
409 4993 513 5074 coepit
537 4993 706 5076 tyrannice
725 4994 861 5070 saevire,
884 5014 984 5075 quum
1004 5002 1101 5059 antea
1120 4995 1195 5058 fuis·
1247 4995 1327 5058 tatio
1357 4994 1412 5058 ubi
1440 4995 1615 5076 confligere
1649 5017 1709 5062 nos
1739 5007 1869 5079 oportet
1897 5017 1970 5061 cum
1996 4993 2142 5062 Satanae
2165 4994 2226 5058 mi·

219 5092 271 5147 set
301 5077 480 5144 tolerabilis
512 5078 679 5144 dominns:
715 5079 988 5159 quemadmodum
1021 5081 1120 5144 etiam
1153 5078 1195 5144 de
1248 5080 1360 5144 nistris
1391 5093 1423 5144 et
1450 5081 1540 5147 falsis
1569 5081 1762 5148 doctoribus.
1808 5083 1893 5147 Nam
1923 5080 2079 5163 quidquid
2110 5079 2227 5145 obten-

220 5167 350 5232 Iodaeie
377 5173 485 5247 potest
506 5161 577 5228 diei.
623 5163 755 5230 Scimus
784 5169 872 5227 enim
902 5175 980 5229 tuno
1007 5166 1106 5230 fuisse
1135 5165 1193 5228 tri·
1247 5164 1336 5242 dant,
1366 5185 1559 5249 quocunque
1582 5167 1656 5233 fuco
1677 5189 1737 5234 sua
1758 5167 1930 5235 mendacia
1959 5169 2132 5241 obducant,
2163 5166 2226 5234 hoc

219 5252 365 5317 butarios
388 5251 457 5332 regi
480 5247 667 5332 babylonio:
690 5250 747 5315 sed
770 5251 922 5331 quoniam
945 5251 1010 5314 illis
1033 5250 1194 5331 parcebat,
1247 5271 1350 5316 unum
1373 5253 1452 5318 satie
1474 5273 1636 5336 superque
1658 5255 1810 5320 sufficere
1832 5253 1928 5319 debet
1950 5254 1990 5318 ad
2015 5267 2225 5336 prosternen-

219 5340 290 5404 eins
309 5337 497 5402 hnmanitas
516 5335 620 5416 potuit
639 5335 763 5401 censeri
783 5336 942 5417 quaedam
960 5336 1084 5419 species
1099 5336 1195 5401 liber·
1247 5337 1305 5402 das
1333 5356 1446 5403 eornm
1475 5339 1657 5418 iactantiae,
1691 5340 1778 5423 quod
1808 5359 1876 5406 non
1904 5340 1994 5406 missi
2018 5343 2087 5405 sint
2114 5361 2135 5404 a
2157 5340 2226 5404 Do·

325 5438 436 5495 Oalciai
453 5452 546 5506 opera.
574 5437 629 5491 Vol.
648 5437 829 5493 XXXVIII.
1985 5441 2020 5496 37
