5038 6118
167 427 209 492 81
895 427 943 494 IN
965 429 1215 497 IEREMIAM.
1261 429 1361 501 OAP.
1383 431 1428 499 X.
2121 433 2162 500 82

169 625 254 682 esset
277 615 446 682 traducere
469 615 623 681 stultitias
653 615 735 694 illas,
764 617 826 682 nisi
839 616 941 683 Deus
969 618 1004 682 iu
1034 617 1136 702 gradu
1190 618 1312 684 Iudaea
1330 630 1435 685 tutum
1454 622 1523 687 foro
1540 622 1657 700 losum,
1677 621 1738 686 nisi
1755 621 1792 686 in
1811 620 2057 699 munitionibus,
2080 642 2164 706 quaa

168 721 228 768 suo
264 699 362 766 simul
398 709 607 766 statueretur.
666 703 755 787 Ergo
797 702 839 767 ob
882 702 968 770 bano
1005 723 1137 769 oausam
1191 713 1301 769 tamen
1336 707 1426 789 ipsae
1458 727 1523 773 non
1557 717 1712 790 potarunt
1741 705 1898 790 repellere
1928 708 2071 773 bostium
2101 708 2163 773 im·

169 787 286 852 iterum
309 786 388 854 dieit
412 787 581 870 propbeta,
615 789 722 853 Deum
752 789 808 872 qui
831 797 879 853 est
908 810 983 871 pars
1005 787 1138 854 Israelis
1191 799 1312 874 patum,
1335 802 1372 855 ut
1394 793 1491 857 etism
1514 815 1572 859 suo
1594 793 1666 858 looo
1688 792 1824 860 ditatur.
1865 791 1960 874 Quod
1983 793 2100 859 attinet
2122 793 2163 860 ad

170 895 235 938 non
263 893 333 938 ease
363 871 502 938 similem
536 873 641 939 idolis.
685 874 790 940 Vooat
820 875 927 939 Deum
957 877 1138 957 portionem
1191 875 1340 955 verbum,
1362 877 1490 958 quidam
1509 888 1689 963 exponunt,
1712 878 1887 963 congrega
1904 877 2164 944 humiliationem

169 958 308 1036 Israelis,
331 969 368 1022 ut
386 959 552 1024 ooutiueat
569 959 724 1042 populum
742 960 777 1024 in
799 981 880 1043 pura
895 961 976 1044 legis
992 960 1140 1026 doetriua
1192 972 1293 1026 tuam.
1326 975 1382 1038 ιιι)
1402 963 1490 1028 euim
1506 964 1669 1049 signifieat
1684 964 1867 1029 humiliari:
1889 962 1946 1030 sed
1961 965 2107 1029 referunt
2122 961 2163 1029 ad

170 1065 266 1128 quam
290 1043 455 1122 didieerat,
485 1054 518 1108 et
543 1065 610 1128 qua
630 1047 736 1111 luerat
756 1047 915 1111 imbutus:
947 1059 980 1111 et
1008 1046 1055 1110 ita
1084 1045 1139 1111 ab·
1191 1046 1403 1131 Babylonem,
1422 1052 1514 1132 quasi
1535 1049 1656 1117 diseret
1673 1049 1841 1132 propheta,
1864 1048 1935 1114 Iam
1956 1047 2067 1114 desine
2088 1049 2164 1116 sub·

169 1131 290 1216 strabit
311 1129 477 1195 Israeliten
499 1130 539 1195 ab
560 1130 710 1196 omnibus
732 1131 899 1205 bominum
919 1131 971 1196 val
992 1132 1139 1215 gentium
1191 1133 1282 1216 igere
1294 1133 1435 1217 reliquas
1452 1156 1564 1202 omnes
1575 1145 1699 1220 gentos.
1724 1137 1769 1200 Et
1784 1136 1831 1199 ita
1846 1135 1980 1200 verbum
1996 1147 2064 1227 nott
2081 1135 2164 1201 aooi·

169 1216 344 1302 figmentis.
390 1215 496 1280 Portis
517 1215 618 1299 igitur
641 1215 733 1282 Iaeob
751 1237 811 1281 aaa
832 1223 878 1282 eat
897 1218 1014 1284 asadia
1035 1217 1138 1283 idolis.
1192 1219 1289 1302 pinnt
1306 1239 1365 1301 pro
1384 1222 1613 1299 eontraatione,
1631 1222 1686 1287 ubi
1705 1221 1820 1286 modus
1840 1220 1956 1303 aliquis
1974 1221 2164 1303 imponitur.

170 1301 303 1382 Quare?
349 1299 410 1366 Est
438 1301 524 1366 enim
552 1302 639 1382 ridor
666 1303 813 1386 maniam,
843 1304 962 1385 inquit,
990 1302 1051 1368 boo
1079 1311 1140 1383 est,
1194 1303 1259 1370 Sed
1288 1304 1450 1390 iamldixi
1480 1327 1545 1371 uon
1575 1327 1669 1389 posse
1698 1307 1817 1388 exponi
1847 1305 1934 1372 huno
1964 1327 2094 1370 versum
2124 1304 2165 1370 de

168 1388 278 1471 opilex
309 1387 389 1452 ooeli
422 1397 456 1450 et
487 1397 602 1452 terrae.
653 1387 790 1466 Deinde,
823 1387 883 1454 Est
915 1388 1021 1455 Israel
1047 1389 1140 1471 sirpo
1192 1389 1374 1473 Babylone,
1397 1410 1457 1457 nso
1480 1391 1520 1456 da
1538 1391 1722 1459 Chaldaeis.
1754 1391 1865 1473 Quum
1887 1411 1966 1475 ergo
1982 1409 2165 1456 sermonem

169 1473 370 1540 meditatis
390 1471 466 1537 aas.
505 1470 571 1538 Sed
593 1473 689 1556 virga
706 1475 803 1538 etiam
826 1481 935 1555 potest
956 1474 1058 1557 aooipi
1081 1491 1139 1555 pro
1192 1474 1312 1558 dirigat
1343 1477 1503 1558 propheta
1535 1478 1575 1543 ad
1608 1478 1755 1554 Iudaeos,
1784 1477 1837 1541 vel
1871 1476 1911 1542 de
1944 1478 2165 1561 negotiatione

170 1557 380 1640 deoempeda:
420 1570 452 1621 et
491 1558 572 1622 mihi
606 1557 767 1624 secundus
800 1557 854 1625 hie
887 1580 1003 1624 sensus
1036 1561 1140 1643 magis
1193 1560 1343 1644 loquitur,
1366 1567 1425 1626 aut
1447 1565 1626 1629 messibus:
1649 1563 1702 1628 vel
1725 1562 1765 1627 de
1788 1563 1886 1627 rebus
1911 1562 2059 1644 pretiosis
2082 1581 2165 1645 quae

169 1644 303 1726 arridet,
318 1644 471 1726 quoniam
486 1643 635 1728 adiungit
651 1643 892 1709 haereditatem.
924 1644 1016 1710 Deus
1030 1656 1140 1710 autem
1162 1727 1163 1732 ἵ
1192 1645 1299 1712 ιοΙιιι
1320 1647 1429 1731 oolligi
1448 1659 1483 1713 et
1505 1648 1651 1714 raeoudi:
1674 1649 1768 1731 quasi
1786 1649 1917 1725 dioerot,
1940 1646 2066 1732 (lolligo
2088 1668 2164 1714 oon·

169 1729 417 1796 similitudinem
446 1729 532 1794 hano
558 1729 659 1794 sumit
688 1751 706 1794 e
733 1730 898 1795 eommuni
928 1751 1001 1806 usu,
1029 1751 1141 1813 quem·
1193 1733 1385 1797 trantiooem
1404 1740 1504 1800 tuam.
1544 1734 1629 1800 Nam
1653 1747 1708 1811 ιιι)
1733 1734 1896 1817 signifieat
1918 1734 2014 1798 etiam
2037 1742 2165 1798 eontra·

170 1815 343 1881 admodum
365 1815 508 1879 solemus
536 1815 644 1878 metiri
665 1835 761 1898 agros
784 1829 817 1880 et
846 1815 1063 1882 haereditates
1085 1816 1141 1880 da·
1193 1816 1281 1884 here.
1315 1819 1361 1882 Et
1378 1817 1435 1883 illa
1452 1828 1502 1884 ast
1520 1821 1653 1905 propria
1669 1819 1882 1903 signifieatior
1906 1838 1965 1901 per
1981 1817 2165 1884 translatio-

170 1899 341 1984 oempadar
369 1899 441 1964 ideo
468 1899 545 1966 dioit
568 1899 660 1966 Iaeob
681 1919 747 1966 esea
767 1901 900 1984 uirpam,
932 1903 993 1967 boo
1015 1910 1064 1966 est
1086 1900 1141 1967 de·
1194 1925 1268 1968 nem
1293 1923 1350 1985 pro
1374 1907 1535 1988 negotiari
1565 1913 1677 1988 postea
1699 1905 1837 1989 eapitur.
1882 1902 1947 1971 Sed
1971 1902 2011 1969 de
2034 1906 2167 1986 reipsa

169 1985 366 2069 oempodam,
391 1986 443 2050 vel
460 1985 610 2052 baoulum
628 1988 877 2066 mensurarinm,
901 1996 939 2052 nt
955 1988 1003 2052 ita
1017 1987 1141 2069 loquar,
1194 1988 1323 2054 videtur
1356 1990 1446 2054 nulla
1477 2012 1548 2056 asse
1581 1991 1786 2076 ambiguitas,
1820 1990 1974 2073 quoniam
2009 1989 2166 2072 propheta

169 2071 370 2138 maditatis
390 2070 463 2137 Dei.
496 2071 541 2136 Et
559 2071 690 2136 tandem
709 2072 874 2139 oonoludit
892 2072 1037 2138 Ielrovom
1054 2093 1141 2140 eser·
1193 2073 1354 2152 ostendit,
1391 2087 1492 2142 totam
1525 2075 1681 2142 Iudaeam
1722 2076 1814 2142 brevi
1846 2084 2012 2142 vastatum
2051 2077 2091 2140 iri
2126 2076 2165 2141 ab

168 2159 289 2223 siluam
311 2176 376 2222 asae
397 2157 465 2221 aas
485 2176 602 2222 ιιιιιιι.
1196 2161 1359 2226 hostibus:
1389 2171 1423 2227 et
1453 2163 1605 2246 quonism
1628 2163 1778 2246 exposita
1799 2170 1885 2226 esset
1914 2160 2064 2244 praedae,
2093 2159 2167 2226 ideo

1195 2246 1356 2329 agendum
1377 2268 1448 2313 esse
1470 2247 1556 2331 quod
1577 2249 1650 2312 tisri
1677 2248 1768 2329 solet,
1797 2266 1915 2329 nempe
1936 2259 1974 2312 ut
1995 2246 2167 2330 oolligatur

258 2327 308 2392 ll.
332 2327 447 2410 Collige
467 2347 483 2392 a
504 2333 589 2393 tarro
610 2347 723 2394 merces
748 2334 821 2395 taos
847 2349 926 2411 quoe
954 2327 1079 2396 bobitoa
1107 2332 1143 2396 irs
1195 2330 1352 2414 quidquid
1368 2349 1418 2398 ιιι
1432 2335 1609 2416 pretiosum
1628 2335 1663 2397 in
1678 2333 1775 2398 urbes
1791 2333 1944 2396 munitas.
1975 2331 2168 2413 Insumma,

169 2415 350 2481 munitione.
1194 2417 1356 2502 propheta
1390 2419 1441 2484 hio
1474 2419 1647 2484 denuntiat
1681 2418 1800 2483 bellum
1830 2417 1973 2497 Iudaeis,
2007 2428 2040 2482 et
2072 2417 2173 2482 simul

260 2499 309 2564 18.
335 2499 418 2580 Quia
434 2499 481 2563 sia
496 2500 573 2565 dicit
590 2498 737 2582 Ioboaolt,
756 2499 836 2568 ane
852 2521 905 2584 epo
922 2499 1025 2581 fanda
1041 2501 1143 2585 proii-
1195 2502 1330 2580 oladem,
1354 2524 1436 2586 quae
1459 2503 1662 2588 grassabitur
1683 2524 1742 2588 per
1760 2511 1863 2568 totam
1884 2514 2016 2568 terram.
2050 2504 2172 2568 Terrae

169 2587 256 2653 cieras
270 2584 461 2650 habitatores
477 2589 578 2651 terroe
593 2587 659 2650 vioe
679 2586 749 2652 bae:
771 2588 974 2653 atcooratobo
995 2608 1046 2653 eos
1067 2587 1142 2674 (vel,
1195 2590 1283 2654 enim
1305 2590 1439 2654 nomine
1461 2591 1624 2673 signifieat
1647 2591 1778 2673 planam
1801 2589 1988 2672 regionem:
2018 2597 2051 2653 at
2073 2607 2173 2670 oppo-

170 2673 288 2738 latiam
312 2681 348 2736 ut
369 2670 540 2736 obsideant
561 2673 627 2752 eos)
650 2678 684 2736 at
705 2673 875 2738 inueniant.
1196 2675 1286 2738 uitur
1319 2685 1406 2740 terra
1439 2675 1575 2741 urbibus
1608 2676 1753 2740 munitis.
1810 2672 1966 2757 Sequitur
1995 2674 2087 2751 ratio,
2119 2671 2172 2738 Sic

1196 2760 1278 2825 eaba
1298 2761 1374 2827 dicit
1397 2760 1542 2840 Ieboaab,
1570 2760 1650 2826 ane
1670 2780 1723 2844 epo
1742 2761 1846 2843 (anda
1862 2761 2033 2840 proiieiam
2053 2759 2174 2824 babita-

259 2843 408 2909 Primum
446 2862 579 2906 versum
618 2862 713 2924 qoem
749 2844 958 2909 raeitavimus
990 2845 1143 2926 Hebraei,
1195 2852 1275 2912 tores
1296 2851 1412 2911 tensa:
1441 2859 1529 2911 terra
1551 2848 1604 2913 bia
1636 2846 1700 2911 alio
1730 2866 1828 2911 sensu
1857 2845 2023 2925 aooipitnr,
2054 2863 2172 2927 nempe

171 2949 246 2994 meo
286 2927 419 3003 iuditio,
463 2948 633 3009 perperam
678 2938 828 3010 torquent
871 2929 912 2995 ad
952 2929 1143 2998 Obaldaaoa.
1196 2951 1255 3014 pro
1278 2940 1346 2996 tota
1368 2931 1510 3015 ragione.
1554 2931 1748 3013 Ubiouuque
1768 2950 1846 3015 ergo
1874 2930 2025 2995 habitent
2047 2929 2170 3012 ludaei,

171 3015 314 3080 Dixerat
330 3012 460 3094 quidem
480 3013 646 3092 Ieremias,
665 3014 782 3079 stultas
800 3035 871 3081 esse
889 3035 1001 3082 omnes
1020 3028 1144 3102 gentes,
1197 3016 1349 3082 extrahet
1371 3038 1425 3082 eoa
1444 3017 1613 3092 Dominus,
1635 3017 1742 3100 inquit
1763 3013 1931 3098 propheta,
1953 3016 2048 3098 qaam
2067 3015 2171 3096 fanda

171 3099 337 3184 quaesibi
361 3098 630 3164 labrioantDeos
652 3098 804 3182 lapideos,
828 3111 924 3166 etex
943 3103 1144 3184 eorruptibili
1191 3103 1369 3186 proiiearat.
1421 3103 1517 3168 Nune
1550 3122 1627 3186 ergo
1658 3100 1807 3167 videmus
1836 3103 1955 3165 iterum
1986 3100 2170 3166 denuntiari

171 3187 287 3270 quavis
314 3185 465 3249 materia:
500 3183 556 3250 sed
586 3185 726 3250 vidimus
759 3204 824 3268 qno
851 3187 993 3266 oonsilio,
1026 3208 1145 3270 nempe
1198 3187 1327 3253 Iudaeis
1350 3206 1446 3270 quam
1464 3189 1661 3270 spernebant
1679 3186 1864 3266 rindiotam,
1888 3186 2043 3268 qnoniam
2065 3188 2170 3252 seouri

172 3273 252 3355 quia
273 3290 403 3334 neeesse
425 3281 495 3334 erat
516 3268 693 3353 Israelitas,
722 3291 823 3353 quum
846 3283 954 3337 assent
975 3273 1145 3355 manoipia,
1198 3274 1348 3340 iaoebant
1380 3274 1414 3336 in
1445 3275 1514 3337 suis
1547 3272 1683 3338 delitiis:
1716 3283 1748 3338 et
1775 3293 1840 3356 qno
1867 3273 1971 3356 magis
2002 3292 2040 3338 ao
2066 3273 2171 3353 magis

172 3367 204 3422 et
240 3367 369 3438 praeter
401 3356 615 3439 ignominiam
647 3355 752 3422 exsilii
785 3358 881 3421 etiam
911 3369 1019 3422 esseut
1048 3358 1145 3425 valde
1198 3371 1411 3443 provooarent
1433 3360 1515 3422 iram
1537 3358 1611 3438 Dei,
1634 3357 1794 3442 putabant
1816 3358 1958 3423 fabulam
1982 3377 2054 3423 esse
2076 3356 2169 3440 quid-

172 3441 264 3508 exosi
287 3439 461 3507 Obaldaeia
483 3453 516 3505 et
539 3441 698 3525 Assyriis:
727 3462 857 3508 neeesse
884 3443 985 3526 igitur
1007 3445 1069 3509 luit
1091 3467 1145 3511 eos
1197 3445 1274 3530 quid
1297 3444 1422 3511 dioebat
1445 3445 1601 3510 Ieremias
1631 3445 1671 3510 de
1700 3444 1788 3509 illius
1818 3442 1949 3509 indicio.
1994 3442 2169 3524 (lamparet

172 3527 376 3603 eeufirmari,
409 3546 451 3590 ne
483 3536 657 3610 propterea
685 3528 901 3594 deaoiaoerant
928 3549 947 3591 a
975 3550 1054 3596 vero
1084 3533 1145 3597 Dei
1191 3545 1306 3596 ¹autem
1338 3530 1520 3594 violentum
1559 3530 1709 3595 exsilium
1745 3530 1933 3611 proieotioni
1967 3529 2097 3612 lapidis,
2137 3538 2170 3594 et

172 3616 274 3688 oultn,
305 3611 363 3676 sed
390 3619 576 3676 oonstanter
605 3628 787 3678 assererent
814 3615 884 3678 eius
906 3615 969 3679 Dei
999 3617 1145 3700 gloriam,
1198 3619 1304 3682 Deum
1327 3625 1495 3698 eomparat
1520 3615 1687 3681 firnditori.
1732 3613 1863 3682 Soimus
1892 3615 1968 3679 dum
1999 3623 2170 3696 torquetur

172 3719 275 3781 aquo
293 3698 465 3780 sperabant
484 3698 731 3764 restitutionem.
764 3698 861 3780 Quod
879 3721 957 3785 argo
977 3713 1146 3784 exponunt
1196 3701 1307 3776 lunda,
1330 3713 1364 3765 et
1381 3701 1551 3784 proiioitur
1573 3701 1666 3785 lapis,
1695 3722 1792 3784 qnam
1812 3701 1974 3766 violentus
1996 3700 2040 3764 ait
2061 3709 2168 3766 motus

172 3804 287 3850 omnes
319 3784 386 3848 iere
419 3783 564 3848 Hebraei
603 3783 689 3850 huno
721 3805 853 3850 versum
888 3787 928 3851 de
960 3786 1143 3863 Chaldaeis,
1196 3787 1260 3852 ille.
1312 3787 1403 3870 Ergo
1432 3787 1531 3852 talem
1560 3787 1787 3852 iaeulationem
1821 3786 1874 3851 hia
1904 3786 2049 3849 minatur
2077 3785 2168 3851 Deus

173 3871 307 3934 omnino
338 3869 514 3934 absurdum
549 3879 614 3946 est,
657 3871 734 3952 quia
766 3874 894 3936 oontexi
929 3872 1048 3938 debent
1080 3873 1144 3938 duo
1197 3871 1333 3955 populo,
1367 3872 1451 3954 qnod
1483 3873 1608 3939 sailioet
1640 3873 1704 3938 buo
1726 3883 1759 3937 et
1791 3872 1870 3936 illua
1900 3871 1971 3935 illos
2004 3870 2168 3936 violenter

173 3976 299 4032 versus,
324 3953 484 4038 Oaayrepo
504 3975 620 4022 mercae
638 3958 718 4035 aaa,
742 3976 817 4020 sam
837 3958 884 4022 sie
904 3959 980 4024 dieii
1000 3958 1144 4024 Iebevab.
1197 3959 1350 4034 disiioiet,
1391 3957 1662 4040 quemadmodum
1702 3958 1809 4022 solent
1851 3956 1975 4039 lapides
2011 3977 2030 4022 e
2066 3956 2169 4022 funda

173 4041 299 4108 Mirum
322 4051 371 4104 ιιι
398 4051 516 4116 autem
546 4041 741 4122 interpretes
769 4040 842 4106 illos
870 4040 1048 4108 seeundum
1072 4066 1144 4109 ver·
1196 4044 1321 4126 proiioi.
1375 4042 1464 4109 Dioit
1494 4045 1559 4109 viee
1590 4044 1664 4119 boo,
1699 4063 1815 4126 nempe
1847 4053 1885 4106 ut
1917 4043 2021 4108 selant
2054 4042 2168 4108 Iudaei

175 4148 250 4195 sum
283 4125 427 4206 aooipere
459 4125 498 4190 de
523 4125 692 4208 Israelitis,
724 4126 849 4191 interea
881 4129 1006 4193 oonoise
1039 4129 1145 4214 legere
1196 4127 1320 4196 sladem
1343 4129 1412 4194 iore
1435 4129 1540 4194 instar
1562 4129 1687 4194 subitae
1717 4125 1885 4210 proeellas.
1930 4127 2015 4192 Nam
2039 4128 2169 4211 saepius

175 4213 375 4296 superiorem
406 4229 544 4287 versum,
574 4231 613 4277 aa
644 4212 672 4275 si
706 4210 797 4276 nulla
826 4223 912 4278 esset
943 4215 1143 4281 ooninuotio:
1196 4215 1324 4298 experti
1361 4215 1495 4280 fuerant
1533 4214 1676 4280 hostium
1707 4213 1859 4278 insultus.
1915 4211 1981 4279 Sed
2014 4233 2100 4279 nuno
2133 4234 2168 4278 se

175 4317 277 4381 quum
311 4306 420 4360 tamen
454 4309 620 4377 appareat,
658 4306 770 4380 postea
801 4318 930 4363 oausam
964 4298 1054 4364 reddi
1086 4321 1145 4366 our
1196 4303 1411 4375 redemerant,
1434 4319 1521 4364 nouo
1542 4301 1643 4364 ooaoti
1665 4300 1794 4364 fuerant
1812 4298 1941 4383 Assyrii
1960 4309 1992 4362 et
2010 4298 2167 4366 Chaldaei

174 4383 285 4449 iubeat
306 4380 455 4448 eontrahi
476 4399 589 4446 omnes
612 4403 744 4449 meroes.
790 4381 917 4450 Sensus
938 4394 1048 4449 autam
1071 4387 1144 4452 aim·
1195 4387 1236 4451 ob
1263 4385 1344 4450 alios
1373 4396 1480 4450 motus
1514 4405 1646 4452 sursum
1681 4386 1864 4450 rafieetere:
1894 4384 1944 4449 vel
1975 4385 2169 4450 mirabiliter

175 4470 253 4552 plax
285 4475 352 4549 est,
384 4474 484 4530 totam
516 4467 679 4551 regionem
713 4470 886 4533 obnoxiam
920 4470 987 4535 iore
1020 4472 1144 4538 libidini
1195 4474 1325 4538 luerent
1347 4469 1474 4537 liberati
1493 4469 1556 4536 Dei
1578 4470 1716 4535 auxilio:
1740 4471 1914 4552 sperabant
1935 4467 2021 4533 idem
2040 4490 2169 4552 semper

175 4553 334 4635 hostium,
357 4561 393 4616 ut
415 4573 487 4617 eam
509 4551 673 4636 diripiant.
718 4552 880 4634 Quoniam
903 4575 981 4640 ergo
1003 4556 1145 4623 instabat
1195 4559 1273 4622 lore.
1310 4556 1508 4621 Praesertim
1526 4576 1604 4620 vero
1622 4555 1790 4638 putabant,
1813 4576 1848 4620 se
1866 4554 1985 4620 ballum
2010 4555 2167 4620 trahendo

176 4640 325 4715 vastatio,
356 4637 428 4702 ideo
457 4636 547 4703 iubet
578 4638 735 4720 propbeta
763 4661 817 4705 sos
845 4640 903 4723 qui
933 4639 1079 4708 habitant
1108 4643 1142 4707 iu
1196 4663 1290 4728 posse
1312 4641 1422 4708 hastos
1444 4641 1613 4716 ludifloari,
1642 4639 1911 4724 quemadmodum
1935 4641 2063 4723 saepius
2085 4641 2167 4705 leae·

175 4724 254 4790 loeis
273 4723 409 4790 monitis
425 4722 618 4788 eontrabere
637 4743 760 4790 meroes
777 4746 863 4806 suas,
881 4725 937 4791 vel
951 4730 1143 4792 oontraotio-
1196 4739 1278 4794 rant
1336 4728 1504 4793 Postremo
1542 4727 1618 4794 hino
1654 4726 1730 4791 inde
1767 4727 2000 4810 exspootabant
2036 4725 2166 4791 auxilia.

175 4827 270 4875 nem:
293 4820 404 4890 postea
421 4811 507 4874 enim
524 4809 564 4874 de
581 4829 659 4874 vooe
677 4809 828 4875 dieamus.
865 4812 1018 4876 Diximus
1036 4823 1143 4878 autem
1197 4816 1285 4898 Ergo
1303 4814 1461 4895 propbeta
1478 4813 1648 4896 signifieat,
1671 4814 1718 4878 sio
1735 4812 1933 4877 abstraatum
1949 4811 2001 4892 iri,
2023 4815 2061 4875 ut
2078 4811 2168 4877 Dens

175 4897 242 4960 iam
275 4895 422 4976 pluribus
449 4894 537 4973 loeis,
570 4895 744 4977 propbetas
773 4897 896 4960 ironiae
924 4899 1144 4983 perstringere
1196 4900 1269 4965 illos
1292 4898 1388 4962 simul
1419 4918 1532 4963 omnes
1560 4899 1667 4963 eiioiat
1689 4918 1709 4961 a
1730 4899 1846 4981 patria,
1876 4908 1908 4961 et
1936 4897 2045 4962 eiioiat
2074 4898 2168 4978 quasi

68 5017 72 5028 ‹
175 4993 339 5063 torporem
376 4981 504 5063 populi:
542 4983 618 5064 quia
654 4979 793 5064 frigebat
825 4982 965 5064 simplex
999 4982 1145 5049 doetrina
1196 5006 1263 5051 uno
1281 4983 1342 5049 ιιι.
1384 4983 1456 5048 Viae
1478 4984 1579 5068 igitur
1595 4984 1653 5049 boe
1670 4985 1840 5066 proiieiam
1856 4981 2042 5047 bosom
2058 4986 2167 5063 tarrae,

175 5067 240 5166 nisi
262 5075 417 5164 ageretur
435 5087 510 5131 oum
528 5066 609 5149 ipsis
628 5067 947 5165 quasi-tumultuose.
980 5069 1145 5153 Propheta
1196 5071 1317 5154 inquit:
1343 5074 1455 5169 posteo
1474 5069 1631 5169 coarctabo
1652 5090 1711 5170 aas:
1756 5069 1896 5168 Quidam
1921 5068 2168 5169 transitiveae·

174 5161 278 5250 ’ΒΨ
299 5161 434 5233 „„,„,
456 5172 627 5302 limidi
651 5152 1145 5320 ltttthtt‘tlttxtttt
1195 5152 2168 5308 ltttltttttm,tlttttltttttffitl'ltltltt

174 5236 552 5401 ιῗιίιιιωεέιιῗηιοιιιιειιιιὲ,
576 5335 612 5388 ιιι
630 5323 716 5400 alibi,
740 5323 911 5389 denuntiat
928 5344 1087 5408 nusquam
1110 5328 1143 5392 io
1196 5349 1250 5393 eos
1285 5324 1411 5403 bootes,
1452 5324 1658 5392 subaudiunt.
1713 5287 1780 5391 de
1815 5288 1945 5390 vidaiur
1978 5325 2038 5390 hoo
2055 5325 2168 5391 :nimia

280 5423 392 5480 Caluini
407 5438 499 5492 opera.
532 5424 591 5481 Vol.
608 5424 788 5481 XXXVIII.
1947 5426 1964 5480 6
