5118 6136
180 433 244 498 649
871 427 922 494 IN
943 429 1193 495 quuulnu.
1239 428 1338 494 OAP.
1361 424 1495 491 XXXI.
2123 437 2189 503 650

180 621 289 688 multa
310 621 478 700 sacrificia,
509 618 592 683 nihil
614 627 726 717 tamen
756 618 846 683 aliud
873 637 972 701 quam
1003 636 1159 702 provoca·
1213 617 1333 716 titiam,
1352 629 1386 682 et
1407 615 1453 716 ad·
1470 617 1609 684 iubilum
1632 632 1663 683 et
1687 621 1822 698 cantica,
1845 643 1950 705 neque
1971 624 2059 706 ipsos
2082 624 2187 707 modo,

180 711 260 776 bant
287 708 370 773 iram
398 704 473 782 Dei,
501 705 577 788 qaia
606 703 687 768 nibil
716 703 765 770 las
794 715 844 768 est
874 713 1002 768 tentare
1031 715 1161 786 praeter
1211 701 1268 768 sed
1291 713 1389 767 atram
1412 703 1622 787 alienigenas.
1656 705 1727 771 Etsi
1746 708 1834 772 onim
1852 708 1949 791 paulo
1972 719 2045 792 post
2065 711 2188 794 patebit

180 795 330 879 regulam
352 793 385 856 in
407 793 479 875 lege
502 789 749 888 praescriptam.
794 789 873 854 Ideo
894 789 974 887 dicit
992 786 1159 938 prophata,
1211 809 1277 852 non
1307 788 1406 854 luisse
1436 808 1607 855 commune
1640 791 1818 859 incredulis
1850 792 2023 878 gaudium:
2058 796 2187 863 videtur

181 876 699 1043 lltllttllttttlc
714 877 920 1045 tltlttl
936 873 1159 1043 ‘litut
1211 875 1999 1046 ttltlf⁰tl⁰ttttl⁰tultltttt‘ttl
2013 889 2187 1050 tt‘tltt

180 1053 253 1118 fait
296 1050 382 1115 Nam
412 1047 508 1132 pauci
538 1048 656 1146 Deum·
678 1047 740 1112 rite
770 1047 943 1114 coluerunt
972 1047 1006 1111 in
1036 1044 1159 1128 templo
1210 1044 1352 1109 oblatam
1382 1046 1443 1111 sibi
1471 1048 1730 1130 promissionem.
1775 1049 1863 1130 Quid
1887 1052 1974 1116 enim
2004 1052 2082 1119 dicit
2110 1075 2185 1136 pro-

181 1137 270 1223 quod
291 1147 478 1202 extructam
502 1142 573 1199 erat
594 1154 699 1217 rpsrus
720 1133 823 1199 iussu.
864 1131 931 1198 Alii
955 1140 1066 1198 autem
1088 1153 1159 1196 sese
1210 1129 1335 1213 pheta?
1376 1131 1440 1198 vos
1470 1139 1574 1216 ριιιιι
1606 1141 1732 1200 caterae
1760 1135 1890 1201 ιιιιῑιιι
1915 1143 2050 1219 propter
2076 1138 2186 1206 Iacob:

180 1224 423 1308 prostituerunt
449 1219 563 1284 multis
592 1219 885 1301 superstitionibus.
931 1217 1027 1284 Nunc
1056 1217 1159 1301 igitar
1210 1215 1290 1298 quid
1312 1217 1440 1283 interea
1462 1219 1558 1284 facist
1579 1219 1677 1285 Iacob
1699 1220 1793 1303 ipsa?
1816 1222 1913 1287 Nunc
1934 1243 2013 1306 argo
2037 1225 2185 1291 videmus

180 1311 302 1375 iterum
330 1299 515 1374 coalescent
544 1306 579 1393 in
611 1323 714 1370 unum
743 1324 870 1388 corpus.
923 1304 1072 1386 Denique
1104 1302 1158 1368 hic
1210 1321 1366 1384 quorsum
1398 1314 1523 1387 spectat
1552 1304 1632 1371 haec
1662 1307 1839 1390 prophetae
1869 1306 2078 1375 vehementia
2106 1311 2183 1376 dnm

127 1383 132 1400 ⁸
180 1395 345 1480 promittit
372 1391 530 1458 Ieremias
560 1388 725 1456 redituros
753 1411 867 1456 omnes
897 1388 982 1455 filios
1005 1388 1158 1454 Abrahae
1209 1387 1300 1452 iubet
1322 1409 1436 1454 omues
1465 1389 1581 1455 laetari
1612 1403 1745 1476 propter
1773 1394 1885 1476 populi
1915 1393 2184 1477 redemptionem,

180 1483 216 1546 in
247 1482 428 1546 fraternum
458 1497 669 1559 consensum,
705 1483 739 1541 et
766 1475 934 1543 vinculum
965 1476 1033 1540 iore
1065 1473 1159 1540 docet
1211 1493 1328 1556 nempe
1350 1485 1470 1540 utnon
1491 1485 1616 1541 tantum
1637 1476 1698 1544 hoc
1717 1480 1908 1543 vaticinium
1931 1479 2039 1545 solatii
2062 1481 2184 1564 aliquid

181 1567 344 1632 unitatem
377 1563 470 1639 fidei,
511 1562 589 1645 quia
629 1561 752 1629 scilicet
786 1561 960 1626 unanimes
992 1571 1091 1627 erunt
1122 1561 1157 1626 in
1211 1559 1344 1625 afferret
1372 1561 1500 1627 miseris
1529 1562 1713 1644 exsulibus,
1744 1562 1802 1629 sed
1824 1573 1862 1629 ιιι
1883 1567 1916 1629 in
1939 1567 2048 1632 media
2079 1579 2184 1634 morte

180 1651 357 1718 offerendis
378 1649 559 1728 sacrificiis,
592 1667 653 1713 nec
679 1648 782 1732 linget
810 1647 872 1714 sibi
902 1648 1039 1731 quisque
1061 1646 1157 1712 deum
1210 1645 1372 1711 sentirent
1393 1668 1428 1712 se
1452 1648 1595 1714 victuros
1616 1667 1725 1714 coram
1749 1650 1829 1726 Deo,
1852 1651 1948 1716 modo
1970 1672 2012 1716 ne
2034 1653 2184 1736 despera-

179 1737 360 1822 proprium.
398 1735 460 1801 Est
481 1745 592 1799 autem
614 1732 706 1799 locus
724 1734 777 1799 hic
794 1733 941 1817 apprime
959 1732 1059 1809 utilis,
1081 1734 1157 1816 quia
1210 1741 1292 1795 rant.
1338 1730 1488 1815 Denique
1510 1740 1725 1799 cantantum
1756 1735 1905 1821 mitigare
1934 1738 2080 1822 ipsorum
2106 1739 2183 1804 tris·

181 1823 260 1888 hino
281 1821 465 1906 colligimus
487 1819 638 1903 quisnam
667 1819 709 1883 sit
730 1839 830 1884 verus
860 1817 1013 1884 ecclesiae
1042 1827 1156 1894 status,
1210 1816 1316 1881 titiam
1337 1817 1454 1897 voluit,
1483 1819 1539 1884 scd
1561 1819 1694 1886 condire
1716 1821 1880 1905 spirituali
1902 1823 2032 1907 gaudio,
2056 1828 2094 1889 ut
2115 1845 2181 1890 non

181 1910 239 1975 ubi
261 1909 386 1975 scilicet
407 1905 621 1973 consentiant
640 1925 754 1970 omnes
776 1904 812 1969 in
831 1925 930 1970 unam
949 1905 1056 1972 fidem.
1090 1906 1156 1970 Sed
1209 1900 1395 1968 desinerent
1416 1902 1499 1970 bene
1522 1926 1661 1987 sperare,
1686 1915 1719 1971 et
1736 1907 1783 1972 ita
1800 1908 1918 1973 erectis
1941 1910 2059 1976 animis
2080 1919 2181 1977 stare:

181 1995 279 2061 simul
303 1991 482 2059 videndum
504 2003 553 2056 est
575 1991 630 2056 uhi
652 1988 790 2055 fundata
813 1991 855 2055 sit
879 1989 935 2055 illa
956 1992 1046 2055 fides.
1091 1992 1156 2057 Pa·
1209 1999 1243 2052 et
1266 1987 1422 2070 hilariter,
1446 2011 1511 2054 non
1534 2000 1664 2056 tantum
1687 1993 1863 2076 patienter,
1891 1995 1976 2059 serre
1998 2017 2075 2062 suas
2097 1995 2181 2061 cala·

179 2083 286 2164 pistae
312 2079 444 2163 quidem
472 2077 655 2162 gloriantur
677 2075 718 2141 de
740 2097 799 2141 suo
821 2096 998 2155 consensu,
1028 2076 1083 2141 sed
1107 2078 1155 2141 in·
1209 2074 1355 2154 mitulos,
1392 2077 1545 2157 quoniam
1580 2077 1670 2144 Deus
1707 2079 1914 2161 promitteret
1946 2102 1981 2146 se
2014 2082 2084 2146 iore
2116 2080 2183 2148 illis

179 2176 271 2232 terea
292 2163 561 2250 praetermittunt
589 2161 675 2245 quod
707 2160 844 2228 debebat
872 2172 984 2227 tenere
1013 2163 1155 2246 primum
1209 2160 1396 2242 propitium.
1440 2161 1533 2227 Haec
1560 2163 1643 2228 ratio
1671 2175 1721 2229 est
1748 2185 1806 2229 cur
1832 2165 1943 2230 iubeat
1972 2170 1999 2231 el
2025 2167 2184 2234 emutilare

179 2252 327 2336 gradum,
350 2271 468 2331 nempe
490 2259 526 2313 ut
543 2269 656 2312 omnes
674 2248 710 2312 in
723 2247 830 2312 Deum
849 2269 952 2314 unum
970 2248 1155 2332 respiciant,
1204 2246 1340 2329 quadie,
1374 2252 1404 2310 el
1430 2247 1574 2313 iubilate.
1630 2249 1807 2334 Adiungit,
1840 2251 1876 2315 iu
1904 2253 2004 2332 cupite
2034 2255 2181 2337 petatium.

180 2336 455 2422 quemadmodum
485 2332 590 2399 edocti
620 2342 698 2398 sunt
721 2333 791 2397 eius
813 2333 924 2400 verbo.
967 2334 1059 2418 Ergo
1081 2355 1155 2418 pro·
1209 2331 1325 2397 Posset
1354 2333 1454 2416 accipi
1477 2333 1558 2400 haec
1581 2335 1727 2418 loquutio
1749 2355 1787 2401 ac
1808 2337 1836 2401 si
1859 2335 1996 2402 dixisset
2024 2339 2183 2422 propheta

179 2424 279 2506 phata
302 2422 355 2487 hic
377 2422 525 2486 nominat
546 2422 691 2483 montem
716 2415 807 2500 Sion,
829 2419 883 2502 qui
906 2419 1027 2485 electus
1050 2421 1156 2485 iuerat
1207 2426 1322 2500 gentes
1344 2418 1412 2482 lore
1434 2421 1480 2484 ita
1502 2420 1770 2503 contemptibiles,
1791 2433 1828 2487 ut
1845 2421 1948 2487 libere
1970 2425 2096 2506 possint
2117 2424 2182 2490 illis

180 2508 349 2584 divinitus,
371 2519 409 2570 ut
432 2503 584 2570 ostendat
606 2524 672 2568 non
694 2503 792 2569 aliam
815 2509 972 2571 unitatem
997 2506 1067 2570 Deo
1090 2507 1156 2590 pla·
1207 2503 1367 2569 insultare
1389 2503 1450 2569 filii
1468 2504 1540 2570 Dei.
1580 2503 1646 2572 Sed
1666 2507 1846 2590 simplicius
1867 2509 2073 2592 interpretor,
2095 2510 2182 2592 quod

179 2615 262 2669 cere,
291 2593 354 2658 nisi
377 2591 455 2655 dum
479 2590 629 2655 homines
657 2589 756 2654 simul
779 2611 799 2654 a
821 2590 957 2656 minimo
989 2592 1155 2674 usquead
1207 2587 1320 2654 iubeat
1348 2589 1509 2674 propheta
1539 2592 1699 2658 emutare
1727 2593 1762 2658 in
1792 2594 1890 2676 mpla
1918 2595 2058 2676 aarum
2087 2616 2124 2661 ac
2153 2597 2180 2661 ιι

179 2681 358 2744 maximum
382 2676 609 2758 obtemperant
628 2675 698 2741 eius
716 2676 825 2754 verbo,
849 2698 955 2760 nequa
975 2687 1157 2761 sequuntur
1208 2671 1346 2739 dixisset
1375 2675 1500 2758 palam,
1533 2677 1581 2742 ita
1608 2686 1647 2742 at
1672 2677 1828 2761 gaudium
1855 2692 1999 2745 vestrum
2030 2682 2182 2748 omnibus

179 2785 255 2830 suas
278 2763 540 2847 imaginationes,
569 2760 625 2826 sed
649 2761 891 2844 amplectuntur
913 2763 998 2846 quod
1021 2764 1076 2829 illc
1100 2763 1156 2828 do·
1209 2769 1411 2843 perspectum
1435 2763 1486 2826 sit.
1531 2761 1693 2842 Quamvis
1717 2765 1804 2828 enim
1828 2764 1909 2829 bene
1932 2773 2103 2848 sperarent
2124 2767 2181 2832 Iu·

179 2861 232 2916 cet
258 2869 296 2913 au
325 2848 515 2930 praescribit
543 2847 577 2910 in
608 2846 680 2932 lege
710 2867 778 2914 sua.
829 2848 921 2916 Haec
949 2869 1079 2914 summa
1107 2859 1157 2915 est
1208 2845 1282 2910 daei
1305 2846 1344 2910 de
1366 2845 1482 2929 reditu,
1505 2848 1562 2912 vix
1584 2859 1694 2913 tamen
1716 2851 1786 2915 ausi
1808 2850 1947 2915 fuissent
1968 2852 2099 2934 signum
2122 2853 2181 2917 ali-

180 2935 280 3000 huius
303 2935 372 3000 loci.
419 2935 549 2998 Vocant
569 2933 671 3015 igitur
693 2932 862 3000 Israelitae
884 2933 989 3000 Deum
1010 2954 1157 3019 sauma
1209 2931 1293 3014 quod
1316 2930 1452 2998 fiduciae
1474 2953 1552 2998 suae
1571 2932 1657 3010 darc,
1680 2937 1833 3017 quoniam
1855 2935 1917 3001 hoc
1933 2935 2029 3001 modo
2047 2957 2180 3004 exacer-

179 3043 244 3104 quo
266 3021 357 3105 prins
378 3019 535 3086 scelerate
558 3019 754 3084 deiecerant.
800 3019 967 3102 Sequitur,
1207 3016 1341 3082 basseut
1372 3019 1497 3082 animos
1535 3019 1679 3084 hostium
1711 3041 1856 3086 suorum.
1910 3021 2002 3106 Ergo
2036 3025 2181 3107 oportuit

1208 3123 1341 3184 prorsus
1370 3103 1475 3170 iacere
1506 3107 1636 3186 tacitos,
1670 3111 1704 3170 st
1731 3106 1825 3189 quasi
1854 3108 2031 3174 exanimes.
2083 3108 2181 3175 Nunc

268 3191 297 3255 7.
340 3190 424 3272 Qaic
456 3191 501 3256 sic
534 3189 610 3254 dicit
643 3188 795 3271 Ieltouulr,
833 3189 999 3257 Ecaullute
1026 3196 1155 3274 prepter
1207 3188 1367 3271 propheta
1395 3190 1530 3272 opponit
1559 3191 1766 3257 manifestum
1794 3190 1856 3258 hoo
1883 3192 2040 3276 gaudiam
2067 3195 2180 3261 timori

181 3278 275 3344 Iacob
296 3277 332 3343 ia
348 3277 470 3343 laetitio
492 3273 559 3361 (vel
577 3295 652 3340 cum
670 3274 779 3341 Iacob:
805 3296 881 3340 nam
901 3259 919 3343 5
938 3286 1045 3358 potest
1068 3287 1155 3342 utro·
1206 3275 1262 3357 qui
1285 3294 1390 3357 paene
1412 3274 1550 3359 cogebat
1570 3275 1710 3342 ludaeos
1732 3287 1924 3359 mutescere,
1947 3279 1993 3344 ita
2016 3288 2053 3344 ut
2075 3301 2180 3363 neque

179 3385 243 3447 que
266 3361 363 3428 modo
385 3360 501 3447 accipi)
522 3365 552 3426 el
572 3360 703 3426 iubilate
724 3362 760 3427 iu
781 3363 882 3444 sopite
901 3363 1057 3445 petatium:
1080 3383 1154 3446 pro
1207 3372 1302 3444 gestu
1325 3382 1429 3444 noque
1452 3360 1560 3428 verbis
1582 3363 1741 3428 auderent
1771 3365 1917 3446 proferre
1945 3364 2030 3448 quod
2059 3365 2178 3433 didica-

178 3450 322 3533 mulpcte,
352 3447 479 3514 laudate
524 3451 553 3511 el
578 3447 683 3530 ᾱιιιιι,
716 3447 815 3514 Seruo
842 3446 978 3514 Iedovch
1002 3448 1156 3530 populum
1207 3461 1282 3512 rant
1304 3467 1324 3511 ι
1346 3449 1468 3513 sanctis
1490 3446 1554 3513 Dei
1575 3449 1689 3514 servis.
1734 3449 1888 3531 Denique
1915 3449 2079 3534 significat
2105 3471 2178 3535 pro·

178 3542 277 3616 tuma,
300 3533 456 3617 reliquias
477 3496 590 3598 lsrael.
1206 3532 1307 3615 pheta
1335 3533 1561 3599 liberationem
1590 3533 1657 3599 fore
1686 3535 1732 3598 ita
1753 3534 1975 3618 splendidam,
2004 3542 2043 3599 nt
2067 3536 2179 3603 Iudaei

1206 3629 1353 3684 metuere
1375 3639 1441 3685 non
1464 3619 1604 3684 debeant
1626 3619 1800 3702 quidquam
1828 3620 1978 3704 periculi,
2008 3620 2063 3686 ubi
2085 3642 2178 3705 prae-

265 3705 450 3771 (lonfirmat
478 3704 638 3787 propheta
664 3705 861 3770 sententiam
883 3725 982 3787 quam
1004 3707 1153 3790 exposui·
1206 3703 1362 3770 dicabunt
1391 3704 1483 3787 quasi
1510 3704 1616 3787 plenis
1639 3704 1748 3772 buccis
1769 3704 1834 3772 Dei
1858 3706 2060 3772 beneficium.
2104 3707 2179 3775 Hoc

179 3812 266 3857 mus:
291 3801 325 3856 et
348 3793 566 3855 necessarium
589 3791 651 3854 luit
672 3790 734 3855 hoc
757 3789 886 3866 addere,
910 3792 1060 3874 quiores
1083 3802 1154 3858 erat
1206 3789 1336 3854 videtur
1358 3801 1470 3855 notare
1492 3811 1551 3873 per
1572 3797 1665 3874 capul
1684 3792 1835 3875 pataliam.
1875 3793 1996 3858 Postea
2017 3793 2178 3878 adiungit,

178 3878 249 3943 fere
278 3875 489 3943 incredibilis.
543 3875 698 3940 Pluribus
732 3897 809 3961 ergo
838 3876 946 3942 verbis
976 3899 1046 3942 eam
1079 3900 1153 3960 pro·
1207 3874 1378 3956 Publicola,
1408 3875 1534 3942 laudab
1561 3881 1590 3942 cl
1617 3878 1711 3944 dieite
1740 3875 1847 3943 Serum
1891 3877 1965 3944 Hoc
1993 3878 2034 3943 ad
2063 3878 2178 3944 fideles

178 3964 336 4046 sequitur.
383 3960 437 4028 Sic
466 3961 542 4026 dicit
569 3959 721 4026 Iebovclt:
752 3961 921 4044 praefatur
954 3962 1016 4028 hoc
1049 3963 1152 4042 modo,
1204 3963 1334 4044 proprie
1364 3973 1497 4044 spectat,
1527 3963 1604 4044 quia
1633 3965 1753 4029 scimus
1783 3984 1849 4028 non
1870 3983 1965 4046 posse
1987 3965 2097 4030 Deum
2125 3966 2177 4029 in·

178 4047 451 4132 quemadmodum
474 4067 570 4128 saepe
593 4046 758 4128 admonui,
779 4059 816 4112 ut
834 4047 982 4112 doctrina
1002 4049 1077 4132 plus
1099 4049 1152 4112 ob·
1205 4047 1315 4112 vocari
1336 4047 1377 4112 ab
1400 4048 1584 4113 incredulis.
1628 4049 1728 4115 Fides
1750 4049 1838 4114 enim
1859 4049 1928 4114 sola
1950 4048 2043 4115 nohis
2071 4051 2177 4132 aperit

178 4135 282 4198 lineat
315 4132 479 4216 ponderis.
538 4131 628 4197 Nihil
667 4132 797 4215 quidem
834 4154 978 4216 unquam
1017 4134 1153 4217 protulit
1204 4131 1354 4198 ianuam:
1385 4142 1418 4199 et
1440 4155 1506 4199 non
1529 4144 1635 4217 potest
1664 4135 1733 4200 ulla
1759 4155 1829 4200 esse
1858 4134 2006 4218 legitima
2034 4136 2177 4218 precatio

177 4219 336 4285 Ieremias
365 4219 428 4284 nisi
459 4217 544 4301 quod
579 4217 737 4284 didicerat
760 4239 799 4283 ex
821 4239 878 4283 ore
900 4218 974 4298 Dei,
1005 4227 1039 4283 et
1061 4240 1151 4287 reve·
1204 4219 1268 4282 nisi
1300 4239 1384 4300 quae
1417 4239 1459 4284 ex
1489 4219 1553 4284 fide
1586 4220 1742 4286 nascitur.
1793 4219 1884 4304 ldrgo
1917 4221 2090 4303 compellat
2124 4221 2176 4287 hic

178 4305 300 4371 latione
322 4305 473 4388 spiritus:
503 4303 561 4370 ssd
584 4324 664 4386 opus
692 4305 753 4369 fuit
782 4304 902 4369 diserte
930 4305 1094 4371 interdum
1117 4304 1152 4370 id
1203 4303 1289 4368 filios
1307 4304 1370 4368 Dei
1391 4305 1551 4386 propheta
1573 4326 1676 4387 quum
1698 4305 1786 4382 dicit,
1811 4304 2189 4390 praecantatorum..

177 4399 333 4456 testatum
357 4391 462 4456 lacere
484 4397 620 4472 propter
642 4389 814 4455 auditores.
849 4389 947 4455 Iubet
969 4401 1077 4456 autem
1100 4411 1153 4456 eoa
1204 4390 1249 4455 Et
1267 4403 1354 4456 certe
1373 4392 1522 4473 quamvis
1543 4411 1656 4455 omnes
1677 4391 1768 4473 impii
1789 4391 1931 4456 convicti
1948 4392 2071 4457 ιιιιιιιιι
2088 4403 2177 4458 ιιιιι

177 4477 337 4543 excultare
371 4476 492 4541 laetitio
523 4480 551 4541 et
582 4474 728 4541 iubilate.
780 4475 969 4541 Notandum
1007 4487 1057 4543 ιιι
1090 4477 1152 4542 hoc
1205 4475 1408 4559 experientia
1431 4475 1470 4540 de
1492 4474 1673 4540 admirabili
1690 4475 1753 4540 Dei
1775 4475 1910 4556 virtute,
1932 4477 2042 4543 nullus
2064 4485 2176 4543 tamen

177 4562 369 4628 vaticinium
401 4562 500 4627 luisse
533 4560 695 4643 prolatum
728 4582 828 4644 quum
857 4561 921 4626 iam
950 4582 1016 4626 non
1038 4563 1151 4645 procul
1204 4562 1292 4627 inter
1323 4562 1410 4645 ipsos
1442 4563 1551 4646 potuit
1583 4582 1654 4626 esse
1686 4561 1810 4645 gratias
1838 4560 1902 4625 Dei
1935 4583 2059 4646 praeco.
2103 4563 2177 4628 Hoc

178 4647 307 4713 abesset
329 4657 476 4714 extrema
498 4657 529 4710 et
546 4645 660 4729 populi
684 4655 717 4711 et
734 4645 824 4712 urhis
844 4657 876 4712 ιι
895 4647 1008 4728 templi
1030 4647 1150 4713 clades:
1204 4669 1282 4732 ergo
1316 4668 1438 4713 munus
1464 4648 1596 4729 proprie
1625 4647 1809 4730 iniungitur
1835 4646 2004 4728 fidelibus,
2034 4654 2071 4712 ut
2093 4648 2176 4713 cele-

176 4733 235 4800 sed
253 4733 357 4804 voluit
373 4732 532 4818 'propheta
549 4741 704 4808 mortuos,
729 4743 765 4797 ut
783 4733 829 4797 ita
846 4733 968 4816 loquar,
992 4733 1151 4798 consolari
1204 4734 1300 4798 brent
1322 4734 1385 4798 Dei
1407 4734 1556 4820 gratiam.
1597 4733 1642 4797 Et
1663 4731 1854 4816 adiungitur
1877 4735 1975 4798 etiam
1998 4733 2176 4816 gratiarum

177 4821 211 4884 ιιι
235 4820 403 4904 sepulcris,
432 4831 469 4885 ut
490 4819 655 4903 patienter
676 4829 904 4900 exspectarent
927 4819 1151 4885 liberationem
1204 4821 1297 4895 actio,
1327 4839 1365 4884 ac
1393 4821 1421 4885 si
1451 4818 1572 4885 diceret
1601 4818 1761 4902 propheta
1790 4838 1855 4883 non
1885 4839 1980 4902 posse
2009 4819 2072 4883 rite
2100 4839 2175 4902 pro·

176 4906 379 4988 promissam,
402 4913 435 4970 at
453 4913 541 4972 carto
563 4913 746 4970 statuerent
767 4905 871 4970 nihilo
894 4905 1059 4970 difficilius
1082 4927 1151 4970 esse
1203 4905 1345 4988 mulgari
1366 4903 1430 4970 Dei
1453 4905 1592 4988 gratiam
1615 4905 1676 4970 nisi
1699 4902 1852 4969 laudetur
1874 4906 1945 4969 eius
1968 4903 2112 4982 bonitas,
2143 4914 2177 4970 et

177 4991 251 5057 Deo
268 4993 426 5058 suscitare
445 5002 600 5070 mortuos,
624 5010 721 5073 quam
740 5001 889 5075 aegrotos
906 5010 1032 5056 sanare.
1061 4991 1151 5074 Ergo
1203 4992 1358 5056 offeratur
1380 4991 1576 5056 sacrificium
1599 4991 1715 5057 laudis.
1753 4989 1820 5056 Sed
1842 4988 1993 5054 hortatur
2014 4991 2111 5055 simul
2134 4989 2175 5056 ad

176 5077 259 5144 hacc
281 5077 453 5162 prophetia
481 5077 596 5143 habuit
620 5097 715 5142 suum
740 5098 834 5141 usum
858 5097 958 5159 quum
981 5077 1078 5141 tracti
1100 5094 1150 5141 es·-
1203 5076 1413 5160 precandum.
1458 5077 1553 5144 Unde
1582 5076 1781 5161 colligimus,
1813 5074 2082 5155 promissionibus
2112 5076 2175 5142 Dei

176 5171 252 5230 sent
273 5164 307 5229 in
327 5163 479 5228 exsilium
497 5161 620 5242 Iudaei,
644 5173 677 5227 et
694 5163 811 5228 misere
834 5163 981 5244 dispersi,
1006 5163 1151 5228 utnulla
1203 5164 1250 5228 ιιι
1272 5163 1388 5229 dehere
1414 5184 1474 5230 nos
1496 5164 1634 5228 animari
1664 5163 1705 5228 ad
1732 5159 1883 5226 fiduciam
1912 5173 1951 5226 ut
1971 5175 2080 5227 tamen
2108 5184 2176 5228 non

177 5269 252 5332 spes
274 5259 361 5315 esset
383 5247 596 5314 liberationis.
641 5247 707 5314 Sed
731 5269 796 5332 quo
817 5249 980 5315 efficacius
1002 5253 1152 5331 penetret
1203 5259 1399 5331 torpeamus.
1443 5251 1527 5316 Nam
1551 5247 1648 5314 multi
1675 5270 1746 5314 sese
1772 5246 1959 5312 exhilarant
1988 5269 2088 5331 quum
2117 5267 2175 5313 au·

177 5335 325 5402 doctriua
358 5336 392 5399 in
419 5337 565 5417 ipsorum
597 5333 737 5416 animoa,
771 5335 922 5401 hortatur
945 5355 999 5401 eos
1021 5332 1062 5398 ad
1085 5334 1150 5400 lae·
1203 5333 1299 5400 diunt
1327 5337 1448 5400 laetum
1482 5336 1622 5419 aliquem
1652 5334 1820 5398 nuntium:
1855 5333 1913 5398 sed
1939 5332 2021 5401 hacc
2051 5333 2175 5398 laetitia
