5158 6124
346 473 411 538 355
1152 466 1539 537 PRAELIIOTIONIIS
2281 466 2346 532 356

347 683 414 728 non
437 665 484 728 ita
505 661 724 745 exparelactis
750 659 827 742 quid
851 661 910 724 sit:
940 658 997 724 sed
1020 657 1118 725 simul
1146 669 1243 743 atque
1268 660 1319 722 in·
1371 658 1538 725 moderato
1561 661 1670 725 animo
1692 670 1726 727 et
1744 659 1920 742 composito
1942 659 2042 723 ierret
2071 657 2157 740 quod
2184 657 2346 722 acciderat

347 750 474 832 crepuit
497 747 619 831 aliquid
642 759 751 825 noctu,
782 751 886 811 terror
910 765 1024 810 omnes
1047 765 1164 811 sensus
1193 755 1321 810 nestros
1370 747 1493 811 sanetis
1530 747 1626 830 virle,
1668 747 1724 812 sed
1762 746 1864 811 voluit
1901 743 2138 827 quodammodo
2179 743 2344 809 theatrum

346 847 494 919 occupat.
539 832 673 916 Aliquid
702 853 780 917 ergo
808 831 1030 918 prodigiosum
1058 831 1112 898 hic
1134 830 1241 897 voluit
1263 851 1319 895 ex·
1371 833 1602 913 conscendere,
1634 842 1673 898 ut
1702 831 1841 898 dedecus
1876 850 1971 896 suum
2006 829 2244 913 promulgaret,
2279 851 2343 894 non

347 923 489 1005 primere
518 919 686 1003 prophete.
731 917 826 985 Unde
856 919 953 984 etiam
988 916 1106 982 melius
1137 917 1320 1001 colligimus
1372 929 1499 983 tantum
1523 919 1582 984 uni
1611 919 1755 998 saeculo,
1788 917 1843 983 sed
1874 937 1976 999 usque
2005 916 2046 980 ad
2075 918 2174 982 finem
2206 914 2344 980 mundi?

347 1017 549 1156 quantopere
583 1003 771 1070 efferbuerit
803 1004 893 1070 illius
920 1003 1116 1085 indignatio,
1150 1002 1234 1085 quod
1264 1001 1320 1066 ad·
1372 1004 1564 1070 Tenendum
1599 1011 1650 1070 est
1682 1006 1808 1070 interea
1841 1003 1911 1068 eius
1953 1003 2135 1068 consilium.
2189 1001 2346 1067 Diximus

369 1094 471 1157 ixerit
493 1091 659 1157 bominem
682 1091 854 1156 innoxium
877 1090 1049 1155 tormentis
1066 1090 1164 1154 etiam
1183 1088 1319 1153 diurnis.
1373 1091 1461 1154 enim
1484 1089 1675 1173 prophetam
1698 1111 1764 1155 nou
1787 1089 1888 1154 fuisse
1903 1087 1963 1154 hec
1979 1097 2047 1153 tam
2063 1089 2208 1153 violente
2226 1088 2344 1152 affectu

346 1177 456 1262 Meae,
476 1178 592 1261 inquit,
612 1177 725 1243 audiet
741 1177 916 1258 electorem,
936 1175 1066 1240 rueridie
1083 1175 1194 1240 audiet
1210 1173 1321 1238 terual-
1373 1187 1569 1259 correptum,
1593 1187 1764 1260 postquam
1788 1176 1859 1241 Deo
1881 1176 2004 1259 gratias
2026 1185 2149 1258 egeret,
2179 1183 2212 1238 et
2232 1173 2344 1240 exsul-

345 1270 423 1330 tare.
468 1263 507 1330 Si
530 1262 676 1342 dixisset,
706 1273 862 1345 perpetuo
885 1260 1007 1340 audiat,
1035 1259 1096 1326 hoc
1117 1281 1183 1325 non
1206 1259 1321 1326 iuissru
1373 1271 1502 1328 laverat
1523 1264 1613 1345 quasi
1637 1265 1757 1328 victer:
1791 1261 1848 1326 sed
1878 1263 1984 1344 potius
2008 1243 2072 1327 bac
2101 1261 2347 1326 circumstantia

346 1359 415 1416 tam
437 1369 549 1434 grave.
593 1347 665 1414 Iam
687 1351 848 1430 sequitur,
1374 1348 1572 1431 amplificare
1600 1350 1739 1432 grauem
1761 1347 1842 1424 Dei,
1877 1345 1961 1430 quod
1992 1355 2123 1429 ereptus
2155 1347 2271 1412 fuisset
2304 1347 2346 1410 ab

436 1555 487 1622 17,
521 1555 625 1638 Quare
646 1575 709 1620 roc
731 1553 870 1619 cremiali
890 1573 938 1618 are
958 1552 998 1618 ab
1020 1551 1129 1618 utere?
1163 1552 1324 1633 elfeisset

346 1643 424 1732 (hee
447 1651 507 1724 est,
529 1651 567 1707 ut
588 1641 688 1727 esset)
709 1639 789 1706 milri
802 1643 903 1706 mater
920 1658 988 1703 mee
1004 1638 1178 1721 sepulerum
1197 1637 1321 1702 meum?

347 1736 377 1796 et
397 1729 433 1794 ic
453 1733 539 1793 clero
560 1728 629 1794 eius
650 1731 809 1810 eoneeplre
831 1725 947 1792 soeculi
969 1722 1016 1810 (id
1038 1735 1105 1802 est,
1135 1735 1322 1808 perpetuus,

348 1815 401 1882 vel
431 1820 545 1880 uterus
574 1813 644 1878 eius
677 1813 791 1877 luisset
823 1813 857 1876 in
890 1817 1047 1894 conceptu
1081 1819 1254 1893 perpetuo:
1289 1817 1322 1874 et

347 1901 428 1967 hacc
450 1899 609 1983 posterior
641 1898 801 1981 expositio
834 1897 964 1963 videtur
997 1896 1113 1962 melius
1146 1893 1320 1978 quadrare:

346 2007 386 2052 ac
407 1987 437 2052 si
460 1986 596 2064 diceret,
625 1985 759 2050 Fuisset
780 1991 891 2049 uterus
921 1983 1034 2048 matris
1066 2002 1156 2047 meae
1188 1982 1320 2061 sterilis,

346 2074 394 2138 ita
416 2080 454 2137 ut
485 2092 550 2136 non
578 2071 762 2154 conciperet
790 2071 852 2136 ulei
883 2078 957 2153 pest
986 2069 1167 2147 saeculum,
1199 2067 1232 2132 id
1260 2077 1320 2146 est,

345 2156 538 2243 nunquam).

434 2271 483 2336 18.
519 2268 623 2350 Quare
644 2289 683 2334 er
704 2271 789 2334 eleo
817 2287 958 2352 emersus
985 2286 1057 2332 aem
1085 2266 1127 2332 ed
1156 2265 1321 2331 uidendam

342 2356 533 2508 adaram,
563 2360 591 2420 et
616 2355 767 2433 dolorem,
796 2359 831 2418 et
852 2357 1072 2420 resumantur
1094 2353 1128 2416 ic
1158 2352 1320 2433 opprobrio

431 2638 610 2721 Postquam
632 2637 765 2720 proiecit
787 2636 944 2702 Ieremias
965 2656 1042 2701 suas
1071 2635 1320 2716 imprecationes

345 2735 415 2790 tam
438 2733 553 2790 contm
575 2722 662 2788 diem
685 2723 829 2789 natalem
851 2743 956 2802 suum,
979 2739 1077 2804 quam
1099 2730 1212 2785 centra
1234 2741 1319 2786 nun·

344 2812 444 2886 tlum,
478 2810 531 2892 qui
567 2818 692 2890 patrem
726 2808 876 2874 voluerat
909 2808 1031 2873 laetitia
1053 2806 1197 2881 afficere,
1232 2827 1319 2872 nunc

345 2893 533 2980 expostulat
554 2915 629 2960 cum
652 2894 732 2960 Deo.
777 2895 867 2959 Hinc
889 2895 989 2977 igitur
1018 2903 1153 2974 apparet
1182 2903 1319 2973 quanto·

342 3003 422 3065 pere
443 2981 627 3046 insanierit:
662 2981 708 3046 sie
730 2979 816 3045 enim
844 2978 1040 3063 loquendum
1071 2989 1130 3046 est.
1175 2977 1260 3042 Nam
1291 2980 1319 3044 si

344 3087 409 3132 non
432 3067 577 3150 pepercit
598 3066 755 3132 Ieremias
780 3067 864 3144 Dee,
898 3064 1058 3148 quomodo
1085 3063 1209 3130 homini
1233 3086 1319 3130 mer-

344 3152 402 3217 tali
425 3151 599 3233 parcetur?
637 3151 713 3216 Non
737 3151 870 3216 dubium
893 3153 1068 3235 igiturest
1090 3152 1168 3232 quin
1192 3171 1319 3216 exarse-

344 3237 389 3302 rit
411 3237 534 3302 lurioso
556 3238 681 3319 impetu
703 3236 859 3303 adversus
881 3237 999 3302 Deum.
1043 3236 1127 3300 Nam
1159 3236 1240 3302 baec
1261 3257 1319 3301 ex·

344 3322 522 3406 postulatio
545 3327 596 3386 est
621 3321 763 3387 bominis
790 3343 924 3404 prorsus
954 3322 1125 3403 desperati.
1170 3322 1318 3401 Quaerit,

343 3429 402 3477 carr
433 3427 495 3474 uon
527 3408 645 3474 meires
675 3407 775 3490 fueret
807 3409 845 3472 ab
881 3412 983 3471 uteo:
1023 3407 1115 3488 quasi
1156 3409 1220 3470 iam
1253 3430 1318 3472 non

344 3495 477 3560 duceret
498 3494 568 3560 loce
591 3491 741 3559 benefidi
763 3493 849 3576 quod
871 3492 989 3558 exierIt
1012 3495 1108 3556 vivus
1137 3494 1171 3556 in
1201 3492 1316 3558 lucem.

343 3581 446 3663 Atqui
470 3580 538 3644 vita
561 3579 657 3656 haec,
691 3579 842 3661 quamvis
863 3577 976 3644 multis
998 3579 1041 3644 sit
1069 3579 1235 3644 aerumnis
1262 3578 1318 3644 ob·

342 3667 453 3748 noxia,
476 3675 587 3730 ιιιιιιιι
611 3665 708 3731 debet
730 3665 823 3730 nobie
846 3685 917 3730 esse
940 3664 1161 3730 testimonium
1184 3664 1318 3729 inaesti-

342 3751 472 3817 mabilIs
505 3752 569 3817 Dei
603 3753 736 3836 gratiae.
792 3749 903 3830 Quum
943 3771 1020 3833 ergo
1060 3751 1218 3833 propheta
1251 3771 1317 3815 non

342 3838 437 3902 modo
459 3840 584 3921 respuit
604 3837 695 3902 illam
719 3836 783 3901 Dei
805 3835 1002 3916 bonitatem,
1031 3836 1088 3902 aed
1112 3837 1220 3920 litigat
1242 3857 1317 3902 cum

340 3924 413 3991 Dee
436 3923 508 4006 ipso
537 3923 623 4005 quod
653 3933 782 3989 creatus
810 3922 907 3986 bomo
935 3923 1049 4005 luerit,
1083 3937 1116 3987 ct
1145 3923 1252 3987 editus
1282 3925 1317 3986 in

342 4010 429 4075 bunc
457 4007 581 4082 lucem,
615 4009 719 4091 qualis
751 4017 801 4074 est
833 4008 897 4071 ista
929 4008 1154 4090 ingratitudo?
1198 4008 1319 4074 Postea

343 4094 510 4178 adlungit,
544 4090 672 4159 Fuisset
691 4098 791 4160 meter
812 4113 880 4158 meo
901 4093 1080 4173 sepulerum
1108 4113 1227 4176 merem,
1257 4094 1318 4160 boc

343 4191 411 4261 est,
446 4201 505 4264 ego
528 4179 613 4244 hanc
634 4179 742 4245 lucem
765 4199 922 4262 aspernor
944 4190 977 4242 et
1000 4181 1117 4243 ritem:
1151 4201 1211 4245 cur
1240 4201 1317 4262 ergo

343 4287 411 4332 non
434 4265 597 4330 moriebar
618 4264 651 4329 in
675 4275 768 4329 utero
790 4265 904 4329 matris
927 4263 1040 4328 meae?
1072 4277 1105 4328 et
1134 4285 1191 4328 our
1219 4267 1317 4329 etiam
1343 4244 1346 4345 l

342 4371 398 4420 me
419 4350 588 4434 concepit?
622 4371 679 4417 eur
707 4369 848 4433 eqreesae
873 4370 945 4416 erm
967 4349 1006 4415 ab
1029 4355 1113 4415 utere
1130 4357 1165 4414 ut
1185 4351 1319 4416 viderem

342 4438 516 4506 molestiam
537 4441 565 4502 et
586 4436 735 4514 ᾱοῐινιιιι,
768 4440 1070 4502 comsummetur
1097 4437 1165 4501 dies
1193 4438 1256 4500 mei
1283 4438 1319 4501 ie

343 4521 532 4610 opprobrm?
577 4521 642 4589 Hic
662 4523 823 4587 rationem
847 4522 950 4598 affert,
981 4542 1041 4586 cur
1063 4522 1189 4584 taedeat
1212 4525 1316 4602 ipsum

343 4611 496 4697 propriae
519 4609 614 4674 vitae.
661 4607 727 4674 Sed
750 4628 815 4671 nen
838 4609 945 4688 potuit
973 4606 1033 4672 boe
1064 4615 1235 4688 praetextu
1266 4608 1319 4671 ab

344 4697 446 4780 solvi,
479 4715 584 4778 neque
606 4694 704 4760 etiam
728 4693 822 4758 bodie
845 4690 952 4757 debet:
988 4712 1069 4774 quae
1099 4692 1187 4757 enim
1211 4703 1346 4774 potest*

344 4783 438 4850 nobis
469 4782 556 4848 iusta
588 4800 659 4846 esse
691 4778 842 4863 litigandi
877 4797 974 4842 causa
1006 4778 1164 4843 adversus
1186 4777 1316 4843 Deum?
1343 4744 1346 4850 l

344 4879 475 4938 creatus
507 4868 570 4932 luit
602 4865 757 4932 Ieremias
795 4864 836 4928 ad
871 4863 1014 4928 dolorem
1055 4872 1088 4928 et
1118 4862 1317 4929 molestiam:

344 4955 425 5022 baec
446 4953 629 5021 communis
651 4961 701 5017 est
722 4952 868 5015 omnium
884 4949 1041 5014 conditio:
1064 4969 1105 5012 an
1121 4949 1192 5014 ideo
1209 4949 1318 5016 trahe-

345 5051 401 5107 tur
422 5039 518 5104 Deus
538 5040 573 5103 in
595 5035 740 5104 crimen?
774 5036 958 5116 consumpti
988 5043 1068 5098 eunt
1096 5034 1165 5100 dies
1191 5039 1262 5101 eius
1283 5038 1317 5101 in

345 5125 535 5212 opprobrio:
569 5124 622 5190 bie
656 5143 720 5188 nen
751 5123 814 5187 fuit
836 5141 956 5186 novum
980 5121 1175 5203 exemplum.
1221 5123 1317 5187 Multi

345 5213 435 5278 enim
457 5231 596 5295 quorum
619 5207 850 5276 sanctimoniae
879 5207 1100 5272 testimoninm
1126 5208 1217 5272 Deus
1245 5207 1318 5271 red-

346 5297 438 5378 didit,
460 5298 547 5382 paasi
569 5297 701 5363 fuerant
720 5295 844 5361 multas
864 5293 1004 5358 iniurias
1025 5301 1057 5355 et
1080 5293 1205 5373 probra.
1249 5291 1319 5358 Our

345 5405 425 5472 ergo
458 5383 499 5452 ad
531 5403 642 5450 eorum
676 5381 827 5464 exempla
858 5400 924 5444 non
965 5377 1112 5459 respexit
1145 5379 1253 5461 potius
1282 5355 1346 5444 ιιιΙ

1374 1437 1453 1516 ipsis
1475 1435 1598 1510 inieris,
1621 1456 1655 1498 ιιι
1677 1433 1795 1517 quibus
1817 1455 1851 1498 se
1874 1432 2058 1498 demersum
2081 1433 2183 1498 luisse
2205 1432 2344 1497 fatetur:

1374 1521 1440 1586 huc
1469 1522 1555 1585 enim
1588 1520 1693 1586 tendit
1726 1531 1793 1585 tota
1825 1519 2018 1601 descriptio:
2053 1520 2152 1584 Eram
2189 1519 2344 1601 perditus,

1374 1629 1450 1672 nam
1485 1607 1614 1672 animus
1646 1627 1739 1672 meus
1771 1604 1854 1670 nihil
1887 1615 2013 1688 poterat
2053 1606 2239 1687 concipere,
2281 1604 2346 1669 uisi

1374 1693 1630 1772 amarulentum,
1672 1701 1705 1756 et
1737 1692 1834 1775 pleno
1867 1692 1964 1756 etiam
1998 1711 2053 1756 ore
2087 1691 2219 1756 evomui
2252 1691 2347 1756 virus

1372 1778 1471 1857 illud,
1504 1784 1537 1844 et
1571 1778 1789 1861 blasphemias
1822 1777 1979 1842 adversus
2012 1777 2130 1842 Deum.
2181 1777 2222 1841 In
2257 1777 2346 1841 hune

1373 1866 1474 1950 igitur
1495 1867 1593 1930 finem
1617 1863 1722 1929 tendit
1742 1864 1911 1948 propheta,
1935 1883 1998 1945 quo
2015 1863 2175 1928 illustrius
2190 1861 2348 1928 reddatur

1373 1951 1565 2018 beneficium
1590 1951 1662 2028 Dei,
1686 1949 1815 2034 quando
1837 1950 1899 2014 fuit
1921 1969 1938 2011 e
1961 1959 2027 2014 tam
2051 1948 2213 2032 profunda
2230 1948 2350 2032 abysso

1373 2046 1524 2120 receptus
1556 2037 1677 2101 iterum
1711 2038 1745 2100 in
1778 2034 1895 2101 lucem.
1942 2036 2039 2100 'I'ales
2068 2036 2166 2100 etiam
2195 2033 2348 2116 loquendi

1372 2125 1492 2190 formae
1516 2129 1650 2206 usurpat
1672 2121 1730 2186 Iob
1752 2121 1856 2203 capite
1878 2123 2055 2205 trigesImo.
2102 2120 2168 2186 Sed
2199 2119 2258 2185 Iob
2279 2141 2345 2184 non

1371 2210 1485 2275 babuit
1508 2209 1702 2293 principium
1721 2207 1816 2291 quale
1832 2207 1976 2273 diximus
1991 2207 2165 2273 Ieremiam
2182 2206 2344 2272 habuisse.

1371 2297 1486 2380 Neque
1519 2294 1606 2360 enim
1639 2293 1795 2360 Ieremias
1828 2303 1934 2362 tactus
1967 2294 2029 2359 fuit
2069 2295 2196 2374 private
2236 2293 2345 2375 aliquo

1372 2382 1496 2464 dolore,
1532 2385 1568 2444 ut
1590 2380 1638 2446 ita
1662 2378 1865 2462 abriperetur
1894 2399 2018 2445 vesane
2047 2380 2157 2444 furore
2187 2378 2346 2443 adversus

1372 2467 1489 2532 Deum.
1533 2465 1630 2532 Unde
1651 2466 1753 2550 igitur
1774 2465 1828 2531 bic
1850 2475 1961 2531 tantus
1985 2463 2099 2531 dolor?
2130 2484 2247 2547 nempe
2269 2466 2347 2547 quia

1371 2553 1504 2619 videbat
1523 2573 1558 2617 se
1580 2573 1650 2618 esse
1673 2554 1889 2635 contemptui,
1919 2558 2074 2618 ettotam
2105 2552 2260 2633 pietatem
2284 2571 2345 2633 pro

1372 2639 1475 2704 nihile
1497 2637 1572 2704 duci
1594 2639 1681 2722 apud
1705 2639 1875 2722 populum:
1911 2637 2050 2720 denique
2080 2639 2191 2703 omnia
2213 2636 2347 2702 ridebat

1371 2745 1441 2790 esse
1461 2723 1595 2806 perdita.
1631 2725 1709 2789 Zele
1731 2725 1832 2807 igitur
1854 2724 1977 2809 gloriae
1998 2724 2062 2788 Dei
2085 2744 2240 2788 aecensus
2263 2723 2345 2787 luit:

1372 2810 1489 2876 deinde
1525 2830 1705 2876 moerorem
1739 2812 1902 2875 contraxit
1941 2831 1982 2876 ex
2023 2810 2193 2892 desperata
2232 2807 2343 2891 populi

1371 2897 1509 2962 malitia:
1533 2895 1593 2961 Iob
1616 2916 1694 2961 vero
1716 2917 1750 2961 se
1768 2897 1874 2980 ipsum
1892 2895 2053 2962 duntaxat
2068 2897 2229 2978 respexit:
2253 2895 2346 2977 Ergo

1371 3003 1527 3066 magnum
1550 2982 1613 3046 fuit
1636 2981 1810 3047 discrimen
1837 2983 1924 3047 inter
1945 2981 2006 3047 Iob
2032 2991 2066 3047 et
2088 2982 2277 3047 Ieremiam:
2310 2987 2345 3044 ιι

1371 3079 1481 3134 tamen
1504 3069 1623 3134 scimus
1645 3079 1820 3150 utrumque
1851 3069 1951 3134 luisse
1980 3070 2072 3150 quasi
2100 3066 2248 3151 angelica
2277 3068 2345 3130 vir·

1370 3165 1441 3220 tute
1463 3152 1656 3236 praeditum.
1699 3152 1759 3218 Iob
1781 3157 1867 3218 enim
1895 3156 1982 3218 inter
2011 3167 2077 3220 tres
2106 3155 2209 3219 iustos
2241 3153 2344 3217 nomi·

1370 3249 1486 3320 natur,
1515 3241 1569 3322 qui
1592 3238 1748 3305 videntur
1768 3241 1878 3305 efferri
1900 3261 1999 3322 supra
2022 3249 2128 3304 totum
2159 3239 2344 3305 humanum

1369 3347 1482 3410 genus,
1505 3339 1538 3390 et
1560 3325 1724 3401 Ieremias,
1747 3327 1774 3390 si
1798 3327 1855 3390 fiat
1877 3327 2080 3408 comparatio,
2113 3328 2172 3391 hac
2193 3326 2229 3388 in
2252 3333 2346 3408 parte

1370 3414 1431 3476 erit
1454 3413 1559 3497 magis
1580 3410 1786 3478 excusabilis.
1825 3413 1869 3475 lllt
1890 3422 2002 3476 tamen
2024 3411 2174 3478 videmus
2196 3421 2234 3476 ut
2249 3412 2346 3476 ambo

1369 3498 1491 3563 fuerint
1520 3499 1646 3564 accensi
1676 3507 1742 3561 tam
1772 3506 1982 3581 praepostere
2011 3497 2138 3578 dolore,
2171 3509 2209 3562 ut
2237 3517 2347 3579 neque

1369 3583 1450 3660 Dee,
1475 3604 1581 3666 neque
1603 3583 1791 3648 bominibus
1813 3591 1997 3666 parcerent.
2042 3583 2218 3649 Discamus
2241 3584 2346 3666 igitur

1369 3689 1572 3750 compescere
1599 3677 1725 3734 nostros
1755 3669 1906 3746 affectus,
1940 3691 1981 3734 ne
2011 3669 2058 3734 ita
2087 3670 2348 3752 intemperanter

1369 3753 1535 3820 ebulliant.
1581 3754 1712 3819 Interea
1734 3757 1875 3820 sciamus
1898 3775 2009 3820 serves
2031 3755 2104 3838 Dei,
2134 3755 2263 3820 etiamsi
2286 3775 2347 3819 ax·

1369 3839 1526 3907 callerent
1547 3841 1669 3905 eximia
1691 3843 1885 3919 constantia,
1908 3847 2018 3907 tamen
2043 3863 2105 3906 non
2129 3841 2229 3905 luisse
2250 3860 2346 3924 pror·

1369 3947 1425 3991 sus
1448 3931 1565 3992 exutos
1587 3927 1700 3992 multis
1723 3927 1818 3992 vitiis.
1865 3927 1909 3992 lt:
1931 3927 1959 3991 si
1983 3926 2113 4009 quande
2144 3926 2237 3991 nobis
2266 3947 2345 3991 cou-

1370 4014 1477 4097 tinget
1500 4013 1580 4078 tales
1602 4012 1794 4096 punctiones
1820 4013 1852 4077 in
1884 4014 2033 4078 cordibus
2063 4014 2183 4078 nostris
2213 4014 2345 4091 sentire,

1371 4119 1412 4162 ue
1440 4101 1606 4163 exanimet
1635 4119 1692 4163 nes
1726 4098 1806 4165 haec
1840 4101 1992 4165 tentatio:
2026 4101 2082 4163 sed
2115 4107 2273 4182 quantum
2307 4100 2345 4162 in

1370 4182 1463 4249 nobis
1479 4185 1549 4260 erit,
1566 4195 1599 4248 et
1615 4189 1774 4267 quantum
1791 4183 1881 4250 dabit
1895 4185 1997 4267 Deus,
2013 4205 2167 4250 conamur
2183 4186 2345 4262 resistere,

1371 4268 1471 4333 donec
1509 4269 1641 4333 tandem
1680 4280 1829 4353 emerget
1865 4270 1939 4335 fidei
1981 4280 2111 4335 nostrae
2149 4271 2344 4345 constantia,

1371 4353 1641 4437 quemadmodum
1658 4355 1806 4420 videmus
1827 4357 1930 4421 fuisse
1951 4358 1984 4420 in
2007 4355 2145 4421 Ieremia
2163 4355 2343 4437 impletum.

1370 4438 1481 4519 Quum
1505 4441 1593 4504 enim
1615 4441 1749 4506 obrutus
1773 4451 1858 4506 esset
1886 4452 1977 4506 tauta
2007 4441 2267 4524 perturbatione,
2297 4441 2345 4504 ita

1370 4535 1407 4590 ιιι
1430 4527 1549 4591 iaceret
1570 4527 1662 4608 quasi
1684 4540 1830 4592 mortuus
1859 4527 1894 4591 in
1925 4527 2003 4609 ipsis
2031 4528 2162 4604 inieris,
2194 4527 2345 4592 videmus

1369 4611 1471 4675 fuisse
1499 4621 1609 4676 tamen
1644 4612 1807 4676 redditum
1841 4613 1875 4678 iu
1909 4613 1997 4676 illam
2032 4612 2272 4696 integritatem,
2306 4621 2344 4676 ut

1370 4708 1604 4780 exsequeretur
1626 4708 1739 4773 postea
1761 4699 1906 4762 animose
1929 4718 2023 4764 suum
2055 4719 2191 4763 munus:
2226 4697 2344 4764 deinde

1369 4782 1564 4865 gloriaretur
1604 4782 1643 4847 de
1681 4784 1803 4849 auxilie
1837 4783 1917 4863 Dei,
1956 4783 2231 4868 quemadmodum
2269 4783 2343 4848 heri

1370 4868 1520 4934 vidimus.
1565 4869 1756 4953 Pergamus.
