5134 6124
197 481 257 546 ll‘l
903 481 952 546 IN
975 479 1224 546 quentati.
1269 480 1366 547 CAP.
1388 480 1483 546 XIV.

2131 487 2192 582 ns

196 668 386 733 eibinniins
406 673 483 748 tuos,
513 669 725 753 capitationem
749 668 945 735 scortationis
973 673 1047 733 tnae
1075 689 1171 751 snper
1223 688 1317 751 quam
1341 667 1462 732 finem?
1486 678 1519 733 et
1541 689 1605 734 uon
1629 680 1742 753 potero
1766 669 1826 737 hoc
1845 673 1976 738 tandem
1996 673 2053 740 abs
2078 685 2109 739 te
2133 676 2194 741 im·

196 759 311 821 montes
340 755 375 820 in
397 775 473 838 apro
494 755 570 834 aidi,
601 754 844 820 abominationes
871 759 958 819 tuae:
987 755 1170 837 appositive
1222 767 1359 838 patrare,
1390 775 1488 838 quum
1521 755 1615 819 toties
1643 769 1675 820 te
1705 755 1867 836 exhorter,
1897 773 1930 822 et
1958 781 2057 842 quum
2082 761 2194 827 videas

196 838 269 922 logo
292 839 353 905 hoc
376 849 586 923 postremum.
633 840 696 906 Hie
723 853 832 905 autem
861 837 988 906 inducit
1009 839 1171 922 propheta
1222 860 1274 904 me
1299 860 1362 904 non
1393 839 1499 904 lacere
1529 839 1681 905 hortandi
1709 841 1831 907 finem?
1862 864 2032 928 quousque
2062 844 2192 911 taudem

196 925 305 991 Deum
327 926 524 1009 loquentem,
559 946 600 991 ne
629 927 890 1008 tergiversantur
918 923 1042 1004 ludaei,
1072 935 1170 1008 atque
1221 926 1282 989 ista
1316 933 1374 990 tua
1407 925 1583 991 obstinatio
1624 947 1675 991 me
1713 929 1852 1011 arcebit,
1891 939 1927 994 ut
1968 951 2033 995 nou
2072 934 2192 1014 possim

197 1031 231 1076 sa
253 1019 418 1077 excusant.
464 1011 554 1095 Ergo
576 1011 719 1077 ostendit
742 1013 858 1094 Deum,
888 1011 979 1076 cuius
1001 1011 1168 1094 proprium
1222 1023 1253 1075 te
1287 1009 1363 1075 ullis
1395 1011 1484 1077 sanis
1522 1012 1756 1078 monitionibus
1793 1014 1966 1099 subigere?
2019 1015 2111 1084 Haeo
2144 1030 2194 1082 est

197 1118 316 1162 munus
338 1104 388 1163 est
408 1098 546 1162 scrutari
567 1108 599 1162 ct
618 1105 771 1162 excutere
792 1096 898 1173 corda,
922 1117 992 1162 esse
1014 1095 1167 1162 idoneum
1221 1116 1358 1161 summa.

198 1182 347 1248 iudicem.
403 1181 495 1249 Dicit
527 1189 652 1260 autem,
688 1181 791 1265 Super
818 1183 922 1262 cona,
957 1187 984 1247 et
1015 1183 1050 1247 in
1082 1202 1167 1266 apro.

196 1267 327 1335 Scimus
349 1277 428 1332 tuno
452 1269 568 1334 altaria
590 1268 691 1335 fuisse
714 1279 821 1335 erecta
843 1268 877 1333 in
908 1266 1061 1335 collibus:
1092 1289 1168 1332 nam

196 1354 230 1418 in
251 1355 333 1420 lucis
355 1355 516 1438 putabant
537 1354 654 1420 molins
676 1355 737 1421 coli
762 1354 879 1432 Deum,
909 1353 1034 1419 ntideo
1058 1353 1168 1418 nullus

196 1449 267 1504 erat
287 1439 390 1516 lucus,
415 1440 505 1505 nulla
526 1441 630 1524 sylva,
653 1441 719 1506 imo
737 1441 804 1505 iere
827 1440 918 1506 nulla
936 1440 1031 1503 arbor
1052 1439 1085 1503 in
1104 1460 1168 1521 qua

197 1546 261 1590 non
294 1526 556 1610 imaginarentur
588 1525 710 1609 aliquid
745 1526 905 1591 divinum.
961 1525 1052 1590 Hace
1083 1528 1167 1589 ratio

196 1619 255 1694 est,
279 1631 336 1676 our
358 1611 519 1695 propheta
542 1610 635 1689 dicat,
666 1611 911 1678 abominationes
932 1631 1038 1677 eornm
1066 1610 1168 1692 falsae

194 1697 281 1763 uisas
301 1717 323 1762 a
345 1695 413 1762 Deo
436 1702 499 1762 tom
521 1697 556 1762 in
578 1697 705 1764 calliam
726 1717 822 1780 qnam
852 1699 887 1763 in
909 1696 1053 1779 planitie.
1099 1696 1166 1761 Ad·

194 1782 303 1866 iungit
324 1801 431 1866 apros:
460 1785 551 1866 quasi
574 1784 696 1850 diceret
725 1785 788 1847 iam
814 1803 879 1847 non
908 1781 1059 1847 sufficere
1087 1782 1167 1865 ipsis

194 1867 292 1934 colles
325 1868 365 1934 ad
400 1888 573 1950 perversos
606 1867 722 1946 cultus,
757 1869 813 1933 nbi
845 1867 1018 1952 profanent
1054 1887 1166 1932 verum

194 1952 258 2018 Dei
282 1953 417 2032 cultum,
440 1954 497 2020 sed
521 1956 617 2020 etiam
641 1954 755 2037 planos
778 1974 873 2038 agros
904 1953 1023 2038 repleri
1052 1953 1165 2018 iisdem

194 2039 497 2106 abominationibus.
542 2041 638 2106 Nunc
659 2061 737 2126 ergo
760 2048 907 2106 tenemus
925 2059 1086 2104 summam
1107 2038 1165 2104 hu·

194 2127 245 2190 ius
269 2125 450 2192 doetrinae:
479 2125 566 2208 quod
595 2125 718 2192 seilicet
747 2126 870 2192 frustra
898 2124 1011 2192 Iudaei
1042 2123 1167 2191 cavillis

194 2211 276 2276 elabi
300 2209 464 2292 studeant,
486 2211 616 2294 quaudo
639 2235 681 2277 ex
703 2211 841 2277 adverso
864 2211 1054 2294 pronuntiat
1075 2209 1167 2276 Dens

193 2317 225 2362 ee
246 2297 378 2363 uidisse:
401 2298 493 2380 quasi
512 2297 641 2376 diceret,
664 2297 814 2364 Desinite
833 2298 949 2363 afferre
970 2297 1004 2361 iu
1025 2296 1165 2361 medium

194 2392 319 2448 vestras
342 2385 581 2449 excusationes:
605 2405 665 2468 ego
685 2385 772 2448 enim
792 2381 947 2468 quidquid
966 2381 1167 2447 adduxeritis

194 2488 261 2533 non
294 2469 483 2546 admittam,
519 2470 595 2554 quia
629 2490 680 2534 res
715 2491 732 2533 a
766 2491 818 2534 me
850 2469 914 2533 iam
945 2475 994 2533 est
1026 2468 1166 2551 cognita.

192 2555 390 2618 Pronuntiat
413 2565 520 2618 autem
545 2574 615 2620 esse
638 2555 888 2632 abominationes,
919 2552 1047 2632 deinde,
1077 2552 1167 2618 adnl-

193 2639 281 2719 teria,
304 2645 332 2705 et
352 2639 511 2706 hinnitus:
534 2638 665 2705 tandem
686 2640 844 2724 adiungit,
874 2639 939 2706 Vae
960 2639 1017 2704 tibi
1040 2639 1166 2704 lentsa-

194 2725 262 2790 lem.
310 2723 376 2789 Hic
406 2726 578 2790 coufirmat
607 2724 766 2810 propheta
797 2724 882 2809 quod
913 2735 988 2789 ante
1015 2723 1167 2801 vidimus,

195 2831 312 2895 nempe
339 2809 479 2876 Iudaeos
516 2833 578 2876 non
613 2809 732 2876 hebere
765 2829 896 2876 causam
931 2813 1035 2876 iustae
1062 2810 1167 2893 queri·

193 2899 338 2961 maniae:
372 2897 448 2979 quia
479 2897 602 2963 scilicet
631 2897 739 2962 Deum
769 2897 866 2964 nimis
897 2906 1165 2980 provocaverant.

111 3019 117 3028 ·
194 2983 285 3066 Ergo
307 2980 388 3048 haec
410 2982 572 3066 particula
601 2981 665 3047 Vae
692 2982 856 3068 significat
885 2983 949 3047 iam
980 2983 1079 3048 exitio
1107 3003 1166 3047 suo

195 3068 280 3133 iuste
302 3087 373 3132 esse
404 3067 559 3133 addictos.
604 3068 724 3134 Postea
754 3068 891 3152 quaerit,
921 3068 978 3133 An
1006 3087 1168 3150 nunqnam

194 3153 399 3236 resipiscent?
428 3152 623 3238 Quanquam
647 3163 756 3218 entem
774 3153 863 3218 varIe
882 3154 1059 3235 exponitur
1082 3159 1168 3236 post

194 3259 286 3304 rema
308 3239 388 3304 haec
411 3261 487 3322 pars
511 3259 639 3305 versus:
671 3247 703 3304 et
735 3239 842 3305 neseio
865 3259 906 3303 an
929 3241 1048 3321 poterit
1070 3237 1168 3302 hodie

195 3323 358 3408 expediri:
392 3333 501 3390 tamen
524 3344 584 3408 ego
608 3323 752 3390 breviter
781 3345 913 3390 sensum
937 3325 1167 3407 perstringam.

194 3409 419 3494 Hieronymus
447 3410 580 3475 videtur
613 3407 741 3495 legisse,
775 3422 855 3478 ’otta
878 3410 965 3474 'Post
993 3431 1057 3475 me:
1093 3409 1167 3474 Non

193 3515 272 3580 ergo
294 3496 412 3560 redibis
435 3502 510 3579 post
532 3497 608 3561 me?
630 3498 721 3579 quasi
741 3496 831 3560 Deus
853 3494 907 3561 hic
926 3494 1052 3560 hortari
1071 3493 1169 3560 vellet

195 3581 343 3657 Iudaeos,
367 3592 403 3646 ut
426 3580 558 3646 tandem
578 3580 617 3645 ed
640 3583 746 3664 ipsum
770 3580 914 3656 redeant,
938 3582 1012 3663 qnia
1034 3589 1169 3665 paratus

194 3680 280 3732 esset
310 3665 350 3731 ed
381 3667 689 3733 reconciliationem.
735 3665 802 3732 Sed
831 3667 983 3750 quoniam
1015 3677 1065 3732 ast
1092 3667 1168 3733 sim·

195 3753 332 3834 pliciter,
363 3766 458 3836 ιιιιιι,
487 3764 519 3819 et
548 3753 657 3835 potnit
687 3754 796 3838 legere
823 3755 894 3817 eine
924 3755 1063 3836 punctis,
1096 3751 1168 3817 ideo

195 3859 261 3902 non
285 3836 450 3904 discedam
473 3861 492 3903 a
513 3859 587 3910 rece
611 3847 644 3903 ta
673 3838 822 3904 lectione.
876 3837 942 3906 Sed
973 3839 1007 3902 iu
1030 3859 1169 3921 sequen·

196 3924 284 3990 tibus
307 3925 403 3989 ctiam
428 3933 478 3990 est
500 3925 563 3989 alia
588 3860 779 3990 difficultas:
810 3925 1041 4006 quiavariant
1069 3925 1169 3989 inter·

195 4021 304 4091 prutes
335 4010 369 4073 iu
394 4031 471 4076 voce
497 4024 539 4086 ἰιι
567 4025 642 4087 tun,
670 4010 731 4076 hoc
754 4018 812 4093 est,
837 4008 1016 4092 Quousque
1039 4007 1169 4075 adbuc?

197 4094 397 4178 Quocunque
413 4093 508 4160 modo
525 4097 669 4178 accipere
685 4095 793 4174 libeat,
813 4097 892 4160 satis
909 4094 1028 4161 refellit
1043 4096 1168 4179 opinio·

197 4201 273 4245 nem
297 4181 501 4266 Hieronymi,
525 4182 609 4263 quod
632 4182 714 4246 mihi
737 4180 911 4262 exciderat,
940 4202 1057 4264 nempe
1085 4180 1170 4264 qnod

196 4268 376 4348 improprie
409 4273 496 4332 esset
528 4265 585 4331 illa
617 4267 802 4333 maledictio
838 4273 872 4333 et
905 4268 1059 4333 absurda:
1098 4268 1171 4332 Vae

196 4354 255 4418 tibi
277 4352 472 4418 Ierusalem:
496 4374 561 4417 non
580 4352 789 4420 mundaberis
804 4359 878 4435 post
893 4373 961 4418 me:
985 4353 1060 4435 quid
1083 4355 1169 4418 enim

197 4438 230 4503 id
253 4438 315 4504 sibi
340 4437 457 4504 vellet?
494 4439 582 4520 Ergo
614 4459 744 4505 necesse
767 4448 817 4504 est
839 4441 884 4504 ita
906 4439 1024 4522 legere,
1055 4450 1091 4504 ut
1114 4440 1171 4504 ha·

199 4524 275 4589 beat
298 4544 411 4589 omnes
433 4523 573 4590 codices:
606 4523 678 4588 Non
699 4524 901 4590 marsdabcrie
916 4524 1074 4606 pastino?
1110 4527 1171 4590 hoc

198 4618 257 4688 est,
281 4608 436 4675 taudem?
460 4609 591 4692 quidam
609 4617 718 4674 tamen
733 4611 928 4676 affirmative
951 4610 1074 4694 legunt,
1098 4609 1170 4675 Non

199 4692 405 4760 mundaberis
436 4696 585 4778 posthae,
617 4695 708 4777 quasi
739 4695 859 4761 dictum
890 4703 990 4762 essct:
1025 4695 1074 4760 Tu
1104 4716 1170 4760 non

197 4781 321 4864 poteris
342 4780 505 4862 mundari,
534 4781 599 4846 nisi
627 4801 727 4864 quum
751 4793 782 4845 te
804 4782 927 4847 eiecere
950 4781 984 4846 iu
1008 4781 1170 4848 exsilium.

199 4865 265 4932 Sed
299 4887 415 4932 seusus
448 4867 503 4932 ille
536 4866 633 4932 nimis
665 4875 713 4931 est
747 4878 900 4950 argutus,
933 4888 1006 4932 meo
1040 4867 1170 4935 iudicio.

1410 1493 1547 1563 CAPUT
1575 1495 2005 1579 DEClMUMQUARTUM.

1307 1698 1335 1760 1.
1363 1693 1452 1777 Quod
1472 1694 1535 1776 fnit
1556 1695 1682 1761 verbam
1702 1695 1836 1763 Ieboaae
1854 1699 1898 1764 ad
1917 1698 2084 1764 Iernniam
2101 1719 2195 1782 snper

1219 1781 1321 1849 uerbis
1337 1778 1592 1865 prohibitionum.

1303 1952 1501 2035 Quanquam
1530 1974 1595 2018 uon
1623 1954 1777 2036 exprimit
1814 1955 1973 2038 propheta
2002 1956 2064 2020 sibi
2095 1957 2195 2021 fuisse

1219 2039 1379 2104 divinitus
1400 2037 1601 2121 praedictum
1621 2038 1706 2122 quod
1726 2040 1869 2107 noudum
1892 2039 2063 2120 acciderat,
2086 2049 2191 2124 potest

1220 2135 1328 2190 tamen
1364 2123 1457 2190 facile
1486 2123 1594 2207 colligi
1623 2125 1780 2207 probabili
1811 2129 1948 2204 ratione,
1980 2127 2078 2192 inisse
2112 2131 2191 2191 vati-

1219 2211 1352 2293 cinium,
1377 2208 1464 2292 quod
1484 2219 1645 2292 spectaret
1661 2209 1701 2274 ed
1723 2210 1869 2278 futurum
1893 2223 2030 2294 tempus.
2055 2212 2106 2277 De
2129 2213 2190 2278 hac

1219 2297 1391 2364 sterilitate
1415 2294 1496 2359 nihil
1519 2294 1640 2379 legitur
1668 2296 1701 2359 in
1732 2317 1824 2362 sacra
1854 2297 1998 2362 historia.
2044 2297 2190 2363 Dubium

1219 2393 1329 2448 tamen
1360 2401 1422 2446 non
1454 2388 1505 2446 est
1535 2380 1614 2464 quin
1646 2379 1736 2446 Dens
1765 2382 1897 2448 insolito
1928 2382 2024 2448 modo
2054 2382 2191 2450 Iudaeos

1218 2467 1382 2544 afflixerit,
1413 2465 1684 2548 quemadmodum
1716 2467 1807 2550 prius
1837 2468 2018 2553 contigerat
2047 2480 2192 2553 tempore

1219 2554 1342 2619 Achab.
1389 2549 1498 2632 Quum
1522 2572 1599 2637 ergo
1630 2552 1768 2618 instaret
1798 2553 1935 2633 siccitas,
1966 2553 2054 2619 unde
2081 2555 2192 2620 lutura

1218 2647 1287 2704 eret
1310 2638 1422 2723 gravis
1444 2640 1591 2721 penuria,
1620 2637 1723 2704 voluit
1746 2648 1821 2705 ante
1851 2651 1981 2721 tempus
2008 2639 2069 2704 hoc
2098 2661 2191 2722 prae·

1218 2724 1340 2791 dictum
1364 2723 1506 2803 Iudaeis,
1527 2734 1565 2789 ut
1587 2724 1748 2790 sentirent
1769 2745 1835 2790 non
1852 2724 2085 2790 fortuitohanc
2101 2727 2192 2792 sinci-

1219 2820 1319 2875 tatem
1352 2811 1538 2892 contigisse,
1572 2810 1627 2874 sed
1661 2831 1731 2876 esse
1764 2813 1893 2895 signum
1925 2810 2087 2875 vindictae
2118 2811 2191 2876 Dei.

1219 2897 1264 2961 ln
1286 2896 1406 2960 scimus
1429 2895 1556 2977 quoties
1579 2894 1698 2977 aliquid
1722 2895 1853 2961 adversi
1879 2897 2047 2978 contingit,
2078 2917 2193 2962 causas

1219 2982 1330 3064 quaeri
1353 2981 1386 3044 in
1410 2980 1541 3060 mundo,
1568 2982 1615 3046 ita
1636 2989 1674 3046 nt
1696 3001 1792 3046 nemo
1820 2982 1888 3048 fere
1915 3001 2049 3046 manum
2080 3003 2194 3066 percu·

1220 3067 1333 3131 tientis
1354 3065 1517 3149 respiciat.
1549 3064 1613 3132 Ubi
1638 3075 1746 3131 autem
1771 3089 1878 3133 annus
1901 3077 1952 3132 est
1974 3066 2094 3132 sterilis
2117 3087 2192 3133 con·

1220 3152 1361 3218 salimus
1385 3150 1602 3235 astrologiam,
1625 3155 1659 3217 et
1673 3160 1833 3302 (putamus
1863 3151 1926 3218 hoc
1957 3153 2028 3216 fieri
2052 3175 2092 3218 ex
2115 3173 2194 3218 con·

1220 3259 1320 3304 cursu
1342 3236 1522 3303 stellarum.
1562 3236 1615 3301 Ita
1636 3239 1670 3302 iu
1694 3237 1793 3303 icium
1817 3238 1880 3304 Dei
1904 3236 1996 3304 nobis
2018 3241 2193 3307 evanescit.

1222 3322 1333 3405 Quum
1353 3343 1430 3406 ergo
1448 3331 1497 3388 tot
1515 3322 1682 3389 obstacula
1700 3323 1761 3390 sibi
1780 3325 1908 3407 fingant
1926 3324 2087 3408 homines,
2110 3344 2194 3407 qnae

1220 3410 1307 3493 ipsos
1330 3407 1511 3492 impediant
1533 3427 1552 3472 e
1574 3409 1808 3476 considerando
1826 3408 1946 3475 iudicio
1964 3409 2039 3488 Dei,
2064 3431 2195 3476 neeesse

1220 3496 1290 3579 fuit,
1314 3504 1488 3577 autequam
1512 3494 1676 3575 sterilitas,
1706 3495 1799 3560 ouius
1822 3494 1875 3558 hic
1896 3497 1934 3561 fit
1956 3497 2087 3575 mentio,
2111 3497 2194 3562 ecci·

1220 3579 1323 3660 derat,
1352 3579 1546 3664 prophetam
1569 3588 1681 3663 aperte
1703 3580 1898 3656 concionari,
1929 3589 1961 3645 et
1990 3601 2059 3645 ram
2089 3581 2194 3664 ipsam

1220 3667 1313 3751 quasi
1336 3665 1436 3748 digito
1458 3664 1638 3746 ostendere,
1662 3666 1811 3749 quamvis
1830 3665 1938 3731 adbuc
1957 3673 2042 3731 esset
2060 3666 2195 3732 abscon·

1221 3753 1297 3818 dita.
1348 3750 1437 3815 Dicit
1468 3771 1546 3834 ergo
1575 3771 1746 3817 samonem
1774 3750 1839 3818 Dei
1867 3751 1930 3817 eibi
1955 3751 2058 3834 saissa
2086 3751 2194 3818 sinam

1220 3859 1314 3922 snper
1351 3836 1544 3902 cannabus
1580 3835 1833 3918 prohibitionum.
1894 3835 2092 3919 Quanquam
2130 3851 2194 3906 ιιι

1221 3924 1385 4009 significat
1406 3942 1476 3986 rem
1500 3927 1533 3987 et
1555 3924 1730 4005 negotium,
1762 3930 1800 3986 ut
1827 3923 1906 3988 satie
1929 3923 2040 3999 scitur,
2064 3923 2195 3989 videtur

1223 4023 1332 4075 tamen
1355 4007 1408 4072 hic
1431 4009 1537 4073 notari
1561 4018 1694 4074 mutuus
1717 4019 1884 4091 respectus
1907 4009 1993 4073 inter
2017 4021 2097 4091 Ἧι,
2122 4030 2195 4074 ver·

1223 4096 1299 4161 bum
1323 4093 1396 4176 Dei,
1425 4101 1459 4156 et
1484 4105 1593 4161 aaran.
1639 4093 1728 4159 Dicit
1756 4095 1854 4177 enim,
1883 4107 2007 4162 nerana
2034 4108 2110 4163 ιιι-ι
2137 4080 2193 4169 bn:

1222 4180 1373 4265 quoniam
1407 4179 1529 4245 scilicet
1561 4179 1675 4244 Iudaei
1709 4180 1749 4245 de
1782 4179 1838 4244 illa
1869 4182 2039 4246 sterilitate
2071 4181 2195 4248 multos

1223 4285 1389 4332 sermones
1412 4263 1498 4330 ultro
1528 4267 1673 4349 citroque
1703 4265 1790 4331 inter
1820 4287 1854 4330 se
1885 4267 2055 4348 haberent,
2085 4287 2195 4350 quem·

1223 4351 1395 4418 admodum
1419 4352 1491 4417 fieri
1513 4351 1611 4416 solet:
1640 4351 1695 4416 ubi
1717 4351 1839 4436 aliquid
1862 4373 1972 4417 rarum
1995 4361 2030 4418 et
2051 4353 2197 4437 inopine·

1224 4452 1293 4504 tum
1315 4435 1408 4502 uobis
1428 4437 1599 4520 contingit,
1629 4438 1765 4520 quisque
1787 4458 1879 4503 suam
1903 4440 2099 4504 sententiam
2124 4462 2196 4523 pro·

1223 4527 1296 4589 fert.
1341 4524 1443 4605 Atqui
1466 4523 1625 4606 propbeta
1648 4526 1785 4589 verbum
1812 4522 1953 4590 Iehovae
1982 4527 2116 4608 opponit
2137 4526 2195 4590 ho-

1223 4611 1348 4675 minum
1378 4609 1594 4675 sermonibus:
1625 4611 1716 4692 quasi
1748 4608 1879 4692 diceret,
1911 4611 2090 4694 Postquam
2118 4612 2196 4676 hinc

1223 4695 1298 4761 inde
1321 4695 1517 4778 quaesierint
1539 4696 1694 4775 penuriae
1716 4696 1804 4761 illius
1826 4717 1949 4775 causas,
1979 4707 2087 4762 tamen
2110 4697 2196 4763 hana

1224 4803 1295 4848 esse
1328 4801 1443 4846 unam:
1482 4780 1565 4863 quod
1609 4781 1730 4847 scilicet
1774 4780 1866 4847 Deus
1911 4803 2031 4864 poenas
2066 4784 2197 4866 exigere

1224 4869 1323 4935 vellet
1346 4865 1385 4930 de
1407 4867 1551 4949 ipsorum
1574 4866 1758 4933 sceleribus.
1805 4865 2036 4934 Prohibitionee
2057 4869 2198 4934 :remittat

200 4951 399 5038 Simpliciter
414 4953 516 5036 igitur
531 4953 660 5037 accipio,
685 4951 868 5033 Ierreealene,
891 4974 951 5018 non
973 4955 1175 5021 mundaberis
1224 4954 1444 5022 sterilitatem:
1476 4954 1550 5035 quia
1580 4955 1728 5036 quamvis
1752 4965 1919 5019 momento
1940 4955 2041 5035 possit
2062 4953 2198 5038 perdere

193 5037 352 5119 postiae?
390 5043 416 5103 ct
449 5060 606 5122 qaoasqne
638 5039 761 5106 adbuc?
802 5040 895 5122 quasi
930 5039 1019 5106 Deus
1052 5041 1172 5106 iterum

199 5132 351 5207 argueret
367 5124 517 5189 duritiem
535 5124 656 5209 populi,
674 5123 945 5208 quemadmodum
964 5145 1040 5191 vere
1056 5127 1172 5211 arguit.

199 5209 289 5275 Dicit
312 5230 399 5294 ergo,
426 5209 498 5276 Non
520 5211 719 5278 mundaberis
740 5207 889 5278 tandem?
922 5230 997 5275 uam
1020 5227 1062 5288 ιιι
1090 5212 1173 5277 acci·

1224 5063 1262 5107 ac
1283 5058 1490 5120 corrumpere
1514 5039 1603 5104 Deus
1627 5039 1783 5122 quidquid
1811 5038 1853 5106 ad
1883 5042 2106 5106 maturitatem
2130 5041 2196 5106 iam

1225 5126 1383 5211 pervenit,
1413 5133 1448 5190 ut
1471 5135 1579 5190 tamen
1601 5123 1753 5192 ostendat
1775 5146 1809 5190 se
1834 5135 1962 5207 praesto
1985 5125 2104 5192 habere
2127 5149 2196 5192 om·

1226 5213 1281 5278 nia
1310 5210 1470 5276 elementa
1500 5209 1541 5275 ed
1568 5211 1767 5294 obsequium,
1798 5211 1919 5276 retinet
1950 5211 2074 5278 coelum
2098 5235 2197 5295 quum

200 5293 251 5376 pic
296 5316 354 5377 pro
399 5295 540 5361 taudem.
607 5297 727 5362 Postea
771 5298 918 5378 sequitur
966 5297 1175 5380 amplificatio
1225 5299 1272 5362 ita
1295 5295 1413 5377 placet:
1437 5309 1469 5362 et
1490 5296 1562 5362 ideo
1585 5296 1671 5374 dicit,
1695 5297 1734 5362 ln
1758 5298 1812 5361 illa
1832 5295 1883 5362 dio
1902 5297 2197 5365 exaudistcoelnm

201 5394 243 5456 ἰιι
262 5395 335 5460 tna,
358 5381 538 5463 Quousque
559 5383 688 5448 adbuc?
719 5383 780 5448 hoc
804 5391 862 5462 cst,
894 5402 958 5447 uon
986 5385 1084 5448 facies
1115 5406 1173 5449 un-

301 5481 411 5539 Oaluini
426 5499 521 5552 opera.
553 5484 613 5539 Vol.
628 5484 812 5541 XXXVIII.

1227 5393 1357 5460 terram,
1381 5389 1412 5444 et
1435 5388 1523 5448 terra
1540 5382 1694 5448 exaudiet
1712 5390 1866 5467 segetem,
1889 5392 1921 5450 et
1937 5405 2029 5467 seges
2045 5384 2198 5451 exaudiet

1962 5487 1995 5540 12
