5134 6124
215 413 278 480 329
926 411 975 478 IN
1001 412 1250 481 IERDMIAM.
1295 413 1395 482 (tAP.
1418 415 1515 482 XIX.
2163 421 2227 488 330

214 613 330 687 postea
351 600 449 668 umal
473 611 689 669 morerentur.
735 601 801 669 Sed
824 601 887 672 hoo
909 611 959 669 est
989 604 1094 686 magis
1123 605 1195 670 har·
1246 602 1404 685 amplius:
1438 603 1481 667 Et
1503 605 1538 667 in
1563 602 1721 686 Tbophetlr
1744 607 1949 688 segenenrnr:
1980 608 2060 690 qnia
2087 629 2149 674 non
2168 612 2228 676 crit

214 690 329 755 barum
352 697 386 754 et
408 689 561 766 Immone,
592 697 720 771 patrem
750 687 808 754 lilii
839 708 935 754 earne
959 691 1054 755 vesci.
1104 691 1195 776 Ergo
1246 689 1331 754 loona
1358 689 1401 756 ad
1430 689 1640 772 sepeliendum
1668 687 1721 774 (ad
1754 693 1906 772 verbum,
1942 713 1961 758 a
1991 714 2056 758 nou
2088 696 2157 762 loeo
2185 689 2225 762 ad

215 775 269 842 hic
309 773 461 858 designat
499 774 662 858 propheta
700 773 869 840 insolitam
905 773 971 840 Dei
1006 774 1194 852 vindictam,
1246 774 1493 860 sepeliendum).

215 881 298 945 quae
320 880 387 925 uon
418 860 521 942 possit
550 861 718 925 numerari
746 861 833 926 inter
862 859 1082 942 calamitates,
1111 882 1195 944 quae
2016 909 2019 916 ·

215 947 412 1030 contingunt
433 947 546 1029 generi
570 945 723 1012 humano.
757 945 890 1012 Scimus
906 947 967 1012 hoc
981 947 1079 1012 etiam
1097 948 1195 1014 luisse
1331 945 1404 1011 Iam
1428 946 1548 1010 iterum
1570 949 1745 1014 coufirmat
1761 948 1920 1032 propbeta
1934 952 2022 1033 quod
2038 953 2225 1020 ostenderat

214 1032 414 1116 completum
453 1032 488 1097 in
528 1032 646 1097 ultima
679 1032 769 1099 urbis
803 1030 980 1098 obsidione.
1035 1032 1195 1117 Iosephus
1246 1038 1386 1096 externo
1408 1031 1565 1116 symbolo,
1590 1031 1688 1116 idque
1710 1033 1788 1100 iacit
1809 1055 1851 1099 ex
1874 1056 1959 1101 novo
1976 1039 2132 1104 mandato
2151 1041 2225 1108 Dei.

217 1119 305 1184 enim
328 1117 442 1183 multis
463 1117 573 1184 verbis
604 1120 821 1201 prosequitur,
852 1117 937 1201 quod
971 1118 1102 1184 beluino
1132 1120 1193 1183 im·
1248 1116 1378 1184 Scimus
1401 1119 1498 1201 signa
1519 1138 1591 1184 eaeo
1612 1139 1746 1200 prorsus
1768 1139 1863 1200 vana,
1894 1120 1948 1186 ubi
1972 1143 2035 1189 nou
2058 1125 2226 1208 praelucet

213 1212 294 1289 potu
328 1210 450 1270 matres
478 1203 701 1288 iugulaveriot
734 1203 833 1283 filios,
864 1210 962 1286 atque
995 1205 1077 1271 adeo
1110 1206 1194 1270 aliae
1246 1223 1354 1268 sermo
1384 1202 1465 1267 Dei:
1502 1204 1598 1288 siqpti
1629 1204 1777 1271 videmus
1805 1209 2048 1289 superstitiosos
2076 1211 2226 1280 homines

215 1290 289 1356 aliis
311 1289 434 1355 inerint
455 1289 637 1373 insidiatos,
661 1299 699 1354 ut
720 1298 875 1372 raperent
892 1290 1034 1355 frustum
1051 1290 1193 1373 aliquod.
1247 1309 1376 1372 semper
1397 1288 1447 1354 uti
1470 1288 1583 1354 multis
1606 1292 1835 1356 caeremoniis:
1860 1293 1918 1359 sed
1940 1304 2018 1359 suut
2042 1295 2226 1363 histrionici

215 1375 295 1442 Fuit
322 1376 384 1440 hoo
414 1375 512 1441 etiarn
542 1375 701 1442 iudicium
730 1373 897 1442 horribilis
926 1375 989 1441 Dei
1019 1377 1193 1442 vindictae.
1247 1375 1339 1441 lusus
1369 1373 1539 1440 duntaxat.
1592 1376 1683 1442 Deua
1712 1385 1822 1443 autem
1859 1400 2027 1464 uunquam
2056 1383 2226 1466 prophetis

215 1461 284 1529 Sed
317 1481 385 1526 nou
418 1462 540 1528 mirum
574 1468 624 1526 est
653 1460 763 1526 Deum
795 1469 864 1527 tam
898 1463 1050 1528 atrociter
1083 1462 1194 1528 uleisoi
1246 1462 1314 1526 suia
1336 1460 1515 1540 mandarit,
1538 1465 1575 1526 ut
1596 1462 1729 1545 signum
1752 1463 1881 1547 aliquod
1904 1474 2122 1552 ostentarent,
2145 1471 2225 1551 quin

215 1547 337 1615 scelera
360 1567 483 1626 eornm,
505 1567 524 1610 a
546 1547 662 1632 quibua
685 1557 734 1611 tot
756 1546 870 1626 modis,
895 1556 927 1612 ot
949 1554 1016 1612 tam
1039 1547 1095 1614 diu
1117 1567 1192 1632 pro·
1246 1546 1415 1612 accederet
1436 1545 1535 1612 simul
1558 1546 1715 1613 doctriua.
1748 1548 1822 1616 Hoc
1843 1551 1940 1616 etiam
1964 1551 2115 1620 videmus
2137 1577 2225 1622 nunc

215 1641 351 1700 vocatus
373 1633 443 1698 luit.
487 1632 574 1698 Nam
595 1633 622 1698 si
645 1633 842 1699 conferimus
865 1633 1004 1700 ludaeos
1024 1653 1099 1699 cunr
1122 1635 1194 1699 aliis
1245 1633 1327 1698 fleri.
1371 1632 1458 1698 Nam
1481 1631 1638 1698 Ieremias
1660 1635 1847 1700 concionem
1876 1635 1991 1702 habuit
2018 1649 2133 1705 contra
2161 1640 2224 1707 im·

215 1719 386 1804 gentibus,
419 1725 508 1784 corte
541 1739 656 1784 eorum
686 1720 838 1868 impietas
871 1731 903 1784 ot
932 1719 1133 1804 ingratitudo
1161 1730 1195 1785 et
1245 1719 1317 1802 pias
1340 1718 1606 1801 superstitiones:
1631 1718 1748 1784 deiude
1770 1731 1927 1804 tanquam
1943 1744 2060 1807 praeco
2075 1725 2225 1792 coelestis
2287 1763 2289 1768 ·

215 1805 419 1872 coutumacia
463 1805 633 1890 superavit
676 1824 799 1870 sceera
843 1805 989 1870 omnium
1035 1807 1193 1890 gentium.
1246 1803 1455 1870 denuntiavit
1493 1823 1648 1886 poenam:
1688 1805 1876 1892 obsignarit
1918 1809 2000 1874 illud
2034 1811 2224 1877 vaticinium

213 1891 338 1958 Merito
367 1891 469 1974 igitur
496 1891 606 1975 exegit
628 1889 721 1956 Deos
751 1890 832 1956 talos
860 1909 992 1974 poenos,
1022 1911 1104 1974 quae
1134 1911 1194 1956 uec
1246 1893 1349 1957 fracta
1371 1889 1510 1974 lagena..
1544 1889 1701 1974 Sequitur
1723 1893 1843 1958 iterum
1865 1896 2018 1977 repetitio
2048 1896 2223 1963 doctrinae.
2315 1897 2316 1900 ’

214 1975 310 2042 hodie
343 1995 472 2059 quoque
504 1985 644 2059 possunt
676 1977 791 2042 referri
823 1977 895 2054 siue
927 1996 1049 2061 magno
1081 1981 1215 2043 nostro
1247 1975 1300 2042 Sic
1322 1997 1399 2060 ergo
1421 1977 1504 2042 dices
1526 1977 1569 2042 od
1590 1997 1649 2044 cos.
1694 1977 1759 2044 Hic
1782 2000 1848 2044 non
1871 1979 2016 2063 loquitur
2038 1980 2078 2047 de
2100 1984 2224 2060 comiti·

215 2072 321 2129 metu:
346 2061 375 2126 si
397 2061 527 2144 quidem
553 2071 657 2128 totum
682 2063 743 2127 hoc
765 2062 836 2128 eius
865 2061 985 2129 iudicio
1016 2062 1193 2129 tribuitur:
1245 2063 1306 2128 buo
1328 2061 1523 2145 prophetae,
1551 2060 1609 2128 scd
1629 2063 1807 2130 relativum
1830 2074 1879 2130 eet
1902 2067 1973 2132 sine
2001 2068 2224 2150 antecedente,

216 2150 292 2232 quia
313 2148 343 2212 is
362 2149 484 2231 estqui
505 2146 627 2214 cibavit
642 2157 752 2231 patres
767 2167 864 2213 carne
882 2149 1041 2215 filiorum:
1065 2170 1193 2234 nempe,
1245 2159 1281 2213 ut
1304 2146 1422 2213 dicitur
1445 2147 1552 2232 vulgo,
1575 2149 1728 2231 Loqueris
1749 2150 1792 2216 cd
1813 2171 1879 2217 coa:
1901 2152 1962 2218 hoo
1977 2158 2037 2231 est,
2061 2153 2102 2218 ad
2118 2162 2225 2220 totum

215 2253 257 2299 ex
280 2253 346 2316 quo
370 2232 623 2300 immolaverant
652 2234 738 2300 filios
766 2255 844 2300 suos
865 2239 899 2300 et
920 2234 1005 2300 filias
1029 2235 1193 2302 daemoni·
1288 2233 1415 2316 pulum:
1439 2233 1576 2300 Iehovch
1596 2236 1644 2299 cic
1663 2235 1748 2313 dicit
1772 2235 1841 2320 Ego
1862 2238 2058 2322 confringam
2069 2240 2225 2322 popnlrcm

216 2318 287 2398 bue,
315 2325 451 2384 utente
480 2319 604 2385 dictum
633 2329 693 2398 eat,
723 2322 868 2403 oportuit
898 2321 1105 2387 manifestam
1129 2321 1193 2388 Dei
1264 2338 1338 2400 nnc,
1371 2325 1401 2384 ct
1421 2319 1502 2386 barac
1521 2321 1636 2385 nrbcrn.
1681 2320 1783 2386 Addit
1805 2317 1924 2387 no'men
1953 2325 2060 2402 urbia,
2093 2325 2129 2390 in
2159 2345 2223 2409 qua

216 2403 393 2473 vindictam
416 2405 511 2488 quasi
532 2405 633 2490 digito
660 2406 846 2472 monstrari.
892 2407 965 2474 Hoc
987 2407 1109 2472 factum
1133 2418 1191 2484 est,
1244 2404 1406 2490 putabant
1426 2427 1461 2471 se
1483 2405 1605 2471 habere
1627 2407 1882 2492 inexpugnabile
1900 2410 2113 2494 praesidium,
2136 2411 2223 2495 quod

214 2511 315 2575 quum
333 2491 505 2574 insculpsit
522 2491 616 2557 Deua
634 2492 668 2556 in
687 2492 877 2575 corporibus
899 2511 1074 2575 puerorum
1096 2498 1193 2559 notas
1245 2491 1311 2557 illio
1344 2503 1430 2558 esset
1462 2491 1621 2573 templum
1655 2491 1728 2558 Dei.
1773 2492 1840 2560 Sed
1873 2496 2026 2577 quoniam
2063 2496 2222 2580 templum

214 2575 720 2731 gzzrisimposssnfflffiriggveeriti
733 2578 861 2748 ἐπὶ
889 2577 930 2644 ab
963 2579 1044 2678 ipsis
1077 2581 1193 2732 ιιιιιθὶξἐ
1244 2577 1507 2729 ξιοίιιιὲιιιῐιιιὲ
1529 2578 1699 2729 ιιὶειιιιᾶιιιι
1722 2580 2072 2732 ίιιιιιιὶιιιιιιιιέἕιιιιιὶι
2095 2583 2223 2730 speleu-h

357 2713 366 2740 ,
632 2684 647 2728 c
712 2684 733 2729 o
974 2685 1060 2730 asoa
1082 2685 1122 2730 on
1268 2684 1314 2740 us,
1337 2685 1348 2727 r
1373 2684 1410 2729 oo
1450 2683 1487 2727 er
1507 2683 1550 2726 mr
1611 2683 1749 2730 amone
1784 2687 1858 2730 -nrr
1941 2687 2032 2734 uotae
2071 2686 2113 2733 au
2152 2689 2222 2734 ser

214 2749 348 2815 inimici.
409 2747 564 2814 Diximus
605 2768 702 2834 saepe
746 2750 811 2815 huc
850 2685 1053 2816 deffmitbtis
1092 2686 1192 2818 fuisse
1245 2747 1433 2833 ponendum
1456 2747 1583 2815 esseio
1607 2749 1687 2815 urbe
1716 2749 1783 2816 illa.
1828 2749 1918 2817 Sient
1945 2716 2126 2837 ergo’gnis
2152 2687 2222 2820 cdo

215 2836 357 2913 adactos,
381 2836 436 2918 qui
459 2833 512 2899 diu
532 2834 655 2901 obsessi
677 2833 819 2912 inerant,
841 2857 901 2902 neo
923 2843 1075 2921 poterant
1096 2857 1192 2920 pares
1241 2835 1355 2920 fringtt
1386 2855 1444 2900 ooo
1476 2835 1557 2920 qnod
1588 2853 1649 2900 non
1676 2841 1775 2918 potest
1807 2839 1964 2918 reparari.
2020 2839 2085 2904 Hic
2121 2840 2222 2904 etiam

215 2941 285 2988 esse
308 2918 349 2986 ad
372 2919 601 3001 resistendum,
629 2927 667 2987 ιιι
693 2922 877 2987 eximerent
898 2941 918 2986 a
939 2922 1137 2989 ooutomolia
1158 2930 1192 2989 et
1244 2919 1387 2987 ostendit
1408 2920 1570 3003 perituros
1591 2919 1626 2984 in
1649 2929 1765 2998 totum,
1787 2923 1834 2988 ita
1855 2932 1893 2988 ut
1915 2944 1981 2991 non
2004 2923 2146 3007 amplius
2170 2945 2222 2991 re·

214 3027 346 3086 uxores,
368 3017 401 3072 et
423 3006 552 3084 liberos,
579 3014 613 3072 et
641 3027 677 3074 so
705 3008 809 3091 ipsos:
841 3005 899 3074 sed
929 3007 1100 3091 potrahere
1129 3008 1192 3074 hoc
1243 3015 1390 3090 surgant.
1435 3004 1566 3073 Scimus
1588 3006 1694 3086 enim,
1723 3008 1823 3073 etiam
1852 3009 1909 3091 qui
1937 3009 2131 3094 gravissime
2153 3007 2223 3079 iuo-

215 3092 312 3158 modo
333 3091 444 3172 vitam,
468 3112 603 3176 prorsus
625 3100 674 3159 est
696 3092 876 3160 beluinum.
920 3092 1087 3177 Sequitur,
1242 3103 1323 3158 runt
1337 3091 1512 3175 aliquando
1527 3091 1651 3172 afflicti,
1665 3091 1818 3178 colligere
1834 3105 1942 3160 tameo
1959 3095 2085 3178 aliquos
2101 3095 2222 3160 virium

1243 3177 1414 3261 reliquias,
1445 3185 1478 3242 et
1506 3175 1640 3242 taudem
1670 3179 1799 3245 restitui
1829 3179 1968 3263 pristino
1990 3181 2107 3264 vigori.
2152 3179 2221 3248 Sed

301 3265 352 3332 10.
384 3262 429 3329 Et
453 3268 592 3330 ιοιιιιιαι
619 3264 762 3348 &rgentum
791 3265 827 3329 in
849 3264 948 3330 oraclis
967 3266 1109 3334 virorum
1137 3268 1193 3349 qni
1242 3263 1404 3348 propheta
1432 3261 1577 3329 ostendit
1605 3265 1729 3331 instare
1761 3264 1886 3332 cladem
1920 3286 2057 3349 prorsus
2091 3269 2222 3333 incura-

209 3351 447 3435 prcficiecenlnr
468 3350 546 3437 (vel,
568 3351 623 3433 qui
644 3349 778 3433 proiecti
800 3349 938 3438 fuerint)
959 3355 1065 3418 ιιιιιιι.
1242 3349 1350 3415 bilem.
1395 3348 1465 3415 Neo
1485 3348 1594 3416 obstet
1619 3350 1713 3432 quod
1727 3349 1820 3417 Deus
1850 3353 2008 3435 populum
2037 3353 2079 3418 ab
2108 3352 2222 3417 exsilio

1243 3442 1356 3519 postea
1377 3435 1520 3517 reduxit,
1550 3433 1637 3520 quod
1657 3435 1736 3503 urbs
1758 3436 1929 3504 aedificata
1950 3449 2000 3504 eet
2021 3437 2120 3504 simul
2143 3458 2220 3503 cum

300 3522 462 3589 Adhibuit
482 3522 639 3588 Ieremias
668 3525 779 3602 testes,
811 3529 848 3589 ut
875 3524 956 3589 haec
985 3523 1189 3589 confirmatio
1242 3519 1372 3604 templo.
1417 3521 1503 3586 Nam
1531 3520 1594 3586 hoc
1624 3521 1707 3586 nihil
1738 3521 1777 3588 ad
1804 3523 1923 3606 impios
1955 3523 2046 3602 illos,
2080 3541 2221 3606 quorum

214 3608 363 3676 vaticinii
395 3609 546 3676 testatior
576 3615 663 3674 osset
691 3609 820 3693 populo.
873 3608 970 3690 Quod
1000 3609 1040 3674 ad
1071 3609 1190 3675 seriem
1242 3606 1363 3674 abolita
1389 3608 1450 3673 luit
1472 3605 1639 3672 memoria.
1680 3607 1836 3674 Incubuit
1856 3609 1960 3694 igitur
1981 3608 2166 3675 maledictio
2188 3617 2223 3672 et

213 3694 371 3760 historiae
402 3695 553 3778 pertinet,
587 3693 683 3759 initio
709 3695 830 3762 missus
863 3703 913 3760 est
944 3695 984 3760 ad
1019 3696 1188 3762 tabernam
1240 3693 1390 3759 vindicta
1411 3693 1474 3759 Dei
1496 3712 1595 3776 super
1616 3711 1729 3759 eorum
1751 3695 1874 3778 capita,
1904 3695 1960 3777 qui
1989 3695 2036 3759 ita
2064 3694 2222 3760 obstinati

213 3780 316 3865 figuli,
337 3780 425 3846 unde
448 3781 571 3863 accepit
593 3779 760 3865 lagenam:
791 3791 904 3864 postea
926 3782 1017 3847 veuit
1039 3781 1080 3846 od
1102 3781 1191 3846 Tho-
1241 3781 1372 3844 inerant
1394 3778 1429 3842 in
1452 3778 1636 3844 sceleribus.
1670 3779 1716 3844 Et
1738 3780 1809 3845 ideo
1831 3781 1887 3862 qui
1910 3780 1951 3846 ab
1965 3779 2081 3845 exsilio
2096 3778 2221 3846 reversi

214 3867 327 3949 pheth‚
349 3876 383 3932 et
404 3867 471 3933 illio
493 3866 703 3934 concionatus
721 3875 771 3932 est
790 3873 905 3934 contra
926 3867 1097 3951 impiaret
1120 3887 1188 3950 per·
1242 3873 1331 3940 sunt,
1354 3869 1517 3930 vocantur
1537 3865 1571 3928 in
1595 3864 1727 3931 Psalmo
1743 3865 1828 3952 (102,
1846 3866 1911 3949 19),
1933 3864 2082 3950 Populus
2099 3866 2222 3932 iterum

214 3972 327 4020 versas
348 3953 614 4036 superstitiones:
645 3951 778 4018 tandem
802 3961 839 4017 ut
867 3953 1056 4037 obsignat-et
1077 3952 1191 4020 vatici·
1242 3954 1391 4017 crsatus:
1414 3951 1507 4033 quasi
1530 3950 1636 4016 exorti
1658 3961 1768 4018 essent
1789 3951 1868 4017 novi
1892 3952 2054 4018 homiues.
2098 3951 2143 4017 Fit
2165 3971 2222 4034 po·

213 4038 316 4116 nium,
340 4040 502 4122 confregit
517 4040 671 4124 lagenam
686 4057 794 4104 coram
812 4038 959 4114 testibus,
982 4057 1062 4121 quos
1080 4058 1190 4104 secum
1242 4037 1338 4121 pulus
1361 4035 1416 4119 qui
1439 4046 1567 4102 oreatus
1597 4037 1696 4101 fuerit
1725 4037 1870 4102 laudabit
1894 4036 2085 4103 Dominum.
2131 4036 2223 4103 Dicit

216 4123 407 4190 adduxerat.
441 4124 595 4190 Diximus
612 4131 723 4190 autem
741 4125 788 4189 ita
806 4123 970 4209 agendum
994 4124 1093 4190 luisse
1115 4143 1189 4190 cnm
1241 4128 1363 4206 postea,
1387 4121 1583 4204 Sepelicntnr
1602 4123 1639 4187 t'n
1663 4121 1841 4206 Thopbctb,
1870 4124 2031 4206 quianon
2056 4123 2117 4189 erit
2137 4121 2221 4189 ῑιιιι

215 4210 335 4295 populo
351 4231 419 4275 nou
434 4217 562 4276 tantum
578 4209 651 4275 rudi
672 4219 706 4276 et
726 4228 835 4276 craeso
854 4210 920 4289 sed,
944 4207 1031 4293 quod
1047 4208 1190 4276 deterius
1242 4206 1329 4274 atttt.
1373 4207 1500 4275 Locum
1530 4209 1622 4274 illum
1656 4208 1825 4292 elegeraut
1856 4210 1911 4274 ubi
1939 4208 2099 4275 haberent
2125 4210 2220 4275 testi·

215 4306 281 4376 est,
312 4297 481 4382 pervicaci.
526 4295 568 4360 Iu
596 4296 688 4381 signo
718 4297 849 4378 quidem
877 4295 934 4362 illo
963 4317 1029 4362 non
1060 4303 1189 4362 tautum
1241 4295 1389 4360 monium
1412 4294 1453 4359 oli
1479 4295 1540 4360 uod
1564 4294 1684 4360 favoris
1705 4295 1787 4374 Dei,
1819 4304 1854 4360 et
1880 4294 2018 4378 proinde
2048 4294 2221 4360 materiam

215 4382 373 4448 momenti
395 4381 464 4464 luit,
486 4389 523 4446 ιιι
545 4382 621 4448 inde
639 4381 830 4468 colligerent
852 4383 1020 4450 interitum
1043 4383 1134 4449 urhis
1156 4389 1191 4449 et
1242 4380 1394 4447 laetitiae.
1455 4315 1629 4464 Significat
1672 4388 1782 4446 autern
1825 4379 1959 4463 plenum
1999 4378 2069 4445 iore
2110 4379 2221 4446 locum

95 4511 97 4514 -
215 4469 315 4534 totIus
344 4477 465 4534 torrae:
500 4468 557 4534 sed
587 4477 695 4535 tamen
725 4468 870 4536 solennis
900 4469 981 4536 haec
1007 4468 1190 4554 obsignatio
1242 4466 1336 4532 illum
1352 4465 1577 4532 cadaveribus.
1620 4463 1707 4530 Nam
1730 4466 1900 4531 turmatim
1922 4465 2000 4531 illuc
2022 4466 2220 4550 confugient.

214 4554 362 4621 vaticinii
385 4575 453 4620 nou
476 4553 587 4620 debuit
614 4575 726 4622 carere
756 4554 898 4639 pondere
921 4576 988 4621 suo.
1030 4555 1105 4621 Hac
1127 4555 1189 4638 igi·
1242 4551 1371 4618 Deinde
1393 4553 1472 4617 urbe
1499 4553 1598 4617 etiam
1627 4551 1690 4615 crit
1718 4551 1817 4635 plena
1845 4551 2074 4634 cadaveribus,
2107 4553 2155 4616 ita
2182 4555 2221 4616 ut

214 4651 270 4707 tur
292 4644 418 4710 ratione
448 4643 556 4708 Iussus
585 4649 636 4707 est
664 4661 722 4708 ιιι
753 4643 969 4726 confringere,
1002 4661 1118 4723 nempe
1152 4649 1190 4704 nt
1242 4659 1308 4704 non
1332 4639 1499 4720 reperiant
1526 4637 1603 4702 alibi
1633 4639 1817 4721 sepulcrum
1846 4657 1944 4721 quam
1975 4638 2009 4701 in
2033 4634 2219 4718 I'hopheth.

214 4728 249 4792 in
283 4747 319 4792 re
351 4728 517 4810 praesenti
551 4725 738 4793 ostenderet
770 4729 987 4811 propinquam
1021 4726 1085 4790 Dei
1117 4725 1189 4790 vio·
1243 4723 1411 4807 Sequitur,

214 4811 351 4892 dietam,
385 4813 424 4878 de
456 4834 520 4898 qua
553 4812 637 4879 nihil
669 4811 783 4878 Iudaei
816 4812 1076 4897 suspicabantur.
1129 4809 1188 4878 Se·

214 4898 353 4981 quitur,
1327 4895 1379 4960 12.
1403 4893 1458 4960 Sic
1477 4893 1597 4975 facicm
1615 4893 1677 4960 loco
1694 4892 1776 4972 hnic,
1796 4893 1872 4960 dieat
1890 4891 2037 4974 Ieiovcb,
2060 4897 2089 4958 al
2106 4891 2219 4957 incolie

276 5006 283 5018 ·
1240 4981 1323 5048 cina:
1354 4981 1446 5046 croc
1461 4980 1644 5060 pantardum
1666 4977 1713 5065 (et
1735 4979 1869 5066 ponam)
1895 4979 2002 5044 urbem
2031 4976 2111 5044 banc
2138 4978 2219 5044 rnre

301 5070 351 5137 11.
375 5069 420 5136 Et
436 5069 519 5137 dices
536 5070 578 5136 od
594 5091 652 5155 eos,
673 5067 728 5136 Sic
745 5069 822 5136 dicit
839 5068 973 5135 renovat
991 5070 1190 5150 concitatam,
1243 5064 1413 5149 Thopltcib.

214 5154 267 5224 lto
289 5156 487 5240 confringam
503 5157 657 5239 poprrlnm
685 5155 766 5222 inno
794 5160 822 5222 ct
848 5155 955 5221 urbem
984 5157 1080 5235 hunc,
1111 5155 1192 5221 stent

212 5244 285 5325 qnia
305 5242 475 5326 confringit
500 5263 558 5308 oue
584 5241 679 5327 figuli
709 5241 785 5330 (hoc
816 5249 881 5322 est,
914 5261 972 5308 vas
1001 5249 1189 5316 testaceum,
1327 5236 1416 5318 Quis
1442 5237 1535 5322 prius
1569 5236 1699 5302 dixerat
1731 5236 1851 5304 vallem
1883 5235 1972 5300 illam
2007 5237 2076 5302 fore
2109 5233 2218 5301 locum

212 5337 269 5394 aut
291 5349 351 5394 vas
373 5326 500 5412 fragile,
521 5328 719 5415 figulinum)‚
742 5329 824 5412 qnod
843 5349 905 5395 non
913 5329 1029 5411 polerit
1041 5323 1191 5408 reparari
1241 5323 1378 5408 stragis,
1413 5332 1450 5387 nt
1480 5322 1555 5388 indo
1583 5343 1701 5388 nomen
1732 5321 1909 5404 acciperet,
1941 5322 2029 5388 idem
2060 5341 2149 5388 nunc
2178 5319 2218 5385 de
