5158 6124
234 399 295 465 497
933 400 982 466 IN
1004 397 1253 466 luRuMIAM.
1297 398 1395 466 OAP.
1418 399 1531 466 XXV.
1758 484 1764 504 ι
2165 403 2229 470 498

320 585 496 670 Coepimus
527 585 598 651 heri
627 606 792 668 exponere
821 587 1015 652 sententiam
1040 585 1205 662 ieremias,
1255 586 1350 668 μιιιι.
1393 585 1463 650 lam
1485 587 1641 670 sequitur,
1663 609 1684 654 a
1704 587 1785 669 faeie
1804 589 1924 673 gladii,
1950 611 2040 673 quom
2060 609 2114 674 epo
2142 592 2229 658 mido

235 680 272 738 ιιι
293 672 383 737 iubet
402 675 506 754 petates
528 691 630 736 omues
651 671 750 736 bibere
772 691 812 736 aa
828 671 922 738 aulice
937 691 1035 754 aeque
1052 672 1095 738 ad
1112 670 1207 736 ebria-
1257 672 1338 737 tuter
1351 689 1413 736 eos.
1443 669 1524 738 Sina
1545 674 1653 756 figura
1676 694 1765 739 nuno
1786 677 1941 757 exprimit
1962 676 2048 759 quod
2071 676 2111 740 de
2126 676 2228 742 ebrie·

233 763 334 825 totta
371 757 423 821 De
446 756 635 838 metaphora
657 754 767 822 oaliois
785 757 850 822 iam
875 757 998 822 dietum
1021 757 1100 821 luit:
1122 756 1206 820 ratio
1257 765 1324 822 tate
1346 764 1380 821 st
1403 758 1528 822 vomitu
1550 758 1695 836 dixerat,
1723 780 1839 843 nempe
1868 762 1946 843 quia
1975 771 2085 827 tantus
2112 761 2228 828 horror

234 851 293 922 est,
324 842 402 926 quia
423 839 516 907 Deus
549 861 608 924 pro
641 842 801 907 immensa
831 863 890 908 sua
920 843 1081 925 sapientia
1113 841 1206 906 nevit
1255 841 1426 924 oooupablt
1443 862 1555 907 eorum
1573 851 1709 927 mentes,
1732 854 1769 908 ιιι
1787 847 1914 912 iaoeartt
1931 865 2064 931 prorsus
2087 845 2226 912 attoniti.

233 929 285 994 vel
308 927 387 1010 quid
409 927 545 1009 quisque
572 925 616 992 sit
637 927 787 1004 meritus,
818 927 870 992 val
893 927 1053 1010 quomodo
1080 935 1203 992 reotum
1257 925 1323 992 Sed
1346 925 1491 1010 gladium
1514 947 1549 992 ιι
1571 929 1762 1008 pronuntiat
1783 929 1876 996 Deus
1903 933 2080 998 missurum
2110 931 2227 997 adver·

234 1015 276 1079 sit
302 1032 390 1078 nuno
419 1010 523 1078 levius
552 1030 642 1075 nuno
670 1014 805 1096 gravius
832 1013 996 1096 oestigari.
1041 1010 1203 1092 Quoniam
1256 1031 1312 1077 sus
1333 1011 1415 1091 illos,
1438 1020 1476 1076 ut
1496 1012 1683 1096 intelligant
1704 1013 1835 1093 Iudaei,
1865 1017 2137 1098 quemadmodum
2160 1017 2226 1081 iam

233 1119 311 1183 ergo
341 1117 404 1163 non
433 1107 484 1162 est
510 1098 653 1178 aequalis
683 1096 813 1174 modus,
849 1099 1014 1181 aptissime
1051 1097 1206 1162 eonvenit
1256 1104 1332 1162 ante
1355 1095 1477 1163 dietum
1500 1097 1578 1174 fuit,
1610 1099 1663 1164 ubi
1693 1101 1802 1165 omnia
1824 1102 1891 1166 lere
1912 1102 2077 1183 permixta
2094 1102 2225 1185 fuerint,

234 1183 413 1250 similitudo
442 1181 561 1247 oaliois.
606 1181 780 1247 Caeterum
810 1183 962 1266 propinat
982 1181 1073 1247 Deus
1103 1183 1204 1246 inter·
1256 1181 1416 1247 dominari
1445 1191 1554 1246 tamen
1585 1183 1786 1250 moderatum
1817 1184 1880 1250 Dei
1910 1187 2077 1254 iudioium.
2129 1187 2225 1254 Nune

234 1264 311 1334 dam
334 1268 478 1349 oslioem,
502 1273 539 1330 ut
562 1274 689 1332 tantum
705 1276 813 1350 gustet
828 1269 882 1350 qui
907 1288 971 1333 nou
993 1277 1102 1349 posset
1120 1268 1204 1332 forre
1256 1267 1411 1350 sequitur,

233 1355 368 1439 gravius
389 1352 554 1418 iudioinm.
598 1350 728 1417 Soimus
750 1351 838 1416 euim
861 1354 967 1418 Deum
991 1371 1070 1435 erga
1092 1352 1204 1416 robus·

235 1451 286 1506 tos
308 1447 341 1504 ιι
363 1436 549 1520 pervioaoes
567 1457 664 1520 agere
682 1437 785 1501 multo
801 1437 931 1504 dumus:
955 1437 1073 1518 siquis
1095 1445 1203 1501 autem
1340 1435 1391 1502 28.
1416 1435 1458 1501 Et
1479 1437 1548 1520 erit,
1569 1437 1601 1501 si
1621 1438 1780 1504 νιιιιιινιιιι
1800 1439 1843 1504 od
1863 1441 2047 1507 sumendum
2068 1440 2143 1527 (hoo
2165 1450 2225 1526 ιιι,

235 1524 371 1589 debilior
397 1524 456 1602 sit,
485 1531 645 1587 traotatur
676 1521 871 1601 elementer,
899 1533 930 1588 et
965 1529 1090 1586 tantum
1125 1520 1205 1586 libat
1256 1521 1396 1606 sumere)
1418 1521 1544 1588 caleam
1565 1542 1581 1586 e
1601 1543 1699 1588 mauu
1721 1527 1775 1589 luo
1798 1525 1840 1590 ed
1857 1523 2028 1606 bibendum,
2051 1531 2122 1592 tune
2143 1527 2226 1594 diora

234 1609 287 1676 vel
309 1613 420 1693 gustat
442 1629 482 1672 ex
505 1607 614 1672 ealles.
648 1606 715 1672 Sed
734 1607 893 1690 propheta
916 1608 969 1672 hio
992 1606 1070 1672 dioit
1093 1606 1203 1672 biben·
1255 1608 1298 1673 ad
1328 1625 1378 1674 eoa
1420 1606 1536 1690 oopula
1564 1607 1653 1671 enim
1687 1607 1782 1673 debet
1814 1609 1932 1675 resolvi
1964 1611 1999 1675 in
2034 1610 2224 1678 adverbium

234 1694 311 1759 dum
345 1714 416 1758 esse
442 1693 595 1758 omuibus
627 1691 756 1775 populis
796 1713 897 1774 usque
930 1691 971 1756 ad
1004 1691 1203 1767 ebrietatem,
1256 1691 1410 1775 temporie
1427 1740 1433 1767 ,
1448 1692 1494 1757 sie
1507 1691 1730 1759 demeteret
1744 1695 1942 1777 ιιινιιιιιιιιιι,
1955 1695 2093 1762 Bibenda
2107 1697 2223 1764 ditatae.

234 1777 505 1863 quomadmodum
529 1777 594 1842 alio
616 1775 685 1842 looo
707 1776 836 1856 dieitur,
860 1777 967 1843 Etiam
990 1778 1096 1842 faeces
1118 1778 1204 1859 ipsas

235 1864 440 1942 exhaurient,
463 1882 564 1946 quum
587 1860 628 1926 de
650 1861 794 1945 proianIs
816 1863 969 1946 gentibus
992 1865 1110 1945 agitur.
1150 1861 1204 1925 In·
1340 1862 1412 1928 Hoo
1433 1883 1530 1928 versu
1552 1864 1714 1946 signifieat
1736 1863 1911 1947 propheta,
1940 1867 2150 1947 quantumvis
2172 1887 2224 1932 rs·

234 1950 337 2015 ebriat
359 1961 479 2023 autem,
500 1955 538 2011 ut
553 1955 628 2011 anto
647 1948 723 2026 dixi,
745 1946 1007 2024 hominesDeus,
1030 1947 1083 2012 vol
1104 1966 1203 2028 quum
1255 1949 1427 2014 fraotariae
1448 1947 1515 2012 sint
1536 1957 1666 2030 gentos,
1695 1948 1777 2012 nihil
1806 1957 1917 2013 tamen
1939 1969 1998 2015 sua
2020 1951 2224 2016 oontumaoia

233 2035 307 2100 illos
339 2039 510 2109 excantat,
544 2039 577 2096 ιι
607 2033 710 2096 mittit
741 2032 893 2115 spiritum
926 2032 1112 2116 vartiginIs,
1147 2037 1205 2095 aut
1257 2033 1473 2116 profesturas,
1503 2034 1577 2116 quia
1606 2033 1712 2098 velint
1742 2033 1848 2099 nolint
1868 2043 2028 2118 oogeutnr
2051 2035 2160 2100 bibere
2181 2055 2223 2101 ex

232 2119 384 2202 stuporis.
428 2115 493 2184 Sed
517 2117 659 2182 refertur
684 2138 771 2182 nuno
795 2118 931 2183 verbum
954 2116 1135 2182 inebriandi
1164 2113 1204 2180 ad
1255 2117 1362 2184 oalioe.
1396 2115 1463 2183 Sed
1485 2127 1523 2182 ιιι
1544 2117 1768 2183 vehementior
1790 2119 1832 2185 sit
1854 2121 1966 2200 oratio,
1989 2120 2116 2184 induoit
2136 2120 2224 2203 ipsas

233 2217 388 2270 externas
411 2203 650 2286 oastigationes.
696 2201 802 2268 Bibite
822 2223 916 2286 ergo,
946 2201 1203 2284 diuebriatuiui,
1256 2210 1445 2269 renuentes:
1478 2201 1516 2266 Si
1546 2204 1756 2268 restaverint
1784 2204 1921 2284 erupere
1947 2204 2088 2289 tuditan,
2118 2205 2224 2288 inquit

233 2289 296 2354 hoo
318 2300 377 2368 est,
400 2310 441 2353 ne
463 2289 585 2371 putetis
609 2307 666 2354 vos
688 2287 857 2353 defunetos
881 2308 959 2365 esse,
983 2287 1037 2352 ubi
1063 2287 1204 2369 eoeperit
1255 2287 1356 2370 Deus,
1378 2289 1470 2367 dites,
1493 2287 1621 2353 bibendo
1642 2288 1759 2354 bidella.
1802 2288 1957 2354 Diximus
1980 2291 2126 2369 antehae,
2149 2310 2223 2372 pro·

234 2374 325 2440 Deus
355 2375 487 2453 exigere
519 2392 655 2456 poenam
690 2373 730 2437 de
757 2373 864 2438 vobis:
899 2371 957 2436 illa
990 2381 1076 2438 esset
1110 2372 1204 2436 unioa
1255 2373 1387 2454 phetam
1419 2392 1484 2438 non
1513 2372 1612 2438 fuisse
1640 2375 1837 2454 praelautum
1865 2375 2017 2456 gentibue
2047 2375 2222 2440 duetorem.

234 2462 339 2543 potio:
363 2459 419 2524 sed
441 2457 604 2530 Dominus
627 2477 685 2538 vos
708 2457 838 2539 penitus
860 2456 1048 2521 inebriabit:
1077 2464 1110 2522 ιι
1131 2455 1204 2521 ideo
1255 2459 1303 2523 ιιι
1325 2479 1344 2522 o
1366 2456 1447 2524 haee
1468 2456 1616 2523 dootrioa
1637 2457 1721 2522 nihil
1743 2457 1784 2522 ad
1807 2466 1951 2524 exteros:
1982 2460 2039 2525 sed
2066 2469 2133 2524 tota
2154 2461 2225 2526 olus

235 2544 393 2627 adiungit,
417 2545 526 2608 poenite
547 2548 575 2607 et
595 2543 704 2609 cadite.
748 2541 832 2607 Nam
864 2542 919 2624 qui
946 2543 992 2606 ita
1014 2540 1093 2607 ebrii
1116 2551 1203 2620 sunt,
1257 2479 1378 2607 utilitas
1400 2543 1543 2607 residere
1561 2542 1671 2608 debuit
1686 2543 1720 2607 in
1736 2543 1870 2608 eoolesia
1885 2545 1964 2610 Dei:
1987 2544 2058 2610 ideo
2077 2564 2128 2610 res
2151 2555 2224 2611 sotu

235 2640 272 2696 ιιι
293 2649 364 2694 ease
385 2629 671 2712 ingurgitaverint,
694 2637 728 2691 st
742 2627 876 2709 orapula
893 2626 962 2691 lere
983 2628 1051 2690 sint
1073 2625 1202 2708 turgidi,
1256 2627 1366 2710 populi
1389 2628 1453 2692 Dei
1476 2627 1537 2693 hoo
1565 2626 1697 2704 dieitur,
1727 2637 1764 2692 ut
1786 2629 1905 2706 selant,
1935 2641 2106 2713 postquam
2165 2651 2224 2696 eus

234 2715 306 2780 illos
328 2733 458 2778 neeesse
487 2722 536 2777 est
566 2731 706 2778 vomere.
749 2713 902 2777 Vomitus
931 2721 1041 2778 autem
1070 2722 1204 2795 generat
1255 2733 1383 2778 sumere
1412 2711 1452 2778 de
1479 2712 1655 2779 soeleribus
1690 2713 1857 2778 hominum
1894 2733 2032 2797 poenam
2069 2716 2223 2794 daerevit,

234 2801 479 2866 oonousslonem
501 2798 635 2876 oarsbri,
664 2801 709 2861 ita
732 2795 830 2881 pedes
852 2797 994 2862 olfioium
1018 2817 1114 2863 suum
1138 2816 1205 2861 am·
1255 2799 1443 2882 omnesqui
1466 2797 1599 2864 obnoxii
1620 2806 1699 2863 sunt
1719 2799 1790 2864 sius
1810 2797 1928 2864 iudioio
1946 2819 2012 2865 non
2031 2818 2128 2880 posse
2145 2800 2224 2864 ailu-

235 2887 319 2968 plius
342 2905 407 2949 non
426 2883 558 2959 laniunt,
580 2885 645 2948 imo
664 2883 755 2947 nullu
766 2884 908 2964 eorporis
923 2903 999 2965 pars
1017 2881 1203 2947 laoultatem
1255 2904 1341 2966 gere.
1386 2883 1473 2947 Sunt
1494 2883 1625 2964 quidam
1647 2902 1743 2965 saepe
1764 2881 1914 2948 homines
1936 2885 2027 2967 equis
2048 2884 2224 2966 pervioaoi·

234 2991 326 3036 suam
349 2969 477 3033 ratioet.
519 2966 657 3034 Summa
678 2977 730 3034 est
750 2970 866 3052 igitur,
896 2969 973 3050 quia
994 2966 1085 3032 Deus
1105 2966 1203 3049 longo
1257 2967 1459 3043 bussimiles,
1474 2967 1767 3049 quioaloitrant,et
1782 2968 1951 3051 Ierooiunt,
1974 2969 2223 3034 attumultuau·

233 3069 380 3136 tempore
402 3051 575 3118 distulerat
596 3074 694 3118 suum
716 3053 883 3135 iuditium,
906 3059 940 3118 et
956 3051 1066 3134 populi
1089 3069 1203 3115 omnes
1256 3061 1311 3118 tur
1332 3051 1489 3118 adversus
1508 3071 1665 3118 sessorem
1681 3072 1789 3131 sunm,
1811 3062 1845 3116 et
1860 3052 2010 3118 mordent
2026 3055 2142 3120 etiam:
2166 3053 2224 3118 sed

234 3139 455 3205 obduruerant
476 3157 576 3220 quum
604 3157 663 3202 sua
692 3138 848 3220 patientia
875 3137 949 3202 illos
979 3137 1134 3201 invitaret
1162 3135 1203 3201 ad
1256 3137 1413 3220 propheta
1435 3137 1599 3220 signifieat
1622 3139 1729 3203 Deum
1751 3138 1949 3204 instruetum
1971 3158 2044 3204 esse
2066 3138 2221 3222 potantia,

233 3224 499 3306 resipisoentiam,
523 3243 612 3288 nuno
635 3223 861 3306 gravissimam
879 3219 1058 3287 viudiotam
1080 3221 1203 3286 iustars
1255 3241 1319 3305 qua
1339 3231 1519 3305 oompesoat
1541 3221 1640 3288 talem
1659 3225 1908 3290 oontumaoiam.
1943 3223 2096 3289 Breviter
2114 3233 2224 3289 ιιιιιιιι

233 3307 384 3375 omnibus
406 3307 480 3385 illis,
504 3328 588 3390 quae
611 3327 733 3372 moram
757 3307 808 3372 vel
838 3305 1089 3372 diuturnitatem
1119 3323 1204 3370 oom-
1256 3308 1408 3373 admonet
1429 3327 1527 3390 quam
1557 3308 1623 3373 sint
1644 3308 1845 3391 immorigeri
1868 3307 2030 3391 plerique,
2058 3309 2125 3373 lmo
2156 3309 2224 3374 lere

233 3401 356 3476 penset.
401 3391 498 3473 Quod
522 3400 629 3456 autem
654 3392 730 3458 hino
752 3390 912 3476 eolligunt
942 3389 1073 3474 quidam
1102 3391 1203 3455 inter·
1255 3410 1383 3472 omnes,
1414 3393 1469 3458 ubi
1499 3393 1701 3476 oastIgantur
1731 3391 1794 3458 Dei
1825 3413 1935 3458 mauu.
1979 3391 2106 3458 Rarum
2135 3393 2224 3458 enim

233 3487 349 3562 protes,
371 3477 454 3543 nihil
472 3476 820 3560 prolaturaaomnibue
839 3477 966 3558 populis
983 3495 1104 3558 poenas
1122 3495 1203 3554 esse,
1256 3487 1306 3543 est
1327 3477 1522 3562 exemplum,
1551 3479 1668 3560 utqui
1689 3478 1852 3560 peooavit,
1882 3477 2023 3542 libenter
2044 3485 2078 3542 ιι
2100 3475 2224 3561 plaoids

233 3567 273 3629 de
296 3562 411 3647 quibus
433 3583 519 3628 nuno
541 3563 753 3628 oonoionatur
774 3562 942 3645 propheta,
965 3561 1026 3626 hoo
1043 3559 1124 3626 mihi
1147 3561 1201 3626 fir·
1255 3562 1406 3630 subiioiat
1427 3582 1462 3628 se
1485 3561 1565 3640 Deo,
1597 3573 1630 3627 et
1651 3571 1806 3646 agnoseat
1828 3583 1864 3628 se
1885 3563 1969 3628 iuste
1991 3562 2108 3645 puniri.
2152 3561 2225 3627 Imo

233 3670 324 3715 mam
358 3668 422 3714 nou
455 3646 593 3713 videtur.
639 3647 723 3712 Nam
757 3646 911 3730 loquutus
943 3656 994 3711 ιιι
1027 3644 1067 3710 de
1099 3646 1202 3712 eleeto
1254 3648 1310 3731 qui
1343 3649 1489 3713 latentur
1520 3667 1555 3712 ae
1582 3649 1715 3730 gravius
1744 3647 1866 3731 aliquid
1896 3652 2048 3724 mentes,
2078 3647 2224 3711 fremunt

232 3733 361 3818 populo.
406 3732 542 3800 Certum
562 3740 672 3798 autem
695 3739 760 3812 est,
782 3733 907 3814 aliquos
930 3732 1119 3813 resipuisse,
1150 3735 1203 3795 ut·
1255 3732 1465 3798 nihilominus
1486 3731 1642 3797 adversm
1664 3732 1782 3809 Deum,
1804 3731 1883 3814 quia
1903 3730 2081 3796 exhorrent
2103 3729 2225 3796 vindio·

234 3838 361 3902 ounque
382 3818 504 3884 luerint
526 3818 667 3901 exignus
696 3837 860 3883 numerus.
904 3815 1050 3898 Deinde,
1079 3816 1202 3881 videbi·
1255 3828 1322 3882 tam
1345 3817 1433 3882 eius:
1456 3835 1521 3880 uon
1543 3815 1689 3882 sentiunt
1705 3825 1815 3881 antem
1833 3815 2095 3896 miseriem-diam,
2118 3835 2224 3898 neque

234 3925 309 3969 mus
335 3903 482 3985 promitti
510 3903 609 3968 etiam
638 3902 790 3987 gentibus
818 3901 961 3984 profanis
990 3901 1136 3976 veniam,
1171 3907 1204 3964 ιι
1255 3900 1432 3984 quidquam
1455 3900 1517 3967 sibi
1540 3901 1655 3966 veniae
1677 3901 1882 3985 promittuut.
1927 3899 2001 3965 Nou
2032 3902 2155 3965 mirum
2178 3910 2228 3967 ιιι

234 3989 391 4065 salutem,
420 3997 589 4070 postquam
612 4009 671 4053 sua
693 3987 811 4053 iudioia
834 3985 994 4051 adversus
1015 3985 1089 4049 illas
1111 3983 1203 4050 Deus
1255 3988 1358 4071 igitur
1378 3984 1463 4068 quod
1486 3986 1646 4070 propheta
1663 3986 1717 4052 bio
1735 3986 1850 4051 tribuit
1868 3986 2011 4068 prolenis
2029 3985 2228 4067 bominibus,

235 4073 429 4139 exerouerit.
459 4071 772 4156 SImplioiterigitur
789 4072 986 4153 interpretor
1005 4069 1084 4134 haee
1097 4069 1204 4148 verba,
1256 4083 1324 4135 tam
1346 4070 1477 4136 Iudaeis
1499 4091 1596 4153 quam
1619 4072 1756 4148 exteris,
1787 4071 1956 4153 ingenium
1979 4069 2098 4135 durum
2120 4081 2154 4135 et
2175 4089 2228 4134 re·

234 4159 320 4240 quod
343 4177 407 4222 nou
431 4167 561 4221 tautum
582 4156 762 4238 gustabunt
782 4177 824 4221 ex
847 4156 946 4221 oalioe
968 4154 1117 4234 Domini,
1147 4155 1203 4219 aed
1257 4155 1348 4235 belle,
1371 4164 1406 4219 ut
1428 4155 1597 4220 oaloitrent
1618 4154 1774 4220 adversus
1797 4154 1921 4233 Deum,
1952 4163 1984 4221 et
2012 4163 2171 4222 sonentur
2193 4175 2228 4221 se

234 4243 345 4309 bibent
368 4241 453 4306 ultra
472 4245 666 4322 satietatem,
689 4252 727 4307 ιιι
743 4240 867 4307 similos
884 4239 987 4306 futuri
1009 4240 1076 4305 sint
1097 4237 1204 4317 ebriis,
1256 4240 1449 4306 subtrahere
1470 4261 1512 4304 ox
1534 4240 1604 4305 eiua
1632 4259 1748 4307 manu:
1776 4239 1917 4323 denique
1945 4240 2050 4306 modia
2078 4240 2229 4306 omnibus

234 4328 301 4392 imo
324 4327 482 4404 attonitis,
505 4327 581 4408 qaia
603 4327 747 4408 gravitas
770 4345 949 4408 poenarum
973 4323 1039 4389 illis
1062 4333 1204 4390 mentem
1256 4325 1411 4392 studeant
1442 4325 1587 4408 effugere
1619 4323 1775 4390 iudioium
1807 4326 1888 4392 eius.
1935 4324 2028 4390 Haeo
2061 4327 2145 4390 ratio
2180 4332 2229 4390 est

235 4413 387 4477 exentiat.
421 4411 533 4476 Nihilo
554 4410 686 4475 solidior
708 4419 758 4475 est
780 4412 863 4475 ratio
879 4408 1083 4493 Hieronymi,
1106 4429 1205 4492 quum
1256 4432 1315 4478 eur
1336 4410 1440 4487 dioat,
1472 4408 1818 4476 serenantem
1846 4410 1971 4476 ιιιιιιιιιι
1999 4431 2016 4474 e
2043 4429 2141 4476 mauu
2162 4415 2227 4474 tau.

236 4497 316 4562 dioit
337 4504 464 4560 tautum
488 4496 528 4560 ad
547 4497 701 4577 reprobos
718 4505 866 4580 speetare
884 4495 1060 4577 prophetae
1082 4515 1205 4560 sermo·
1258 4497 1346 4580 llrgo
1367 4496 1428 4561 hoo
1443 4494 1591 4562 videmus
1613 4514 1679 4559 nou
1703 4493 1820 4559 debere
1842 4494 1955 4560 referri
1974 4494 2165 4577 simplieiter
2187 4492 2228 4558 ad

235 4602 322 4661 uem,
344 4581 659 4680 quoniamsubiioit,
682 4586 709 4646 ei
730 4601 768 4680 ete
789 4581 935 4680 surpatia
970 4579 1071 4643 Putat
1085 4580 1204 4679 ΙΗιιιο-
1257 4581 1367 4648 verba.
1417 4581 1531 4663 Neque
1560 4579 1648 4646 enim
1678 4579 1839 4678 propheta
1865 4600 1938 4646 oum
1969 4579 2034 4645 illis
2062 4579 2227 4678 extraneis

235 4664 1205 4834 ἓιιιιιιιιιιιιιιιιιιιιιιι
1256 4663 2093 4834 {otterestattemtus
2115 4671 2229 4830 ιιι

235 4839 303 4901 iore
333 4836 414 4901 adeo
444 4845 585 4902 atroeem
609 4833 672 4901 Dei
702 4835 878 4900 vindiotam
908 4835 1065 4901 adversus
1093 4855 1206 4900 omnes
1257 4837 1338 4901 tiae:
1361 4855 1420 4902 neo
1442 4834 1577 4901 dubium
1599 4840 1651 4900 est
1667 4835 1745 4916 quin
1767 4833 1936 4900 ferventer
1957 4833 2165 4899 inaubuerint
2186 4832 2229 4897 ad

236 4921 383 5005 populos,
405 4930 444 4984 ιιι
466 4933 538 5001 post
561 4921 753 4986 diuturnum
776 4931 904 5002 tempus
928 4927 1084 4984 maneant
1106 4920 1204 4985 vesti·
1257 4920 1475 4986 defensionem
1499 4939 1578 4987 suas
1600 4919 1727 4986 salutis.
1768 4918 1843 4985 Hoo
1865 4919 1967 5002 igitur
1996 4917 2058 4983 luit
2079 4938 2227 4996 renuere,

236 5007 305 5090 gia:
340 5005 611 5088 quamadmodum
646 5006 720 5088 quis
756 5005 864 5070 ebrius
897 5026 962 5069 non
1001 5005 1101 5086 possit
1137 5013 1206 5069 tota
1257 5005 1296 5071 de
1318 5025 1381 5089 quo
1404 5025 1491 5072 nuno
1512 5005 1657 5088 loquitur
1679 5003 1846 5087 propheta.
1890 5003 1976 5070 Nam
1999 5023 2101 5085 quum
2124 5002 2229 5069 hostis

237 5101 341 5168 noete,
368 5100 401 5154 et
422 5100 491 5154 toto
515 5089 566 5154 die
588 5090 742 5156 exhalare
763 5089 948 5172 crapulam,
977 5089 1034 5154 sed
1056 5088 1206 5170 stupidus
1257 5110 1430 5174 aggressus
1452 5101 1501 5157 eat
1523 5089 1692 5165 Moabitas,
1714 5108 1781 5153 non
1800 5089 1911 5154 statim
1934 5097 2119 5154 osaserunt:
2142 5087 2228 5153 idem

237 5178 281 5241 sit
304 5194 407 5256 usque
429 5173 469 5238 ad
492 5174 644 5254 taedium,
668 5175 721 5241 vel
744 5175 842 5239 etiam
861 5174 1053 5257 phrenetide
1070 5174 1203 5239 laboret.
1256 5177 1353 5240 etiam
1375 5174 1448 5240 aliis
1470 5176 1617 5258 oontigit.
1650 5175 1761 5258 'Pyxus
1783 5186 1854 5240 erat
1871 5175 1938 5240 iere
1955 5173 2228 5257 inexpugnabilis.

236 5259 312 5326 Hoo
333 5259 418 5325 idem
442 5259 597 5344 intelligit
619 5260 795 5345 propheta,
822 5278 923 5341 quum
946 5258 1040 5337 dioit,
1064 5257 1115 5323 Ne
1134 5279 1205 5324 artr-
1257 5260 1340 5326 lirat
1367 5260 1453 5325 enim
1484 5261 1548 5326 sita
1576 5261 1611 5324 in
1645 5259 1751 5325 medio
1784 5259 1884 5324 mari:
1917 5258 2005 5324 unde
2037 5258 2231 5326 faoillimum

337 5360 448 5417 Ouleieu
463 5375 557 5431 opera
588 5360 649 5416 Vol.
664 5361 847 5416 XXXVIII.
1991 5358 2026 5414 32
