5134 6124
224 434 286 500 277
926 431 975 498 IN
998 431 1247 498 IERuMIAM.
1288 430 1387 497 OAP.
1410 431 1524 498 XVII.
2165 439 2227 506 278

308 625 358 690 14.
391 622 480 690 Sana
502 643 550 688 me
572 622 720 706 laboral,
747 621 947 689 decoctor:
975 641 1066 688 ιινια
1087 626 1194 700 meet
1247 618 1363 704 gratia.
1401 619 1486 685 Nam
1509 621 1633 688 sanitas
1655 623 1736 689 haec
1758 624 1836 706 quid
1859 623 1947 691 aliud
1971 633 2030 710 est,
2055 647 2154 710 quam
2177 630 2227 694 iu·

219 711 327 776 colvm
349 729 406 789 ero,
429 710 506 792 quio
527 707 599 775 laus
620 729 689 776 oreo
710 714 744 774 lu
766 729 808 775 ea.
1248 706 1383 789 tegritas
1406 703 1516 770 vitae?
1539 710 1630 789 quasi
1651 708 1781 787 diceret,
1805 710 1946 778 Domine
1965 733 2029 777 non
2048 724 2099 778 est
2117 734 2227 781 meum

1248 792 1332 856 tueri
1354 792 1390 855 in
1412 811 1465 856 mc
1485 792 1707 876 integritatem
1730 815 1829 877 quam
1853 798 2002 880 requiris.
2047 797 2119 864 Iam
2149 821 2227 883 ergo

304 881 370 946 Hic
393 881 553 981 propheta
575 883 666 966 quasi
690 881 882 966 perterritus
900 879 1119 945 absconditae
1134 879 1194 945 sub
1247 877 1301 943 hio
1325 876 1411 952 dicit,
1447 876 1537 944 Sarra
1558 899 1615 958 me,
1644 885 1672 944 et
1692 885 1766 946 luae
1786 881 1928 948 sormbor.
1975 882 2102 949 Deinde
2126 907 2226 968 quum

220 967 290 1033 elas
313 965 384 1046 Dei,
407 988 559 1050 quomam
585 965 715 1032 videbat
737 966 857 1051 passim
881 967 1022 1048 grassari
1045 964 1196 1032 doieotio
1249 963 1289 1029 de
1316 961 1421 1028 saluta
1453 962 1613 1046 loquitur,
1646 987 1712 1031 non
1747 967 1881 1032 dubium
1915 979 1966 1034 est
1998 970 2080 1052 quin
2113 973 2227 1038 testari

220 1073 313 1132 uam,
347 1065 381 1118 et
410 1072 506 1118 omne
536 1074 640 1138 genus
668 1052 829 1119 scelerum
859 1051 894 1115 in
925 1062 1030 1116 terra:
1065 1050 1196 1116 videbat
1248 1049 1328 1115 velit
1360 1069 1426 1113 uon
1460 1049 1609 1116 sufficere
1642 1053 1670 1116 ιι
1702 1050 1865 1118 Dominus
1904 1054 2006 1120 semel
2047 1055 2100 1120 vel
2134 1057 2226 1124 brevi

219 1139 409 1223 praecipuos
437 1159 582 1223 quosque
610 1159 688 1206 suae
716 1139 824 1224 gentis
853 1157 925 1202 esse
950 1138 1103 1204 scelestos
1130 1136 1196 1202 Dei
1249 1143 1395 1217 tempore
1416 1135 1510 1200 nobis
1528 1136 1714 1217 auxilietur,
1736 1138 1801 1204 nisi
1818 1150 1933 1222 perget
1948 1161 2051 1224 usque
2066 1143 2098 1205 in
2115 1143 2224 1210 linem.

219 1235 474 1308 contemptores,
514 1235 548 1291 et
587 1226 714 1291 tautum
753 1222 897 1288 inaniter
934 1223 1055 1290 iactare
1092 1243 1195 1304 genus
1247 1220 1338 1305 Ergo
1362 1231 1428 1284 tam
1451 1220 1580 1286 initium
1604 1243 1702 1306 quam
1719 1225 1819 1290 totius
1833 1245 1949 1292 cursus
1964 1227 2079 1293 salutis
2094 1239 2227 1295 nostrae

99 1327 105 1338 ·
219 1329 333 1376 suum:
367 1312 491 1376 interea
518 1320 625 1376 autem
656 1331 727 1376 esse
748 1309 838 1374 omni
860 1307 969 1373 studio
996 1309 1140 1375 iustitiae
1162 1317 1195 1373 et
1248 1326 1457 1389 progressum
1481 1306 1534 1372 hic
1556 1306 1628 1374 Deo
1651 1309 1773 1376 tribuit.
1818 1310 1914 1378 Unde
1936 1313 2095 1396 sequitur,
2117 1314 2151 1378 in
2174 1317 2226 1379 ui·

218 1396 425 1462 rectitudinis
447 1417 576 1464 vacuos.
622 1395 733 1477 Quum
755 1416 833 1479 ergo
854 1393 982 1460 videret
1004 1403 1126 1460 terram
1149 1393 1195 1460 ita
1248 1391 1352 1458 hilum
1375 1391 1479 1474 redigi
1502 1393 1658 1476 quidquid
1680 1393 1855 1478 Sophistae
1881 1398 2031 1481 garriunt
2053 1396 2093 1464 de
2122 1398 2225 1466 libero

218 1483 371 1548 iniectam
395 1503 474 1560 esse,
505 1503 547 1547 ue
569 1482 609 1548 ad
632 1483 739 1565 ipsum
762 1500 864 1564 usque
887 1488 1074 1563 penetraret
1096 1480 1195 1558 lebes,
1248 1477 1391 1545 arbitrio.
1442 1477 1607 1544 Fateatur
1634 1479 1765 1563 quidem
1795 1503 1861 1548 non
1889 1504 1961 1550 esse
1990 1485 2024 1550 in
2055 1484 2224 1551 hominum

219 1567 427 1634 commendet
448 1589 482 1634 se
505 1568 592 1633 Deo:
628 1568 722 1650 quasi
744 1567 879 1646 diceret,
912 1564 1000 1646 Quid
1028 1567 1087 1631 fiat
1114 1565 1195 1630 mihi
1219 1577 1223 1718 q
1248 1573 1407 1648 potestate
1435 1585 1470 1630 se
1499 1566 1586 1646 ipsos
1614 1586 1762 1632 servare:
1796 1567 1854 1633 sed
1882 1577 1995 1650 postea
2023 1567 2158 1636 diruunt
2187 1591 2225 1638 ec

219 1653 384 1719 Domine?
425 1674 485 1737 ego
524 1655 612 1720 enim
648 1653 700 1720 bic
733 1653 869 1719 obrutus
903 1673 975 1717 sum
1009 1651 1194 1728 sceleribus,
1248 1658 1402 1716 evertunt
1431 1650 1517 1732 quod
1545 1649 1700 1716 videntur
1730 1653 1837 1718 fateri.
1883 1655 2006 1721 Dicunt
2034 1657 2121 1721 enim
2149 1676 2225 1724 con·

219 1760 410 1823 quocunque
433 1749 635 1805 mavortem
664 1738 747 1804 nihil
775 1738 903 1821 reperio
933 1738 1020 1820 quod
1051 1758 1114 1803 non
1145 1757 1195 1802 me
1247 1754 1380 1800 currere
1413 1736 1550 1818 spiritus
1584 1739 1726 1821 gretiam
1760 1759 1834 1805 oum
1868 1739 1971 1806 libero
2004 1741 2157 1822 arbitrio,
2191 1751 2224 1808 et

219 1824 360 1909 abripiat
381 1834 415 1890 ιι
435 1825 606 1891 abstrahat
626 1847 646 1889 e
668 1825 788 1909 pietate
810 1833 843 1889 et
865 1825 993 1890 siucero
1015 1822 1104 1890 cultu
1137 1845 1194 1889 no·
1247 1820 1415 1887 hominem
1438 1841 1473 1886 se
1495 1823 1602 1904 ipsum
1625 1844 1774 1890 servaro:
1809 1823 1916 1890 Deum
1948 1847 2026 1892 vero
2047 1830 2222 1911 cooperari.

217 1911 318 1976 minis
338 1911 396 1977 tui.
430 1910 520 1992 Quid
544 1931 622 1995 ergo
645 1912 672 1976 si
695 1931 747 1976 me
770 1909 924 1976 deseras?
948 1930 1064 1993 nempe
1082 1912 1193 1974 stetim
1249 1906 1314 1974 Sed
1338 1905 1419 1972 illud
1442 1908 1650 1992 nugatorium
1673 1915 1738 1974 est:
1773 1911 1849 1993 quia
1873 1911 2032 1995 propheta
2061 1934 2126 1979 non
2150 1921 2223 1979 tan·

218 1997 377 2080 abripior,
408 2006 441 2062 et
463 2009 570 2063 actum
593 1997 657 2063 erit
679 1995 719 2063 de
741 2017 808 2072 me,
838 1996 994 2078 quoniam
1023 1995 1115 2061 nulla
1144 2003 1195 2059 est
1247 2004 1318 2058 tum
1337 1992 1391 2060 hic
1413 1992 1567 2075 implorat
1589 1997 1762 2078 suppetiae,
1792 2005 1830 2061 ut
1852 1997 1942 2062 Deus
1963 2008 2132 2064 succurrat
2154 2001 2225 2066 eius

217 2085 252 2147 iu
275 2092 344 2148 tota
366 2091 454 2149 terra
477 2084 575 2162 salus,
599 2103 703 2166 neque
726 2082 793 2148 ulle
816 2082 959 2147 sanitas:
983 2079 1193 2163 quemadmo·
1247 2078 1441 2154 infirmitati,
1464 2079 1520 2145 sed
1545 2081 1665 2147 latetur
1686 2080 1748 2148 hoc
1771 2084 1869 2148 unius
1888 2083 1950 2148 Dei
1972 2104 2052 2164 esse,
2074 2095 2112 2148 ut
2130 2105 2225 2150 saue·

219 2167 295 2234 dom
319 2168 345 2232 si
370 2181 537 2253 grassetur
560 2170 671 2252 pestis,
693 2169 738 2233 ita
761 2178 797 2234 ut
817 2188 912 2233 nomo
930 2165 1046 2232 audeat
1064 2165 1194 2249 prodire
1247 2174 1301 2229 tur
1324 2173 1357 2228 et
1379 2165 1492 2230 salvus
1515 2166 1580 2232 liet.
1624 2168 1670 2233 Et
1692 2167 1754 2234 hoc
1776 2167 1884 2234 adhuo
1905 2169 2023 2234 melios
2050 2173 2225 2236 confirmat

217 2255 252 2318 in
275 2254 429 2330 medium,
453 2276 495 2319 ue
516 2255 638 2320 sentiat
657 2253 779 2338 aliquid
795 2253 1006 2337 contagionis.
1040 2252 1193 2318 Itaenim
1247 2271 1346 2332 quum
1370 2249 1458 2329 dicit,
1484 2251 1534 2316 Tu
1556 2272 1588 2318 es
1608 2253 1682 2320 laus
1700 2273 1779 2319 mea.
1823 2253 1909 2319 Nem
1931 2255 1978 2319 ιιι
2002 2256 2167 2337 praedicet
2190 2279 2225 2324 se
2281 2253 2284 2262 '

217 2340 378 2423 propheta
398 2339 460 2406 hoc
481 2341 550 2406 loco
580 2340 659 2406 dum
689 2339 779 2406 videt
807 2348 908 2404 totam
937 2351 1058 2403 terram
1086 2339 1194 2420 inqui·
1247 2337 1327 2403 nihil
1357 2357 1491 2419 prorsus
1519 2338 1653 2419 afferre,
1686 2339 1744 2404 sed
1772 2339 1954 2405 adscribere
1983 2339 2056 2406 Deo
2083 2341 2221 2408 solidam

218 2435 328 2490 netem
352 2446 423 2492 esse
444 2426 629 2502 sceleribus,
653 2435 691 2490 ut
712 2425 822 2490 nullus
841 2423 983 2509 angulus
998 2425 1041 2489 sit
1056 2425 1194 2507 integer,
1246 2422 1376 2488 leudem
1409 2442 1489 2488 suae
1520 2424 1646 2492 salutis.
1699 2424 1870 2506 Quomodo
1903 2428 1991 2490 enim
2026 2427 2117 2493 Deus
2151 2428 2222 2494 leus

218 2511 365 2596 confugit
398 2510 439 2578 ed
463 2512 526 2577 Dei
554 2511 726 2588 auxilium,
762 2520 796 2576 at
824 2509 920 2591 dicit,
953 2509 1096 2575 Domine
1126 2529 1194 2574 non
1247 2518 1361 2574 nostra
1382 2529 1453 2574 esso
1475 2507 1594 2575 dicitur
1616 2511 1681 2576 nisi
1704 2512 1758 2576 ubi
1781 2511 1963 2594 gloriemur
1984 2511 2019 2576 in
2043 2512 2115 2595 ipso
2133 2512 2220 2579 solo?

217 2617 349 2680 possum
383 2618 453 2662 esse
480 2599 592 2664 salvus
621 2599 683 2663 nisi
717 2617 769 2662 me
800 2617 926 2674 serves,
960 2615 1025 2662 non
1059 2615 1192 2679 possum
1246 2593 1516 2678 quemadmodum
1548 2595 1671 2662 dictum
1704 2597 1765 2661 luit
1798 2616 1883 2662 nono
1912 2597 2027 2680 capite.
2072 2598 2160 2664 Nam
2193 2599 2222 2664 si

219 2703 289 2748 esse
310 2684 440 2768 integer
461 2684 524 2748 nisi
546 2684 603 2749 abs
635 2695 667 2748 te
696 2683 740 2748 eit
769 2703 842 2747 mea
868 2682 1052 2766 integritas.
1096 2681 1193 2747 Nunc
1247 2680 1298 2745 rel
1323 2679 1487 2746 tantillum
1510 2680 1572 2747 sibi
1602 2693 1757 2766 arrogant
1787 2683 1951 2761 homines,
1985 2703 2052 2749 non
2081 2695 2222 2768 possunt

217 2777 367 2835 tenemus
389 2770 563 2835 consilium
584 2769 778 2853 prophetae,
811 2778 843 2834 et
865 2769 1024 2850 quomodo
1047 2767 1101 2834 hio
1123 2788 1193 2832 ver·
1245 2785 1361 2832 vocare
1394 2764 1504 2832 Deum
1537 2765 1667 2834 laudem
1700 2789 1803 2834 suam.
1854 2769 1944 2852 Ergo
1978 2769 2139 2852 propheta
2167 2771 2221 2836 hio

217 2875 273 2920 sus
295 2875 369 2920 cum
394 2856 466 2920 eliis
487 2856 671 2922 cohaereat.
715 2856 829 2921 Primo
852 2853 947 2930 dicit,
978 2852 1067 2919 Seno
1087 2857 1193 2920 meet
1245 2851 1401 2935 agnoscit,
1425 2852 1507 2916 nihil
1531 2852 1591 2918 sibi
1614 2864 1786 2936 suppetere
1805 2852 1845 2918 ad
1862 2854 2017 2920 tuendam
2033 2855 2220 2934 sanitatem,

216 2940 364 3017 ιαιιιιον,
393 2942 485 3024 quasi
508 2942 630 3007 diceret
651 2961 686 3007 se
708 2941 773 3006 iem
796 2959 867 3005 esse
889 2936 1083 3014 morbidum,
1116 2939 1193 3022 quia
1245 2937 1301 3002 sed
1324 2936 1384 3004 hoc
1407 2947 1511 3002 totum
1535 2959 1605 3004 esse
1634 2940 1668 3004 in
1693 2939 1763 3004 Deo
1792 2939 1942 3024 positum.
1989 2940 2116 3006 Deinde
2145 2961 2222 3006 oon·

217 3029 420 3092 contraxerit
441 3025 548 3093 labem
579 3049 598 3092 a
620 3047 776 3110 perversa
804 3024 1048 3091 consuetudine.
1095 3023 1192 3090 Sani·
1244 3021 1355 3087 firmat
1378 3043 1469 3106 spem
1493 3042 1596 3105 suem,
1620 3034 1656 3089 ut
1678 3045 1743 3091 uon
1766 3024 1893 3092 dubitet
1914 3026 2103 3092 exauditum
2127 3027 2222 3092 seiri

217 3121 318 3176 tatem
342 3132 420 3196 argo
442 3115 570 3195 quaerit
591 3114 625 3178 in
648 3113 717 3179 solo
739 3111 804 3177 Dei
829 3110 967 3188 auxilio,
997 3116 1030 3174 et
1059 3109 1191 3192 quidem
1245 3107 1371 3188 aDeo,
1400 3108 1477 3190 quia
1499 3119 1634 3191 quaerat
1656 3110 1691 3174 in
1719 3111 1789 3194 ipso
1818 3110 1975 3193 quidquid
2007 3111 2047 3175 ad
2078 3111 2221 3178 sulutem

217 3196 387 3280 singulari.
430 3197 506 3279 Quo
528 3219 626 3264 sensu
650 3209 761 3280 postea
791 3195 895 3275 addit,
924 3201 996 3260 ιιιιιι
1016 3196 1138 3261 mm
1159 3215 1193 3260 se
1244 3203 1315 3258 eret
1348 3193 1577 3260 necessarium.
1620 3196 1709 3280 Ergo
1742 3197 1784 3262 sit
1818 3195 1912 3261 nobis
1945 3195 2026 3262 baec
2059 3199 2221 3281 generalis

214 3284 283 3364 fore
303 3281 434 3362 sobam,
463 3285 494 3349 si
516 3305 536 3349 a
559 3283 627 3350 Deo
648 3289 795 3349 rander.
840 3281 1016 3347 Caeterum
1039 3280 1193 3347 docemur
1244 3278 1374 3364 regula,
1408 3278 1437 3346 ei
1466 3279 1618 3346 volumus
1646 3283 1822 3364 impetrare
1851 3290 1884 3347 et
1913 3283 2045 3347 initium
2068 3293 2101 3348 ιι
2123 3285 2222 3350 finem

217 3369 269 3434 hia
292 3367 410 3447 verbis,
434 3368 513 3434 dum
536 3367 655 3451 ubique
677 3388 712 3434 se
733 3369 889 3452 ingerunt
910 3365 1080 3444 scaudala,
1110 3375 1192 3434 tono
1244 3365 1361 3432 salutis
1394 3365 1434 3432 ab
1467 3385 1506 3431 eo
1540 3366 1747 3432 tribuendam
1780 3367 1810 3431 ei
1844 3387 1915 3433 esse
1951 3367 2083 3434 laudem
2116 3390 2220 3449 suem,

216 3454 338 3520 maiore
367 3455 473 3520 studio
507 3464 540 3519 et
573 3454 689 3520 ardore
722 3451 938 3519 invocandum
973 3474 1043 3518 esse
1070 3452 1190 3518 Deum.
1244 3471 1361 3535 nempe
1384 3451 1478 3517 utin
1500 3451 1572 3536 ipso
1595 3454 1663 3518 solo
1685 3452 1871 3536 gloriemur.
1908 3452 1945 3519 Si
1969 3473 2047 3537 ergo
2070 3455 2220 3538 agnosci·

216 3539 301 3604 Nem
325 3540 462 3623 quisque
484 3549 633 3605 nostrum
659 3539 740 3605 satis
770 3538 831 3605 sibi
859 3539 1010 3604 conscius
1039 3549 1088 3604 est
1117 3558 1191 3622 pro-
1245 3558 1318 3602 mus
1351 3559 1411 3603 nos
1449 3536 1584 3603 destitui
1621 3539 1772 3605 omnibus
1811 3539 1942 3605 virtutis
1983 3540 2147 3620 partibus,
2189 3551 2221 3605 et

216 3626 307 3707 priae
329 3627 547 3692 infirmitatis:
581 3626 730 3691 etiamsi
757 3625 969 3709 pugnandum
999 3646 1065 3690 non
1094 3633 1191 3702 esset,
1244 3623 1364 3689 conscii
1387 3623 1461 3688 talis
1489 3623 1645 3706 penuriae
1679 3624 1887 3708 confugimus
1917 3624 1957 3690 ad
1979 3623 2099 3705 Deum,
2130 3624 2222 3692 haud

215 3722 327 3776 tamen
352 3712 465 3779 levites
487 3721 601 3777 nostra
624 3733 691 3776 non
713 3711 912 3794 patiturnos
928 3711 1076 3794 integros
1094 3721 1190 3776 stare.
1244 3707 1340 3774 dubie
1362 3709 1583 3774 obtinebimus
1605 3709 1762 3792 quidquid
1785 3731 1866 3792 opus
1897 3711 1968 3775 erit.
2015 3708 2081 3776 Sed
2113 3711 2141 3776 si
2171 3712 2221 3776 in-

215 3795 305 3877 Qnid
350 3799 451 3882 igitur
491 3819 591 3881 quum
634 3796 735 3864 Satan
776 3805 946 3880 oppugnat
989 3796 1191 3880 gravissimis
1244 3794 1313 3859 fleti
1346 3815 1460 3860 sumus
1489 3794 1599 3877 aliqua
1631 3796 1782 3877 opinione
1816 3797 1965 3878 propriae
1999 3796 2129 3862 virtutis
2163 3807 2221 3862 eut

214 3883 376 3949 machinis
397 3883 494 3948 fidem
520 3883 687 3950 nostram?
734 3883 823 3967 Ergo
846 3891 945 3964 quom
968 3883 1079 3947 omnia
1101 3881 1190 3946 ride·
1243 3880 1401 3955 iustitiae,
1431 3879 1541 3946 clausa
1563 3888 1613 3947 eat
1634 3880 1728 3946 uobis
1750 3882 1857 3946 ianua.
1901 3880 1999 3948 Nunc
2028 3902 2107 3966 ergo
2129 3882 2219 3948 ride·

216 3987 290 4033 mus
313 3969 347 4033 in
370 3969 491 4035 mundo
515 3991 603 4036 nuuc
625 3978 794 4054 corrupte,
826 3977 925 4050 atque
946 3967 993 4032 ita
1015 3987 1109 4050 posse
1132 3989 1190 4032 nos
1244 3986 1317 4030 mus
1339 3965 1417 4048 quid
1442 3964 1547 4031 valeat
1569 3965 1649 4032 baec
1672 3967 1894 4046 confirmatio,
1928 3987 2047 4066 nempe
2069 3978 2107 4033 ut
2128 3977 2219 4036 oerto

215 4052 305 4119 mille
334 4053 440 4119 modis
468 4056 615 4121 abstrahi
642 4077 660 4120 a
689 4073 767 4120 vero
795 4055 859 4120 Dei
887 4052 991 4119 cultu:
1026 4050 1191 4118 discemus
1243 4058 1389 4116 statuant
1410 4050 1532 4130 fideles,
1555 4074 1590 4118 se
1612 4053 1648 4117 in
1662 4051 1734 4117 Deo
1750 4061 1938 4136 reperturos
1958 4050 2116 4136 quidquid
2138 4054 2219 4136 ipsis

215 4139 366 4222 oxemplo
389 4139 565 4222 prophetae
587 4157 646 4206 nos
664 4139 861 4206 abscondere
884 4138 944 4204 sub
965 4137 1030 4204 Dei
1052 4137 1130 4215 alas,
1158 4147 1191 4204 et
1244 4135 1350 4202 deest:
1373 4137 1528 4219 quoniam
1550 4137 1672 4205 scilicet
1695 4159 1758 4204 uon
1780 4139 1960 4204 obscurant
1982 4135 2047 4203 Dei
2069 4139 2218 4223 gloriam,

215 4237 326 4306 petere
348 4234 384 4289 ut
406 4226 474 4308 ipse
497 4245 555 4290 nos
578 4236 686 4291 senet:
710 4225 787 4309 quia
808 4227 931 4292 erimus
954 4245 1012 4290 nos
1034 4245 1102 4290 una
1120 4241 1192 4288 tan·
1243 4222 1276 4287 in
1300 4243 1335 4287 se
1357 4222 1583 4290 transferendo
1605 4222 1691 4306 quod
1713 4224 1782 4290 eius
1805 4225 1973 4307 proprium
1996 4234 2063 4290 est:
2093 4223 2151 4290 sed
2170 4225 2220 4292 fe·

217 4319 287 4376 tum
307 4311 340 4374 in
364 4310 471 4392 specie
493 4311 610 4391 vitiosi,
631 4311 688 4376 sed
712 4310 834 4377 multeo
857 4311 1061 4393 corruptelae
1079 4310 1191 4376 statim
1243 4317 1355 4375 tantur
1375 4310 1409 4374 iu
1432 4311 1502 4392 ipso
1526 4310 1668 4376 residere
1687 4308 1772 4391 quod
1794 4310 1829 4374 iu
1861 4331 1895 4376 se
1923 4311 2002 4393 ipsis
2034 4331 2097 4376 nou
2127 4311 2218 4376 inve·

215 4416 275 4463 nos
297 4403 505 4474 consument,
539 4396 604 4462 nisi
630 4398 716 4462 Deus
738 4399 808 4480 ipsc
835 4417 931 4481 opem
961 4397 1053 4462 ierat.
1099 4397 1190 4482 Ergo
1243 4395 1349 4461 niunt.
1395 4395 1707 4477 Reliquadifferam
1730 4395 1980 4461 incrastinum.

215 4500 278 4563 quo
301 4481 441 4548 deterior
463 4489 514 4549 est
536 4482 685 4560 mundus,
709 4492 743 4548 ct
765 4504 829 4565 quo
848 4485 951 4549 maior
967 4493 1016 4548 est
1030 4482 1189 4548 scelerum

215 4567 356 4648 licentia,
379 4588 417 4633 eo
439 4567 543 4651 magis
566 4589 624 4632 nos
647 4568 727 4634 baec
742 4571 919 4637 necessitas
935 4567 976 4635 ad
992 4567 1190 4652 precandum
1331 4566 1381 4632 15.
1412 4566 1491 4633 Ecce
1512 4565 1577 4646 ipsi
1598 4565 1706 4631 ιιιιιιιιι
1726 4565 1819 4643 milri,
1857 4563 1918 4634 Ubi
1939 4573 1985 4634 ost
2005 4587 2106 4634 aomo
2128 4567 2218 4634 leto·

215 4651 382 4732 sollicitet,
414 4663 452 4718 ut
473 4653 565 4720 Deus
586 4654 778 4720 mirabiliter
800 4676 860 4721 nos
882 4664 1068 4732 conservet,
1098 4653 1190 4737 quasi
1241 4653 1321 4719 coe?
1344 4654 1448 4719 ιιιιαι
1467 4671 1557 4716 uuae.
1965 4657 1969 4662 ’

214 4738 250 4801 in
282 4736 363 4819 ipsis
394 4739 517 4806 inferis.
563 4738 738 4823 Colligitur
770 4741 868 4806 etiam
902 4763 943 4806 ex
976 4738 1088 4807 eodem
1121 4739 1191 4804 loeo

215 4821 364 4889 doctrina
395 4825 573 4908 generalis,
608 4824 681 4890 Non
715 4846 786 4891 osse
820 4828 854 4890 in
887 4826 1029 4892 hominis
1056 4825 1191 4891 arbitrio
1327 4823 1392 4890 Hic
1422 4821 1631 4905 conqueritur
1653 4822 1810 4888 Ieremias
1841 4821 1881 4888 do
1910 4823 2073 4889 obstinato
2104 4824 2218 4907 populi

215 4919 302 4974 stare
324 4909 378 4973 vel
400 4931 435 4975 se
456 4910 541 4976 tueri
562 4911 760 4977 incolumem
783 4919 820 4976 ut
837 4909 946 4978 salvus
964 4913 1016 4995 sit,
1039 4911 1095 4977 sed
1120 4930 1191 4977 esse
1243 4915 1442 4991 contemptu.
1478 4907 1562 4972 Nem
1585 4917 1739 4991 expertus
1761 4908 1870 4974 iuerat
1892 4929 1955 4975 non
1978 4909 2084 4974 solum
2103 4909 2217 4974 immo-

215 4994 382 5078 siugulare
407 4996 468 5061 Dei
492 4998 691 5062 beneficium.
737 4994 821 5063 Nam
845 4998 873 5064 si
896 5017 959 5080 qua
981 5007 1068 5062 esset
1088 4995 1191 5061 homi·
1243 4995 1384 5078 rigores,
1418 4992 1474 5058 sed
1505 4994 1603 5058 etiam
1631 5004 1803 5076 protervos
1838 4995 1997 5060 adversus
2026 4992 2151 5073 Deum,
2183 5003 2219 5059 ut

215 5080 268 5144 nis
291 5081 426 5146 facultas
448 5082 489 5146 ad
512 5082 779 5163 asservandum,
808 5091 845 5148 ut
866 5083 988 5148 scilicet
1010 5082 1136 5165 integer
1159 5089 1192 5145 et
1244 5100 1307 5144 oon
1338 5078 1524 5145 dubitarent
1550 5079 1648 5145 fidem
1679 5079 1835 5164 abrogare
1866 5079 2015 5146 omnibus
2044 5081 2217 5158 vaticiniis,

215 5165 405 5248 impollutus
429 5177 559 5232 maneat
580 5169 667 5233 inter
689 5168 907 5251 corruptelas:
930 5177 1017 5235 certa
1035 5167 1192 5234 Ieremias
1244 5165 1476 5250 promissiones
1498 5162 1714 5250 vilipendere,
1746 5167 1853 5230 minas
1882 5165 1979 5230 etiam
2003 5186 2118 5232 secure
2141 5167 2216 5232 reii-

215 5250 384 5334 preeditus
407 5251 522 5318 inisset
545 5253 629 5318 dono
651 5253 716 5320 illo.
759 5255 860 5336 Atqui
883 5253 1007 5320 fatetur
1028 5272 1191 5336 nusquam
1243 5271 1325 5318 cere.
1370 5249 1510 5333 Saepius
1533 5253 1701 5317 minitatus
1724 5250 1790 5316 illis
1813 5250 1921 5315 iuerat
1942 5251 2119 5334 prophete:
2152 5254 2216 5318 iam

216 5355 287 5402 esse
309 5357 401 5423 spem
424 5338 574 5405 sanitatis
597 5350 630 5404 et
652 5340 777 5418 salotis,
805 5341 868 5406 nisi
890 5340 925 5404 in
948 5339 1104 5423 peculiari
1128 5337 1191 5403 Dei
1243 5356 1341 5421 quum
1371 5335 1464 5402 Deus
1497 5345 1688 5421 prorogaret
1721 5336 1786 5402 illis
1819 5342 1963 5418 tempus,
1997 5338 2220 5404 abutebantur

1962 5439 2011 5494 18*
