5158 6124
206 464 271 530 349
924 464 974 530 IN
997 461 1246 528 IEREMIAM.
1292 462 1391 529 CAP.
1414 459 1493 528 XX.
2147 465 2212 532 350

208 675 307 740 qnam
344 655 441 721 multi
485 652 675 737 persequuti
712 651 836 718 fuerint
871 658 1020 717 sanetum
1058 651 1183 715 virum:
1237 649 1308 717 Sub
1330 671 1449 716 renum
1470 651 1602 716 nomine
1625 650 1767 716 Hebraei
1790 652 2075 735 comprehendunt
2097 672 2211 722 omnes

210 741 327 809 deinde
361 742 479 826 quibus
517 741 618 806 armis
656 739 809 805 instructi
849 747 975 804 assent:
1018 735 1185 819 pollebant
1238 758 1353 804 sensus
1383 736 1577 802 reconditos.
1622 738 1711 820 Ergo
1741 737 1802 803 hoc
1831 738 2001 804 exordium
2031 741 2210 806 tenendum

210 832 298 897 enim
328 848 449 912 magna
479 825 635 909 potentia,
664 824 782 891 deinde
810 822 950 908 praediti
979 831 1074 888 erant
1103 820 1186 887 dolis
1237 822 1406 907 estquod
1433 822 1556 890 scilieet
1586 824 1746 906 propheta
1773 824 1860 906 apud
1891 845 1925 890 se
1953 827 2109 910 agnoscit,
2140 827 2210 892 Deo

210 928 244 983 et
272 914 409 981 insidiis.
460 911 630 995 Propheta
660 920 771 976 autem
803 918 976 977 contentus
1009 919 1059 975 est
1089 908 1186 974 unius
1237 931 1301 975 non
1325 929 1419 992 pesse
1442 909 1550 975 laeum
1574 910 1654 986 tisri,
1677 918 1710 974 et
1733 908 1881 976 homines
1903 910 2063 977 fallaciter
2085 912 2210 997 agendo

209 1003 274 1068 Dei
296 999 429 1080 auxilio,
452 1008 485 1064 et
502 997 664 1080 intrepide
682 997 807 1080 colligit
828 997 914 1078 ipsae
933 995 1088 1060 meteres.-
1110 994 1187 1076 quia
1238 995 1321 1060 nihil
1342 993 1428 1078 apud
1451 1015 1527 1060 eum
1556 996 1722 1079 proficere,
1752 998 1905 1078 quoniam
1932 1007 2081 1081 penetret
2108 1019 2209 1082 usque

209 1089 284 1154 ficri
318 1108 385 1152 non
418 1085 534 1169 possit,
568 1085 647 1167 quin
680 1082 773 1148 Deus
804 1083 952 1166 superior
985 1081 1037 1146 sit.
1093 1080 1183 1162 Ergo
1238 1083 1278 1146 ad
1301 1081 1434 1146 intimos
1456 1100 1581 1158 sensns,
1604 1092 1637 1145 et
1659 1080 1821 1147 discernat
1842 1084 1928 1148 inter
1945 1084 2156 1166 cogitationes
2177 1094 2210 1150 et

211 1175 339 1258 quotics
361 1172 455 1238 nobis
477 1169 693 1255 pugnandam
716 1169 779 1234 erit
800 1189 875 1235 cnm
897 1167 1030 1242 mundo,
1059 1173 1185 1232 etcum
1239 1168 1384 1232 affectus.
1423 1166 1584 1250 Adiungit
1603 1168 1783 1232 examinari
1804 1169 1901 1234 iactos
1923 1190 1944 1234 c
1967 1169 2044 1236 Dee.
2088 1169 2210 1236 Subest

210 1259 338 1327 diabolo
361 1259 434 1343 ipso
451 1258 586 1339 eiusque
603 1256 785 1339 mancipiis,
807 1255 870 1319 hoc
886 1254 992 1337 primo
1007 1253 1077 1318 loco
1093 1250 1186 1315 nobis
1239 1252 1419 1330 antithesis,
1441 1253 1517 1334 quia
1539 1251 1708 1318 hominum
1730 1253 1883 1320 iudicium
1907 1255 1974 1320 fere
1992 1267 2041 1321 est
2063 1258 2209 1322 oculare:

210 1353 369 1424 occurrat,
403 1343 514 1409 Deum
542 1351 629 1408 stare
657 1362 677 1406 a
704 1352 798 1424 parte
831 1349 952 1418 nostra,
986 1346 1023 1403 ut
1054 1357 1185 1403 causam
1209 1342 1212 1381 ¹
1238 1339 1295 1404 ubi
1323 1339 1409 1403 enim
1439 1347 1574 1420 apparet
1601 1339 1723 1420 speeies
1752 1338 1859 1423 aliqua
1886 1341 2065 1422 probitatis,
2099 1345 2210 1408 stetim

213 1442 358 1498 nostram
382 1428 544 1507 defendat,
568 1439 601 1493 et
622 1428 759 1492 salutem
776 1435 922 1492 nostram
942 1433 1081 1490 tueatur.
1114 1422 1186 1488 Hoc
1239 1424 1419 1490 absolvitur
1441 1424 1496 1507 qui
1524 1422 1601 1488 talis
1631 1437 1774 1508 apparet,
1803 1426 1901 1490 etiam
1929 1428 1957 1491 si
1985 1447 2040 1492 eor
2069 1429 2138 1493 eius
2167 1429 2210 1493 sit

211 1519 326 1603 posito,
347 1535 461 1582 secure
482 1514 714 1580 insultabimus
729 1520 762 1578 et
778 1510 948 1577 fraudibus
963 1526 996 1576 et
1011 1509 1186 1574 violentiae
1238 1511 1368 1594 duplex,
1392 1522 1424 1576 et
1442 1511 1600 1575 retortum
1615 1510 1720 1575 multa
1735 1513 1878 1592 perfidia.
1917 1511 2090 1596 Significat
2105 1515 2209 1597 igitur

211 1605 358 1670 emnium
382 1602 544 1667 hostium:
572 1601 647 1683 quia
670 1599 741 1664 fieri
764 1619 830 1663 nou
852 1607 970 1680 potest,
993 1599 1072 1679 quin
1094 1595 1187 1659 Deus
1239 1596 1407 1680 propheta,
1432 1597 1487 1661 ubi
1507 1607 1641 1661 ventum
1661 1607 1710 1661 est
1729 1598 1768 1660 ad
1785 1596 1928 1663 tribunal
1948 1599 2021 1679 Dei,
2044 1603 2209 1666 neminem

213 1690 359 1772 dissipet,
382 1695 578 1770 prosternat,
607 1694 745 1763 evertat,
772 1684 839 1748 imo
868 1684 967 1748 ctiam
996 1681 1124 1766 redigat
1152 1680 1186 1744 in
1239 1683 1305 1748 illie
1328 1683 1463 1765 absolvi,
1498 1682 1562 1746 uisi
1584 1683 1640 1764 qui
1663 1703 1718 1747 eor
1740 1704 1857 1765 purum
1888 1698 1920 1748 et
1942 1685 2103 1750 sinceram
2125 1687 2210 1750 inte-

213 1776 354 1841 nibilum
386 1794 441 1840 eos
469 1793 592 1848 omnes,
627 1773 683 1853 qui
716 1779 830 1836 contra
862 1771 969 1851 ipsam
998 1769 1186 1850 insurgunt.
1240 1770 1391 1854 gritatem
1422 1770 1547 1833 afferat.
1592 1767 1663 1832 Iam
1692 1770 1839 1853 exsurgit
1868 1769 1908 1833 ad
1940 1774 2095 1836 maiorem
2124 1773 2209 1836 fidn-

212 1861 259 1926 Ει
292 1861 372 1927 dicit
405 1859 606 1940 opprobriam
638 1877 699 1939 qao
730 1861 866 1942 tepenter
901 1856 969 1937 fore
1003 1858 1189 1936 perpetuam
1239 1857 1340 1920 ciam:
1371 1854 1450 1920 dicit
1478 1855 1563 1918 enim
1594 1874 1626 1918 ae
1653 1855 1799 1920 visarum
1827 1856 1974 1921 attonem
1996 1857 2068 1922 Dei.
2113 1858 2210 1924 Nune

212 1948 294 2030 qaod
323 1964 485 2028 nunquam
511 1945 546 2009 ia
567 1943 747 2008 ctiemeem
768 1943 874 2006 vectet.
918 1939 1071 2005 Vidimus
1101 1939 1187 2003 enim
1240 1961 1317 2025 ergo
1346 1939 1496 2005 videmus
1524 1939 1609 2004 unde
1638 1939 1796 2024 propheta
1825 1944 2009 2023 conceperit
2040 1944 2210 2010 materiam

210 2033 308 2116 paule
330 2041 408 2096 ante
429 2030 529 2094 etiam
551 2029 658 2112 ipsum
681 2027 872 2111 prophetam
895 2035 1063 2091 oneratum
1087 2024 1188 2089 luisse
1239 2026 1384 2102 fiduciae,
1414 2047 1531 2108 nempe
1560 2026 1637 2108 quia
1665 2028 1795 2109 penitus
1825 2048 1859 2092 se
1887 2027 1994 2110 ipsum
2024 2041 2212 2094 excusserat

212 2117 325 2184 multis
345 2115 562 2183 contumeliis.
596 2114 665 2182 Sed
684 2116 811 2197 quoties
830 2114 955 2197 patitur
970 2112 1061 2176 Deus
1076 2131 1188 2177 servos
1239 2113 1336 2196 idque
1358 2131 1466 2178 eoram
1489 2111 1579 2176 Deo:
1609 2132 1675 2176 non
1705 2111 1900 2179 adhibuerat
1919 2123 2019 2178 testes
2049 2115 2211 2180 duntaxat

211 2224 288 2270 suos
311 2203 467 2269 obnoxios
490 2223 561 2268 esse
581 2200 802 2266 maledictioni
819 2199 1052 2281 improborum,
1075 2205 1189 2280 postea
1240 2210 1395 2274 terrenos,
1417 2219 1522 2280 neque
1540 2198 1770 2264 conscenderat
1793 2198 1968 2278 theatrum,
1992 2212 2027 2265 ut
2045 2201 2213 2284 colligeret

213 2299 397 2375 opportune
426 2287 597 2366 succurrit,
622 2286 760 2370 ideoque
788 2295 876 2350 certo
909 2281 1121 2367 sperandum,
1151 2292 1188 2346 nt
1239 2284 1331 2369 vulgi
1353 2285 1518 2349 savorem:
1548 2285 1604 2349 sed
1627 2285 1749 2350 sciebat
1770 2303 1805 2349 se
1827 2284 1900 2350 Deo
1928 2306 1998 2351 esse
2028 2291 2210 2368 probatum,

213 2377 307 2442 brevi
331 2373 484 2442 disentiat
510 2380 668 2455 tanquam
697 2371 833 2438 nebulas
863 2390 977 2435 omnes
1003 2369 1076 2434 illas
1100 2368 1186 2433 vitu·
1239 2371 1325 2453 quod
1347 2378 1432 2434 essct
1455 2370 1602 2435 sincerus
1624 2381 1723 2452 atque
1749 2371 1886 2455 integer.
1921 2372 1966 2435 Et
1981 2373 2211 2438 meritesimul

212 2462 409 2545 parationes.
455 2459 618 2540 Quoniam
647 2459 750 2542 igitur
780 2457 886 2532 Deus,
914 2453 1187 2538 quemadmodum
1239 2456 1389 2540 adiungit
1405 2457 1487 2537 qaod
1502 2455 1571 2520 Dea
1583 2457 1764 2537 patefecerit
1780 2477 1909 2521 caueam
1926 2477 2028 2538 suam,
2044 2459 2098 2522 vel
2116 2459 2209 2524 litem

212 2549 332 2614 dieitur
364 2547 398 2612 in
432 2545 564 2611 Psalmo
598 2542 663 2630 (37,
693 2544 740 2630 6),
781 2542 931 2626 producit
967 2540 1185 2606 innocentiam
1240 2563 1342 2608 suam.
1387 2541 1513 2606 lterum
1535 2542 1646 2606 subest
1668 2541 1854 2608 antithesis:
1877 2564 1954 2608 nam
1976 2546 2032 2624 qui
2055 2544 2209 2609 feruntur

212 2634 341 2717 piorum
372 2633 478 2697 instar
506 2651 653 2706 aurorae,
684 2650 769 2712 quae
797 2638 962 2694 momento
991 2646 1057 2692 uno
1085 2645 1188 2692 emer·
1239 2648 1321 2693 aura
1342 2627 1497 2710 populari,
1522 2647 1585 2692 uon
1608 2638 1746 2710 possunt
1767 2631 1969 2712 acquiescere
1987 2631 2021 2693 iu
2044 2630 2103 2695 Dei
2126 2631 2209 2695 iudi-

213 2719 278 2803 git,
312 2719 390 2784 dum
424 2717 555 2784 videtur
592 2726 680 2781 terra
721 2714 814 2797 quasi
857 2713 1001 2780 tenebris
1041 2713 1186 2797 sepulta:
1239 2715 1296 2792 cio,
1330 2727 1363 2778 et
1392 2713 1524 2778 ambitio
1557 2733 1685 2795 semper
1719 2713 1865 2779 homines
1899 2715 2018 2797 abripit
2050 2723 2208 2798 tanquam

212 2805 284 2871 ideo
319 2825 360 2870 ex
393 2803 541 2888 opposito
572 2802 735 2886 propheta
765 2799 843 2865 dicit
876 2798 1076 2882 opprobriam
1107 2797 1188 2863 illac
1240 2809 1368 2874 ventus,
1400 2800 1445 2864 ita
1474 2811 1511 2863 ut
1533 2820 1597 2862 non
1618 2800 1653 2863 in
1676 2821 1711 2864 sc
1739 2802 1930 2866 consistant.
1975 2800 2064 2868 Hinc
2093 2804 2141 2884 tit,
2171 2813 2209 2866 ιιι

212 2897 371 2956 aeternam
389 2889 467 2972 scre,
497 2909 557 2970 pec
578 2889 669 2955 Deus
690 2888 807 2970 opertet
823 2905 925 2951 manee
946 2885 1070 2968 impios.
1115 2883 1187 2948 Iam
1240 2905 1304 2950 non
1327 2886 1437 2967 magni
1461 2884 1611 2966 ponderis
1633 2885 1677 2950 sit
1698 2885 1786 2968 apud
1807 2887 1894 2966 ipsos
1916 2887 1967 2952 vel
1990 2887 2208 2954 conscientiae

212 2977 371 3059 seqnitur,
1240 2971 1472 3047 testimonium,
1506 2970 1556 3034 vel
1590 2969 1745 3035 iudicium
1779 2969 1851 3036 Dei.
1902 2972 2070 3054 Propheta
2099 2983 2207 3038 autem

1239 3056 1318 3122 dicit
1338 3075 1371 3120 ee
1386 3057 1572 3138 patefecisse
1591 3075 1719 3122 caecam
1741 3077 1833 3122 wem
1853 3056 1932 3123 Deo.
1973 3057 2011 3123 Si
2033 3060 2104 3141 quis
2127 3060 2207 3124 obii·

298 3147 348 3211 12.
376 3145 420 3212 Et
441 3146 517 3233 (vel,
541 3154 578 3210 tu
600 3143 723 3230 ιιιιιιιιι)
745 3142 884 3208 Iebcaab
904 3144 1093 3208 meatuum
1109 3159 1185 3224 pro·
1238 3142 1311 3219 ciat,
1329 3142 1415 3206 idem
1434 3156 1467 3207 et
1485 3142 1673 3224 hypocritas
1690 3142 1813 3208 faeere:
1837 3144 2025 3226 respondeo,
2048 3145 2208 3224 Quamvis

211 3231 290 3298 bace
319 3235 446 3314 iactam,
475 3232 583 3298 videas
614 3249 712 3306 reeca,
746 3235 773 3294 et
801 3249 868 3296 cor:
900 3229 1007 3294 videbo
1037 3227 1186 3292 atticam
1237 3229 1271 3293 in
1301 3228 1366 3293 illis
1394 3237 1548 3294 cernatur
1577 3228 1736 3310 quaedam
1768 3231 1953 3307 aemulatio,
1986 3240 2096 3296 tamen
2126 3232 2208 3298 nihil

210 3323 300 3384 taam
327 3339 366 3384 ec
393 3320 486 3398 ipsis,
518 3317 595 3400 quic
624 3317 681 3381 tibi
707 3315 842 3397 patefeci
872 3315 957 3380 litem
988 3333 1089 3380 meam
1121 3310 1184 3397 (ins
1238 3333 1307 3380 esse
1328 3315 1476 3379 firmum:
1500 3315 1577 3397 quia
1594 3316 1743 3396 quamvis
1764 3316 1886 3382 iactent
1907 3337 1942 3382 se
1960 3315 2068 3381 Deum
2087 3317 2207 3383 habere

210 3425 330 3482 meum,
353 3422 486 3470 eausam
506 3401 637 3487 meam).
1210 3333 1213 3462 l
1237 3406 1355 3466 testem
1384 3411 1418 3465 et
1444 3399 1692 3483 approbatorem
1721 3421 1799 3466 suae
1827 3421 1958 3478 causae,
1992 3403 2130 3468 futiliter
2159 3403 2207 3468 lo·

1210 3465 1213 3554 l
1237 3497 1383 3570 quuntur
1405 3486 1490 3569 apud
1515 3487 1679 3552 homines:
1706 3507 1802 3552 nemo
1825 3498 1935 3552 autem
1957 3491 2020 3552 erit
2041 3491 2096 3571 qui
2118 3509 2206 3555 scor·

299 3577 364 3642 Hic
399 3575 543 3641 breviter
582 3573 786 3639 demonstrat
825 3572 985 3654 propbeta
1024 3570 1185 3654 quomodo
1237 3594 1310 3637 sum
1334 3573 1380 3638 ita
1407 3593 1480 3637 oum
1503 3572 1575 3636 Deo
1604 3584 1691 3657 agat.
1736 3571 1901 3654 Quamdiu
1931 3576 2033 3656 igitur
2063 3575 2207 3640 ostenta·

213 3662 332 3728 audeat
354 3661 494 3728 obiicere
517 3661 667 3726 hostibus
688 3659 756 3725 suis
778 3658 842 3724 Dei
872 3677 1001 3733 nomen,
1032 3667 1065 3722 st
1094 3657 1185 3722 auxi·
1237 3660 1315 3724 tioni
1339 3657 1438 3723 dediti
1458 3665 1544 3735 sunt,
1568 3678 1634 3722 non
1653 3659 1851 3740 patefaciunt
1866 3679 1998 3725 eausam
2014 3680 2107 3724 suam
2123 3660 2205 3738 Deo,

211 3749 303 3814 lium.
348 3747 553 3832 Hypoeritae
582 3747 671 3811 enim
699 3765 797 3829 saepe
824 3747 956 3820 iactant,
985 3743 1094 3808 Deum
1122 3743 1184 3808 sibi
1237 3755 1401 3826 utcunque
1434 3744 1598 3826 appellent
1633 3745 1756 3820 Deum,
1790 3756 1823 3810 et
1852 3755 2030 3828 provocant
2064 3745 2104 3810 ad
2134 3749 2207 3812 eins

210 3834 439 3900 auxiliatorem
461 3833 542 3912 iore,
564 3833 621 3898 sed
644 3830 726 3898 falso
754 3830 937 3898 obtendunt
963 3832 1033 3894 eius
1055 3848 1183 3894 nomen.
1236 3830 1387 3910 tribunal,
1417 3837 1451 3893 ct
1472 3838 1620 3896 asserant
1648 3851 1683 3896 se
1717 3830 1800 3896 nihil
1827 3832 1915 3897 aliud
1944 3831 2063 3896 hebere
2092 3853 2207 3916 propo·

211 3921 302 4004 Ergo
323 3921 403 3986 baec
425 3920 510 3984 ratio
539 3918 638 4002 probe
671 3917 813 4001 expendi
846 3916 951 3992 debet,
980 3935 1081 3998 quum
1111 3934 1183 3997 prc-
1235 3917 1346 3993 sitnm,
1376 3936 1474 3999 quam
1507 3927 1545 3981 ut
1577 3917 1647 3982 eius
1677 3917 1800 4001 gloriae
1829 3919 1981 3982 serviant.
2033 3917 2101 3998 Qui
2128 3939 2206 4004 ergo

210 4007 311 4089 pheta
332 4005 476 4070 ostendit
498 4026 533 4070 se
555 4025 622 4070 non
645 4004 734 4086 laiso,
758 4023 817 4068 nec
839 4011 964 4067 temere
993 4010 1183 4083 praetexere
1234 4000 1314 4067 haec
1337 4001 1377 4067 ad
1400 4021 1493 4066 suam
1516 4002 1777 4068 commoditatem
1801 4003 1907 4086 plenis
1923 4002 2031 4068 buccis
2050 4003 2207 4069 detonant

210 4091 297 4175 quod
324 4093 390 4157 iam
420 4090 514 4168 dixit,
544 4111 661 4174 nempe
688 4090 796 4153 Deum
826 4107 897 4153 esse
925 4087 1030 4153 instar
1058 4084 1182 4150 robusti
1234 4107 1343 4153 coram
1366 4088 1497 4166 mundo,
1528 4108 1592 4153 non
1617 4098 1726 4153 tamen
1748 4089 1959 4154 manifestant
1980 4089 2052 4154 Deo
2074 4111 2206 4157 causam

209 4177 372 4262 gigantis,
406 4177 462 4258 qni
493 4176 589 4242 facile
622 4181 807 4258 prosternet
846 4193 959 4239 omnes
1000 4171 1182 4253 improbes:
1234 4193 1337 4250 snam,
1361 4172 1417 4238 sed
1440 4172 1621 4239 obtendunt
1642 4175 1760 4240 trivcla
1781 4185 1814 4238 et
1839 4176 1928 4239 inani
1957 4177 2113 4241 iactantia
2135 4178 2205 4242 sius

209 4265 286 4346 quia
314 4264 438 4330 scilicet
466 4261 585 4326 audeat
613 4281 686 4327 eum
715 4261 914 4327 constituere
944 4267 977 4324 et
1007 4269 1122 4324 testem
1149 4267 1183 4322 ct
1235 4280 1363 4324 nomen.
1420 4258 1507 4340 Quid
1541 4270 1591 4325 est
1622 4261 1723 4343 igitur
1755 4259 1825 4325 Deo
1860 4261 2038 4343 patefacere
2072 4283 2205 4329 causam

209 4347 347 4416 iudicem
377 4369 456 4414 suaa
484 4347 693 4431 integritatis.
737 4345 824 4431 Ergo
853 4346 882 4412 si
911 4344 1059 4428 cupimus
1089 4343 1183 4409 nobis
1234 4344 1349 4410 suam?
1372 4367 1489 4428 nempe
1511 4345 1565 4410 uhi
1588 4367 1683 4410 nemo
1701 4345 1793 4411 adest
1810 4349 1914 4424 testis,
1937 4346 1994 4412 sed
2011 4368 2098 4412 unus
2112 4347 2205 4416 Deus

208 4434 274 4500 Dei
313 4454 432 4500 nomen
472 4445 602 4516 praesto
639 4454 710 4499 esse
748 4433 789 4497 ad
828 4430 1032 4515 repellendas
1069 4450 1183 4496 omnes
1235 4431 1327 4497 nobis
1349 4434 1489 4497 occurrit
1511 4443 1586 4496 ante
1608 4430 1733 4496 oculos:
1755 4432 1785 4497 si
1801 4441 1877 4498 tunc
1893 4435 1927 4496 in
1943 4434 2091 4515 precibus
2107 4437 2204 4501 ande·

208 4521 389 4602 machinas,
416 4541 499 4604 quae
521 4519 615 4584 nobis
644 4519 851 4584 intentantur
872 4539 891 4583 a
913 4515 1050 4593 diabolo,
1082 4516 1183 4582 disca·
1235 4539 1308 4584 mus
1330 4518 1391 4584 hoc
1412 4518 1446 4582 in
1470 4518 1613 4582 medium
1637 4517 1769 4583 afferre:
1793 4517 1944 4596 Domine,
1966 4529 2002 4582 tu
2025 4520 2108 4584 mihi
2131 4543 2205 4587 con·

208 4627 283 4672 mus
305 4627 365 4672 nes
388 4605 436 4670 illi
459 4606 577 4670 offerre
598 4604 792 4689 probandos,
822 4613 859 4669 ut
881 4611 974 4670 vocet
996 4600 1037 4665 ad
1060 4603 1182 4667 serium
1234 4603 1321 4669 scius
1343 4623 1378 4670 es
1399 4603 1597 4686 integritatis
1619 4623 1719 4680 meae,
1742 4615 1779 4667 tu
1800 4605 1885 4669 nosti
1900 4604 1982 4669 nihil
1997 4605 2085 4670 aliud
2101 4607 2203 4672 latere

208 4712 349 4758 examen
383 4713 495 4758 omues
535 4711 650 4757 sensus
681 4695 811 4756 nostros
843 4699 878 4755 ct
909 4689 1055 4755 affectus.
1110 4687 1181 4753 Iam
1233 4691 1268 4754 in
1295 4689 1391 4755 corde
1417 4709 1490 4753 mec
1518 4709 1614 4771 quam
1646 4689 1732 4771 quod
1766 4689 1851 4773 apud
1884 4700 1917 4755 te
1947 4712 2034 4757 nune
2063 4691 2202 4775 depono:

207 4780 315 4862 primo
348 4777 417 4844 loco
451 4777 628 4843 tenendum
669 4786 720 4840 cst
758 4775 844 4858 quod
883 4775 977 4840 docet
1015 4773 1181 4856 propbeta,
1234 4775 1294 4841 boc
1327 4782 1376 4841 est
1409 4795 1485 4840 vere
1518 4775 1589 4840 Deo
1622 4794 1752 4840 oausam
1785 4797 1880 4841 atram
1912 4778 2112 4861 patefacere,
2145 4777 2203 4843 ubi

207 4883 326 4947 nempe
348 4863 432 4928 nihil
450 4864 607 4929 Decesse
624 4862 859 4928 absconditum.
893 4861 979 4926 Nam
996 4858 1061 4926 huc
1082 4861 1180 4926 etiam
1234 4862 1357 4928 scilicet
1389 4861 1499 4925 nullus
1534 4859 1673 4927 habetur
1707 4860 1875 4926 hominum
1912 4869 2100 4944 respectus:
2145 4865 2202 4930 sed

231 4948 360 5034 regredi
383 4969 448 5014 non
479 4951 628 5016 dubitant
658 4949 860 5032 hypocritae,
890 4956 927 5011 ut
949 4967 983 5012 sc
1006 4946 1078 5011 Deo
1107 4967 1180 5028 pro-
1232 4947 1376 5013 oontenti
1398 4967 1511 5012 sumus
1533 4949 1631 5014 unius
1653 4947 1716 5012 Dei
1738 4948 1866 5013 iudicio.
1900 4949 1940 5012 In
1963 4946 2052 5012 hanc
2072 4948 2201 5014 modum

206 4973 334 5102 bandus
363 5036 516 5102 offerent:
544 5035 600 5101 sed
630 5036 757 5100 interca
782 5053 849 5098 non
876 5033 1068 5116 expendunt
1095 5033 1179 5115 quod
1232 5035 1349 5099 recitat
1368 5033 1526 5117 propbeta
1546 5053 1581 5098 ae
1598 5033 1666 5100 Dec
1687 5033 1769 5098 litem
1791 5053 1884 5100 ceam
1903 5033 1951 5099 eet
1971 5053 2098 5098 musam
2113 5041 2203 5117 pate-

206 5122 262 5188 hic
295 5120 429 5198 dicitur,
468 5121 539 5187 Deo
572 5121 696 5188 seilicet
725 5119 810 5184 nihil
843 5138 913 5184 esee
946 5116 1179 5184 absconditum.
1229 5118 1346 5201 fecisse.
1392 5119 1436 5183 Et
1458 5118 1490 5183 id
1514 5120 1612 5184 etiam
1640 5121 1793 5201 oportuit,
1823 5120 1899 5202 quia
1920 5117 2063 5183 vidimus
2089 5141 2202 5188 omnes

206 5207 297 5276 Sunt
317 5207 412 5272 multi
443 5227 590 5272 recessus
618 5209 652 5271 in
682 5205 777 5272 corde
811 5203 961 5283 hominis,
994 5213 1028 5268 et
1058 5204 1180 5270 scimus
1232 5204 1362 5270 ordines
1376 5204 1476 5269 fuisse
1492 5206 1521 5270 ei
1537 5206 1700 5271 adversos.
1734 5205 1845 5286 Quum
1867 5204 1969 5288 igitur
1990 5223 2122 5272 necesse
2143 5206 2201 5271 ha·

207 5293 319 5360 omnia
350 5293 418 5359 illie
452 5291 550 5375 plena
581 5313 652 5359 esse
684 5291 876 5358 involueris:
910 5289 1036 5355 interea
1068 5301 1179 5356 autem
1232 5290 1324 5356 beret
1345 5292 1386 5356 ad
1409 5311 1510 5355 unum
1529 5292 1637 5356 Deum
1659 5293 1844 5374 confugere,
1866 5291 1981 5356 merito
2003 5292 2101 5358 ctiam
2123 5291 2202 5357 dicit

205 5379 301 5446 Deus
332 5388 384 5445 est
415 5376 688 5463 καρδιογνώστης,
730 5379 847 5462 probat
878 5375 976 5442 corde
1009 5386 1041 5441 et
1073 5397 1179 5442 rencs.
1204 5321 1208 5428 Ι
1232 5397 1267 5442 sc
1296 5377 1451 5443 detulisse
1480 5395 1619 5443 causam.
1670 5377 1739 5442 Iam
1770 5375 1855 5460 qnod
1885 5375 1963 5444 dicit
1994 5397 2028 5444 ee
2058 5379 2202 5444 meacm
