5038 6118
346 464 388 532 99
1155 457 1544 530 Pasuuuoulouas
2285 455 2348 522 100

346 650 792 803 :strateius
806 647 1137 817 tutus:
1152 648 1320 800 :utu
1371 647 1437 816 t:
1459 644 2225 813 tamtus
2242 663 2348 795 uu

348 821 403 888 alii
435 820 623 887 studuerint
656 822 849 886 oonfirmsre
881 820 951 886 eius
984 818 1176 885 doetrinam.
1220 818 1321 884 Nulla
1373 837 1490 899 nempe
1519 818 1596 899 quia
1625 816 1690 880 iam
1720 828 1876 899 expertus
1898 829 1969 881 erat
1991 816 2101 898 populi
2132 814 2285 881 duritiem
2312 825 2347 880 et

348 907 435 972 enim
456 907 544 972 inter
565 926 620 972 eos
641 905 705 971 fuit
727 904 919 971 aemulatio:
946 905 1071 987 etipse
1093 905 1243 987 quamvis
1264 922 1320 969 ex·
1372 902 1570 968 obstinatam
1601 901 1770 968 malitiam.
1816 901 1896 967 Ideo
1926 922 1991 967 non
2017 901 2198 983 simplieem
2226 900 2346 966 doetri-

348 990 495 1070 oelleret,
524 991 664 1058 libenter
685 992 784 1056 etiam
806 990 940 1056 admisit
961 989 996 1054 in
1018 991 1205 1056 soeietatem
1228 1009 1322 1072 quos-
1372 1006 1451 1052 nam
1481 986 1631 1052 adhibet:
1665 984 1722 1051 sed
1752 995 1828 1050 ante
1857 987 1967 1051 omnia
1994 985 2256 1052 maledietionem
2280 983 2346 1050 Dei

348 1095 477 1158 uunque
500 1075 629 1144 videbat
649 1076 712 1142 sibi
735 1095 806 1142 esse
828 1076 1018 1142 ooninnotos
1042 1076 1078 1138 in
1108 1080 1177 1140 tam
1206 1074 1261 1156 pia
1288 1087 1321 1139 et
1371 1071 1438 1137 illis
1459 1072 1630 1156 proponit:
1664 1071 1758 1153 quasi
1784 1070 1920 1152 dioeret,
1953 1071 2079 1136 Mirum
2108 1083 2159 1136 est
2188 1071 2346 1136 haetenus

347 1169 461 1227 saneta
482 1181 590 1228 eausa.
635 1158 865 1226 Communiter
886 1180 965 1244 ergo
987 1160 1144 1242 loquutus
1162 1167 1213 1224 est
1227 1157 1320 1224 Deus
1373 1177 1431 1224 vos
1454 1177 1518 1221 non
1542 1157 1642 1222 luisse
1666 1165 1862 1236 oommotos,
1895 1177 1996 1240 quum
2026 1157 2122 1220 toties
2151 1155 2345 1221 denuntiata

346 1248 495 1330 proximo
518 1267 631 1312 semu:
654 1247 729 1328 quia
751 1245 880 1310 volebat
901 1265 1014 1310 omnes
1033 1264 1146 1312 servos
1168 1264 1245 1309 suos
1267 1243 1322 1309 ad·
1374 1242 1464 1308 vobis
1487 1243 1586 1307 luerit
1607 1237 1672 1307 Dei
1694 1240 1893 1325 maledieto,
1922 1242 2075 1324 quoniam
2097 1260 2176 1325 ergo
2198 1242 2246 1307 ita
2267 1240 2346 1306 estis

348 1331 425 1398 dere
446 1332 602 1414 suffragia
623 1339 737 1398 sanato
759 1329 948 1414 prophetae.
993 1329 1089 1395 Nune
1115 1340 1226 1394 autem
1249 1350 1321 1412 pro·
1374 1327 1514 1410 stupidi,
1545 1328 1609 1391 iam
1633 1337 1809 1409 antequam
1832 1325 1872 1390 de
1894 1327 2076 1410 praeseptis
2098 1325 2163 1390 Dei
2186 1324 2346 1391 disserere

347 1415 480 1567 pflretam
504 1416 621 1566 {glutiat⁸
633 1415 824 1568 ”flglffii'ssss
841 1434 938 1566 .qu
964 1414 1220 1564 ἔιὲἱοὶέιιιὲὠιιιέιίι
1231 1423 1322 1566 ὅέἓξ
1372 1411 1537 1562 {insipiam
1559 1410 1732 1560 praefoedatt
1753 1410 1947 1562 ιιὸιΙιέοἱιιίο,
1969 1431 2052 1495 quae
2074 1421 2218 1476 vestram
2241 1431 2346 1560 suegr-

347 1521 671 1666 ttttftttu,
691 1521 908 1684 iiidie
924 1584 1062 1650 aaut
1078 1519 1169 1650 „tiri
1184 1584 1322 1682 fouet
1373 1514 1942 1666 tttttttttt·,utut
1956 1516 2346 1665 tuttttttttt

347 1671 452 1738 buius.
503 1670 641 1752 Quoties
670 1678 804 1756 ponitur
833 1689 952 1734 nomen
983 1682 1062 1738 tut}
1093 1689 1158 1734 non
1185 1668 1318 1733 dubium
1372 1668 1450 1732 olim
1473 1666 1582 1732 fuerat
1601 1667 1637 1731 in
1659 1665 1739 1751 lege.
1784 1665 1869 1731 Nam
1892 1679 2064 1751 postquam
2082 1675 2258 1749 praesepta
2275 1685 2344 1730 om·

348 1766 399 1823 est
420 1757 500 1840 quin
522 1757 679 1822 Ieremias
701 1776 816 1822 ansam
838 1754 1005 1838 praesidat
1025 1754 1175 1820 omnibns
1193 1754 1320 1818 subter·
1373 1752 1430 1817 nia
1451 1753 1642 1834 eomplexus
1664 1753 1726 1816 init
1748 1752 1868 1830 Moses,
1892 1752 2032 1827 subiioit,
2055 1750 2253 1817 Malediotus
2275 1771 2344 1814 om·

347 1842 455 1925 logiis,
478 1840 595 1925 quibus
616 1841 714 1924 paulo
741 1848 817 1905 ante
846 1838 915 1905 dixi
944 1859 1020 1905 usos
1047 1840 1147 1906 luisse
1169 1837 1320 1906 Iudaeos.
1372 1837 1425 1903 nis
1446 1837 1500 1920 qni
1523 1836 1735 1902 deelinarerit
1756 1835 1797 1901 ad
1820 1836 1897 1902 deos
1919 1837 2059 1903 alienos:
2082 1846 2115 1902 et
2136 1837 2227 1901 iubet
2242 1855 2345 1918 popu·

347 1926 462 2009 Neque
493 1926 582 1991 enim
616 1945 760 2008 uuquam
793 1934 908 2007 sponte
940 1924 1079 1990 eonfessi
1111 1923 1252 1990 fuissent
1284 1944 1319 1988 se
1372 1922 1442 1988 lum
1465 1921 1673 2006 respondere,
1702 1925 1821 1987 Amen.
1866 1923 1920 2002 Et,
1948 1922 2139 1987 malediotus
2161 1921 2267 1986 omnis
2288 1921 2344 2002 qui

348 2013 525 2095 quidquam
546 2011 611 2094 legi
635 2010 822 2077 detrahere:
844 2010 974 2075 interea
995 2008 1195 2093 spernebant
1211 2009 1319 2091 ipsum
1372 2006 1580 2073 maledixerit
1601 2007 1687 2089 patri
1704 2015 1737 2072 et
1751 2009 1866 2072 matri:
1889 2017 1924 2072 et
1938 2007 2027 2072 iubet
2041 2007 2196 2092 pupulum
2212 2026 2346 2090 respon·

346 2097 537 2173 Ieremiam,
572 2098 626 2179 qui
649 2104 721 2162 erat
743 2115 843 2160 verus
864 2105 898 2158 et
919 2094 1005 2160 lidus
1031 2094 1114 2178 legis
1147 2095 1319 2176 interpres,
1373 2089 1466 2172 dere,
1495 2093 1603 2158 Amen
1633 2091 1979 2178 (Deut.2i,15sq.).
2028 2094 2205 2176 Postquam
2236 2099 2344 2156 antem

347 2181 402 2331 gni
426 2179 509 2246 nihil
532 2180 572 2246 de
591 2201 650 2246 suo
665 2180 901 2246 admiscuerat:
923 2177 982 2243 sed
996 2187 1126 2244 tantum
1142 2198 1318 2245 aooommo·
1373 2177 1413 2242 de
1435 2175 1575 2260 singulis
1596 2176 1779 2260 praeeeptis
1802 2178 1955 2260 loquutus
1977 2185 2035 2258 est,
2058 2177 2190 2242 tandem
2207 2176 2345 2250 sublinit,

370 2266 445 2332 abat
468 2265 552 2348 quod
576 2287 596 2329 a
617 2266 710 2331 Mose
732 2267 838 2331 suerat
860 2263 1019 2329 traditam
1041 2263 1083 2329 ad
1107 2285 1202 2330 usum
1226 2284 1320 2347 prae·
1372 2261 1570 2328 Malediotus
1592 2261 1701 2326 omnis
1722 2262 1777 2344 qui
1799 2282 1866 2327 uon
1889 2263 2076 2346 impleverit
2104 2263 2216 2327 omnia
2246 2261 2345 2326 verba

346 2359 474 2418 sentem
519 2350 618 2434 opali.
655 2350 776 2418 Subest
797 2349 898 2432 igitur
920 2350 1019 2416 taoita
1041 2349 1216 2414 antithesis
1234 2350 1320 2413 inter
1372 2347 1455 2430 legis
1485 2347 1598 2412 huius:
1632 2355 1666 2412 et
1694 2347 1891 2430 respondeat
1920 2353 2011 2413 totus
2039 2347 2193 2432 populus,
2226 2350 2343 2412 Amen.

346 2455 467 2501 nomen
489 2372 629 2501 lbederis
651 2445 685 2502 et
711 2435 799 2501 inter
828 2433 1010 2500 doctrinam
1032 2434 1200 2499 Ieremias.
1244 2434 1319 2498 Nou
1372 2432 1463 2515 Ergo
1485 2431 1548 2496 hae
1569 2431 1697 2497 ratione
1718 2453 1806 2498 nuno
1829 2434 1933 2498 utitur
1955 2432 2111 2498 Ieremias
2134 2453 2233 2515 qnum
2257 2431 2344 2508 dioit,

348 2519 436 2604 quod
457 2529 543 2586 esset
565 2520 687 2604 aliquid
717 2518 859 2601 dissidii,
893 2519 947 2585 vel
977 2519 1232 2602 repugnantiae,
1268 2519 1318 2582 vel
1372 2516 1604 2581 andanumts
1634 2518 1768 2600 populo,
1801 2538 1915 2584 omnes
1947 2539 2018 2584 esse
2051 2517 2257 2599 maledietos,
2289 2517 2344 2599 qni

348 2605 432 2689 quod
455 2603 577 2688 aliquid
599 2615 787 2687 separatum
809 2603 946 2668 haberet
967 2603 1038 2685 ipse
1057 2603 1231 2670 Ieremias:
1261 2602 1317 2668 sod
1373 2622 1438 2666 non
1461 2600 1663 2666 obediverint
1692 2605 1874 2685 praereptis
1903 2605 1993 2667 meis.
2038 2604 2098 2678 Et
2114 2611 2226 2684 postea
2255 2600 2345 2668 addis

348 2710 530 2758 sermonem
553 2689 594 2754 ad
617 2701 746 2774 neptum
768 2688 878 2772 populi
900 2690 1037 2771 format,
1070 2697 1103 2754 et
1126 2696 1177 2754 est
1197 2689 1319 2770 speeies
1372 2685 1545 2769 propheta,
1572 2687 1736 2770 respuet,
1765 2692 1794 2752 et
1820 2688 1908 2764 diui,
1936 2688 2056 2771 Amen,
2087 2686 2232 2776 Iebooob.
2277 2683 2344 2752 Sed

347 2777 574 2858 eonoessionis,
596 2797 633 2842 ae
656 2776 684 2840 si
705 2773 835 2851 dioeret,
858 2774 931 2839 Iam
954 2794 1020 2838 non
1041 2773 1170 2856 postulo
1192 2773 1319 2839 euobis
1372 2770 1551 2836 notandum
1573 2783 1632 2849 est,
1655 2771 1845 2855 prophetam
1868 2771 1923 2838 hio
1944 2773 2119 2854 susoipere,
2141 2783 2180 2836 ut
2194 2770 2343 2844 antehae,

346 2861 472 2939 audiri,
505 2860 563 2927 sed
586 2860 698 2926 audite
718 2861 835 2926 saltem
858 2861 963 2942 ipsam
985 2859 1102 2942 legem.
1146 2858 1318 2948 Haotenus
1371 2876 1543 2938 personam
1567 2856 1694 2939 populi:
1727 2857 1819 2938 quasi
1843 2855 1972 2936 ditaret,
1996 2858 2068 2940 ligo
2091 2856 2259 2923 subsoribo
2280 2854 2344 2920 Dei

346 2946 430 3012 nihil
452 2947 487 3010 iu
509 2945 652 3012 medium
675 2945 812 3028 protuli,
843 2943 930 3026 quod
959 2964 1024 3009 non
1049 2943 1140 3010 Deus
1167 2944 1319 3008 mandas-
1370 2940 1505 3007 iudioio:
1543 2942 1641 3005 etiam
1674 2942 1703 3006 si
1737 2961 1796 3008 vos
1827 2961 1942 3007 omnes
1973 2943 2143 3025 eontingat
2175 2941 2344 3026 refragari,

347 3040 413 3096 set:
435 3029 552 3096 deinde
574 3030 658 3096 nihil
681 3031 824 3096 alienum
848 3027 967 3095 tradidi
990 3051 1009 3094 a
1031 3029 1133 3105 Mose,
1156 3028 1239 3094 nihil
1256 3030 1319 3094 fuit
1370 3025 1642 3110 quemadmodum
1676 3026 1791 3094 laoitis.
1845 3027 1934 3110 Ergo
1967 3029 2097 3093 tametsi
2130 3026 2254 3109 putatis
2285 3044 2344 3092 vos

348 3114 532 3181 addititiam
557 3116 593 3180 in
615 3135 688 3180 mea
709 3114 868 3181 doetrina.
912 3112 979 3179 Sed
1001 3114 1153 3197 quoniam
1178 3114 1239 3179 boo
1263 3134 1318 3179 vo·
1370 3132 1467 3194 posse
1489 3109 1573 3177 elabi
1603 3133 1644 3176 ex
1673 3131 1773 3177 mann
1795 3111 1878 3191 Dei,
1910 3113 2003 3195 quasi
2032 3113 2127 3179 vobis
2155 3119 2343 3195 promptum

348 3198 398 3265 bis
420 3218 484 3263 non
507 3199 695 3281 persuadeo,
720 3201 787 3263 iam
809 3197 922 3263 desino
945 3196 1111 3264 vobisoum
1133 3198 1238 3281 loqui:
1272 3199 1317 3264 lo·
1370 3205 1456 3263 esset
1478 3195 1739 3263 maledietionem
1760 3197 1831 3262 eius
1851 3197 1992 3281 eludare,
2015 3217 2099 3279 quae
2120 3198 2156 3261 in
2178 3198 2252 3281 lega
2268 3215 2344 3278 pro·

347 3284 461 3368 quitur
492 3284 562 3364 ipse
593 3283 720 3358 Moses,
761 3283 868 3365 ipsum
901 3281 1021 3346 audite.
1079 3282 1174 3363 Quod
1209 3291 1318 3348 autem
1371 3283 1557 3347 nuntiatur:
1594 3302 1655 3365 ego
1677 3291 1787 3346 tarnen
1809 3293 1918 3347 vestro
1939 3283 2072 3348 nomine
2094 3282 2279 3358 subseribo,
2310 3287 2344 3345 et

371 3387 526 3433 ronomen
543 3366 836 3432 demonstrativum
852 3365 952 3445 addit,
973 3386 1075 3448 quum
1091 3367 1180 3448 dioit,
1201 3366 1320 3434 Audite
1370 3365 1435 3430 iam
1457 3386 1564 3432 eoram
1586 3364 1659 3431 Deo
1680 3367 1728 3430 ita
1748 3365 1918 3449 respondi,
1945 3367 2058 3446 Amen,
2086 3365 2233 3433 Iebovab.
2277 3365 2344 3433 Sed

347 3389 402 3522 goe
421 3453 549 3536 fedus,
579 3451 715 3536 perinde
736 3460 786 3517 est
807 3472 845 3517 ao
867 3452 895 3516 si
919 3449 1027 3534 palam
1048 3461 1083 3515 et
1101 3450 1194 3532 quasi
1216 3450 1248 3516 di
1275 3453 1319 3516 ‘to
1372 3449 1557 3533 expendere
1588 3452 1687 3515 etiam
1721 3451 1786 3516 alia
1819 3452 1919 3518 verba
1951 3453 2120 3518 convenit:
2145 3452 2343 3530 Maeotae,

347 3538 552 3620 ostenderet,
591 3536 720 3601 nullum
753 3557 822 3602 esse
855 3535 1050 3601 dubitationi
1082 3535 1202 3602 looum.
1288 3544 1319 3600 st
1370 3534 1492 3618 inquit,
1525 3536 1670 3618 quisquis
1697 3555 1760 3600 aaa
1781 3537 1918 3603 medierit
1948 3536 2039 3602 uerba
2069 3538 2204 3619 foederis
2237 3537 2343 3603 buius.

347 3620 815 3792 ttttttttttstttt
836 3619 1319 3790 ttttltlttttttttt
1370 3618 1675 3769 tttttttt
1689 3618 2344 3774 tttttttt':tttfi⁸0tt¹ttt⁸

469 3759 477 3785 t
815 3754 824 3786 ι
1103 3755 1110 3782 t
1452 3752 1459 3768 ⁸
1959 3757 1966 3784 ι
2334 3751 2342 3769 ⁸

347 3793 528 3877 essequod
549 3791 735 3876 loquimur?
771 3800 803 3853 et
825 3812 884 3856 vos
906 3811 971 3856 non
1001 3798 1091 3855 oerto
1120 3796 1247 3867 tenere,
1276 3812 1317 3855 an
1371 3787 1457 3852 Nam
1480 3797 1655 3869 utrumque
1700 3787 1777 3854 robe
1796 3793 1967 3857 eonvenit:
2000 3792 2093 3859 Deus
2118 3729 2209 3859 ditm
2230 3781 2344 3859 foedus

346 3879 449 3947 simus
471 3879 557 3944 servi
580 3876 665 3943 Dei?
689 3898 733 3942 au
755 3876 929 3959 loquamur
951 3896 993 3941 ex
1015 3875 1085 3940 eius
1106 3873 1246 3958 spiritu?
1276 3895 1317 3938 an
1371 3891 1468 3939 sunm
1491 3872 1660 3941 mandauit
1677 3810 1827 3954 iudaeis,
1859 3887 1894 3941 et
1915 3877 2012 3942 simul
2036 3877 2135 3944 verba
2158 3879 2244 3944 feeit.
2288 3877 2345 3942 Li·

346 3985 407 4030 nos
427 3964 498 4046 ipse
520 3961 736 4028 exeitaveritl
770 3981 822 4027 res
845 3969 895 4026 est
916 3961 1020 4036 elara,
1049 3961 1171 4043 inquit,
1198 3957 1254 4024 boe
1275 3963 1321 4024 est
1371 3958 1485 4023 beuter
1507 3959 1611 4025 relero
1632 3959 1674 4023 ad
1695 3959 1821 4028 foedus.
1864 3961 1955 4029 Dieit
1980 3963 2084 4047 igitur
2104 3963 2196 4029 Deua
2223 3983 2258 4028 ae
2284 3962 2344 4043 foe·

344 4049 465 4133 foedus.
509 4046 609 4112 Nune
630 4066 709 4132 ergo
738 4055 886 4112 tenemus
916 4045 984 4111 vim
1013 4043 1112 4109 huius
1139 4044 1319 4126 partioulae
1370 4042 1431 4108 dus
1462 4043 1647 4126 mundasse:
1686 4063 1872 4127 quanquam
1905 4047 2033 4130 plenior
2062 4058 2113 4116 est
2150 4047 2256 4114 altera
2287 4047 2343 4112 illa

346 4133 635 4202 demonstrativae.
685 4129 875 4210 Caeterum,
908 4129 993 4212 quod
1023 4128 1064 4192 de
1092 4129 1319 4194 maledietione
1372 4129 1545 4210 expositio,
1579 4127 1672 4194 verbo
1693 4149 1773 4218 quoe
1793 4131 1944 4197 mnduvi
1959 4133 2109 4213 putribus
2132 4135 2261 4214 ιειινὶς,
2292 4131 2343 4196 in·

346 4219 572 4288 oonoiouatur:
606 4235 672 4281 non
695 4215 832 4282 dubium
854 4222 905 4281 est
926 4215 1006 4297 quin
1027 4212 1180 4278 duritiem
1207 4213 1319 4296 populi
1372 4213 1462 4292 quit,
1494 4231 1601 4293 nempe
1629 4233 1689 4294 quo
1716 4215 1766 4279 die
1796 4216 1891 4281 oduei
1912 4237 1962 4282 eoa
1983 4237 2021 4282 ab
2042 4218 2192 4301 Aepypto.
2236 4217 2344 4282 Hiea

345 4305 410 4372 hoo
432 4303 529 4369 modo
555 4303 687 4368 {laetere
716 4300 867 4367 voluerit.
910 4299 1025 4364 Potuit
1052 4297 1140 4362 enim
1162 4296 1264 4374 Deus,
1291 4298 1319 4362 si
1371 4296 1619 4361 eiroumstantia
1640 4300 1796 4380 temporis
1818 4301 1961 4366 ostendit
1978 4300 2071 4367 Dens
2090 4321 2189 4385 quam
2207 4303 2343 4368 inexou·

346 4389 467 4456 dooilea
488 4407 526 4455 aa
548 4385 703 4470 morigeri
725 4385 864 4451 inissent
883 4383 1007 4460 Iudaei,
1037 4381 1149 4447 mitius
1166 4383 1318 4464 insipere,
1372 4378 1489 4445 sabilss
1517 4381 1585 4445 sint
1615 4379 1738 4448 Iudaei.
1785 4383 1874 4449 Dioit
1904 4387 1990 4450 enim
2017 4407 2052 4454 se
2079 4387 2187 4471 legem
2218 4386 2343 4453 dedisse

347 4486 379 4541 et
412 4473 542 4540 allieere
575 4490 631 4537 eos
664 4469 785 4535 blando
817 4488 968 4533 sermone
1000 4471 1034 4531 et
1065 4464 1205 4530 amabili.
1252 4463 1318 4532 Sed
1372 4484 1471 4546 quum
1495 4466 1598 4548 erepti
1629 4475 1737 4531 essent
1767 4488 1879 4533 eorum
1907 4480 2017 4552 patres
2046 4492 2090 4537 ex
2118 4481 2226 4539 morte
2254 4491 2344 4554 prae·

347 4560 500 4644 quoniam
534 4555 703 4640 negotium
735 4562 806 4620 erat
838 4573 914 4618 oum
947 4551 1138 4638 praefractis
1170 4551 1319 4633 ingeniis,
1371 4550 1466 4613 senti.
1509 4549 1596 4615 Nam
1618 4561 1713 4615 erant
1734 4553 1827 4634 quasi
1850 4557 1988 4620 extraoti
2009 4578 2028 4621 e
2049 4558 2215 4641 sepuloro,
2243 4575 2342 4640 quum

346 4647 419 4711 ideo
440 4663 523 4727 opus
544 4642 606 4706 luit
627 4641 675 4706 ita
696 4638 849 4722 praefari,
872 4657 989 4720 nempe
1011 4645 1047 4700 ut
1069 4637 1231 4699 inouteret
1253 4645 1319 4699 ter·
1371 4631 1465 4699 Deus
1487 4635 1662 4698 transitum
1686 4636 1749 4701 illis
1771 4635 1861 4701 dedit
1883 4659 1941 4720 per
1969 4661 2059 4708 mare
2087 4643 2236 4708 rubrum.
2280 4640 2343 4704 Illa

346 4750 464 4809 rorem,
486 4737 519 4792 et
541 4726 646 4810 magis
668 4732 812 4789 attentos
832 4719 999 4786 redderet:
1023 4720 1139 4785 deinde
1157 4719 1318 4800 exprime·
1370 4718 1472 4800 igitur
1494 4717 1674 4801 redemptio
1697 4719 1851 4787 debuerat
1873 4733 2044 4805 penetrare
2066 4728 2102 4791 in
2129 4747 2242 4792 eorum
2272 4727 2342 4790 ani·

347 4823 399 4882 ret
421 4814 461 4881 ab
491 4812 557 4877 illis
585 4810 822 4890 reverentiam,
856 4825 958 4889 quum
987 4805 1074 4872 soliti
1105 4816 1213 4869 essent
1242 4823 1318 4868 oon·
1371 4821 1449 4881 mos,
1470 4801 1518 4867 ita
1539 4812 1577 4868 ut
1597 4823 1632 4870 se
1648 4813 1730 4871 totos
1746 4805 1815 4872 Deo
1830 4806 2026 4876 addieerent.
2059 4811 2230 4878 Debuerat
2245 4811 2342 4876 etiam

346 4901 497 4982 temptim
534 4895 648 4962 audire
686 4891 842 4976 quidquid
881 4890 972 4988 prius
1011 4891 1166 5038 ¹⁰3l¹¹¹i¹¹⁸
1204 4888 1318 4952 iuerat.
1372 4886 1458 4985 tanti
1486 4888 1633 4985 benefieii
1665 4892 1820 4956 memoria
1854 4892 1962 4960 defixa
1994 4916 2128 4963 manere
2159 4897 2196 4960 in
2229 4915 2340 4960 eorum

347 4984 508 5050 Videmus
530 5000 609 5066 ergo
629 5000 688 5048 aur
709 4997 845 5044 exorsus
862 4987 906 5042 sit
923 4995 943 5040 a
960 4975 1045 5039 male
1067 4983 1197 5039 rotrone.
1227 4971 1320 5038 Deus
1371 4968 1532 5038 sordibus.
1577 4971 1734 5039 Videmus
1756 4996 1834 5061 ergo
1857 4977 1910 5044 hie
1932 4981 2107 5066 aggravari
2135 4983 2263 5048 erimen
2292 4983 2342 5044 in·

346 5071 383 5135 iu
405 5070 478 5152 lege
500 5075 658 5151 sequutus
680 5073 731 5130 est
753 5063 920 5128 diver-sm
942 5058 1101 5125 ordinem.
1136 5056 1221 5121 Nam
1244 5063 1320 5120 ante
1372 5054 1596 5138 gratitudinis,
1629 5061 1780 5140 qnoniam
1804 5061 1859 5128 lex
1881 5063 1956 5130 data
1977 5065 2076 5131 luerit
2103 5086 2207 5150 quum
2235 5065 2343 5131 adbuc

347 5154 537 5236 eomplexns
559 5159 610 5218 est
630 5149 779 5234 regulam
803 5147 884 5212 bene
906 5143 1050 5222 vivendi,
1072 5152 1106 5207 et
1127 5143 1223 5206 etiam
1271 5160 1320 5205 ro·
1372 5148 1448 5206 ante
1471 5140 1580 5208 oeulos
1603 5145 1725 5209 versari
1748 5143 1903 5212 deberent
1925 5159 1974 5215 tot
1996 5160 2119 5218 mortes
2146 5152 2266 5234 quibus
2288 5151 2342 5215 ob·

347 5239 520 5305 missiones
543 5236 708 5313 adiunxit,
742 5253 824 5316 quae
847 5239 1200 5328 possenttpropensum
1222 5161 1319 5324 uduo·
1373 5224 1463 5289 noxii
1485 5225 1614 5291 inerant
1637 5226 1822 5312 Israelitae,
1851 5235 1938 5299 unde
1959 5233 2125 5303 Dominus
2148 5234 2345 5302 mirabiliter

348 5337 419 5390 tum
435 5323 550 5390 elisere
565 5342 584 5386 a
600 5320 728 5406 populo.
760 5315 906 5382 tandem
922 5311 1052 5380 subriort
1067 5309 1319 5376 maledrotrouos.
1373 5329 1428 5374 eos
1449 5308 1613 5378 eduxerat.
1658 5312 1703 5377 lit
1731 5313 1804 5379 ideo
1836 5317 1934 5382 etium
1969 5331 2085 5386 vooant
2118 5321 2344 5388 miserrimum
