5134 6124
395 461 455 528 151
1205 455 1591 526 PRAELEOTIONES
2332 457 2390 522 152

394 651 591 736 gravissima
627 649 703 715 odia
738 649 896 716 adversus
932 646 1089 733 populum
1122 644 1281 744 electum..
1302 731 1308 744 .
1326 646 1367 709 Iu
1421 645 1505 714 Nam
1535 645 1613 746 alibi
1644 665 1804 746 nusquam
1835 646 2118 747 reperieturvita,
2148 665 2247 729 qnam
2270 645 2305 710 iu
2326 643 2391 744 solo

395 742 737 889 tlttttttttt
751 736 1174 904 lttttltttttt
1185 741 1369 898 ltt‘tt
1422 731 2100 895 lttcttt‘tbttltt,ltili
2121 732 2390 884 ttlsstttstt

395 907 521 990 concipi
547 916 686 990 poterat,
715 928 815 991 quum
838 916 872 972 et
894 907 1005 972 reiecti
1028 907 1138 972 essent
1160 902 1200 968 ab
1223 901 1316 986 ipeo‚'
1337 912 1369 966 et
1422 912 1491 968 tum
1522 913 1572 968 est
1601 904 1696 988 vigor
1725 905 1796 970 sine
1824 925 1938 981 seusu,
1973 904 2008 969 iu
2039 903 2142 970 brutis
2176 923 2293 970 sensus
2325 903 2391 968 sina

396 995 502 1075 toties,
524 1003 559 1058 et
580 994 715 1068 tamdiu,
742 1002 777 1057 et
799 1004 865 1056 tam
890 992 990 1058 variis
1012 988 1116 1057 modis
1138 997 1370 1070 provocassent
1423 989 1548 1053 ratione
1570 998 1603 1055 et
1624 988 1853 1074 intelligentia,
1886 990 1921 1055 in
1944 988 2130 1055 homiuibus
2152 1008 2232 1054 vero
2257 988 2323 1054 vita
2344 1000 2392 1054 eet

396 1081 467 1146 eius
490 1077 680 1144 vindictam.
715 1078 912 1160 Quanquam
936 1087 1045 1142 autem
1067 1073 1107 1139 de
1130 1074 1247 1140 vicinis
1269 1075 1370 1156 loqui·
1422 1075 1493 1139 lux:
1517 1074 1574 1140 scd
1597 1096 1663 1140 uon
1687 1076 1803 1141 vivunt
1825 1077 1859 1140 iu
1882 1097 1927 1159 se,
1950 1096 2010 1143 uec
2033 1096 2092 1158 per
2113 1095 2157 1141 se.
2201 1073 2392 1140 Mutoantur

396 1173 461 1240 tur,
488 1163 762 1246 quemadmodum
785 1172 862 1228 ante
884 1165 993 1228 visum
1014 1161 1086 1240 luit,
1107 1160 1298 1226 vaticinium
1322 1171 1369 1224 ta·
1422 1161 1531 1243 itaque
1560 1161 1660 1228 vitam
1687 1162 1815 1227 aDeo:
1848 1161 2122 1244 quemadmodum
2149 1159 2237 1224 lucet
2264 1157 2392 1242 quidem

397 1271 473 1316 meu
497 1247 557 1314 hcc
579 1248 777 1333 generaliter
805 1251 949 1331 pertinet
978 1248 1018 1312 ad
1042 1255 1148 1312 totum
1177 1247 1302 1311 orbem:
1336 1256 1371 1310 ot
1422 1245 1456 1310 iu
1488 1255 1592 1311 terra:
1627 1256 1736 1311 tamen
1769 1247 1889 1313 scimus
1924 1248 1959 1312 in
1989 1247 2051 1313 hac
2083 1245 2230 1329 regione,
2264 1245 2300 1310 iu
2330 1266 2393 1327 qua

396 1336 569 1418 impletum
602 1335 666 1399 fuit
693 1336 727 1400 iu
755 1333 873 1399 ultima
905 1335 1054 1418 gentium
1078 1333 1261 1397 vocatione:
1295 1330 1371 1412 quia
1423 1329 1619 1410 habitamus,
1647 1331 1773 1398 nullam
1795 1353 1866 1399 esee
1888 1331 2006 1410 lucem,
2034 1330 2090 1398 sed
2113 1330 2277 1408 instillari,
2300 1343 2332 1396 et
2354 1331 2392 1396 ad

396 1429 477 1487 tuno
512 1421 574 1487 sibi
608 1419 699 1485 Daue
736 1420 905 1486 ecclesiam
943 1421 1125 1504 promiscue
1161 1416 1294 1500 collegit
1328 1437 1370 1482 cx
1422 1437 1482 1482 uos
1504 1437 1609 1498 usque
1631 1417 1771 1483 diffundi
1794 1439 1852 1501 per
1873 1418 1952 1484 solis
1973 1418 2091 1484 radios.
2129 1415 2185 1484 Sic
2202 1417 2312 1498 itaque
2331 1439 2392 1482 ucu

397 1504 530 1572 ludaeis
559 1517 593 1571 et
621 1506 783 1589 gentibus.
833 1505 901 1572 Sed
930 1505 1074 1571 conditio
1104 1502 1158 1568 hic
1187 1503 1370 1585 apponitur,
1423 1501 1548 1568 dicetur
1570 1502 1712 1568 residere
1734 1504 1858 1572 vitain
1881 1504 2078 1580 homiuibus,
2107 1523 2205 1587 quam
2228 1500 2321 1568 Dens
2345 1525 2393 1568 ar·

399 1612 516 1675 nempe
533 1591 561 1657 si
578 1602 693 1676 gentes
714 1591 802 1670 illae,
824 1612 907 1672 quae
927 1611 1042 1656 verum
1055 1589 1117 1656 Dei
1136 1588 1260 1654 cultum
1280 1588 1371 1671 prius
1423 1609 1505 1654 caua
1533 1609 1593 1654 sue
1616 1589 1738 1655 virtute
1767 1589 1832 1656 illis
1862 1589 2009 1656 instillat.
2054 1590 2175 1672 Augcli
2205 1589 2303 1652 etiam
2335 1589 2392 1671 ipsi

398 1689 687 1776 oppugnaverant,
720 1676 828 1761 legem
858 1677 982 1776 lueriqt
1011 1675 1190 1776 amplexae.
1240 1671 1372 1773 Scimus
1423 1695 1490 1740 nou
1515 1675 1651 1774 vivunt·
1667 1676 1796 1758 proprie
1818 1675 1989 1775 loquendo.
2033 1674 2195 1740 Videmus
2216 1693 2295 1759 ergo
2318 1675 2394 1774 quid

398 1775 724 1914 tttttttttti
752 1781 853 1931 att
879 1762 1370 1922 §attulit,tabit
1423 1759 1506 1912 lii
1520 1759 2394 1930 little?¹tt„lltitt”⁰l·,tttt‘tltt

397 1955 499 2018 quum
522 1934 676 2000 viderent
703 1935 952 2016 superstitiones
982 1954 1058 1999 suas
1089 1930 1129 1998 ab
1159 1952 1224 1996 uno
1251 1930 1371 2013 populo
1423 1931 1540 1997 iudex:
1575 1945 1743 2016 praeterea
1773 1932 1934 2015 quidquid
1963 1934 2024 1998 sibi
2054 1935 2112 1998 uui
2138 1933 2207 2014 ipse
2235 1931 2394 2008 vendicat,

397 2019 558 2084 damnari.
602 2018 714 2100 Quum
745 2039 822 2103 ergo
852 2032 918 2084 tam
948 2020 1066 2085 acriter
1094 2017 1203 2082 infesti
1235 2018 1370 2081 luissent
1422 2015 1484 2083 hoo
1516 2026 1680 2084 testentur
1711 2017 1862 2084 homiues
1896 2019 2012 2084 merito
2043 2029 2076 2084 et
2109 2020 2180 2083 iure
2212 2018 2243 2084 ci
2276 2017 2394 2083 deberi.

397 2101 481 2187 Deo,
514 2115 548 2168 at
569 2124 669 2187 purae
697 2104 781 2190 logis
810 2106 988 2183 doctrinae,
1021 2125 1109 2168 nunc
1138 2103 1276 2185 requirit
1297 2121 1370 2167 mu·
1422 2100 1583 2185 Sequitur
1612 2111 1732 2186 postea,
1760 2103 2022 2184 Qaenadntodum
2050 2104 2217 2170 comeant
2239 2103 2395 2186 populata

398 2191 564 2255 tationem.
599 2188 637 2255 Si
655 2211 733 2274 ergo
750 2191 919 2256 didicerint
939 2190 1010 2256 eius
1026 2190 1140 2271 populi
1160 2189 1231 2268 mei,
1254 2189 1370 2270 iuquit.
1422 2208 1523 2254 meum
1549 2189 1658 2254 iurare
1682 2209 1742 2270 per
1763 2187 1859 2255 Boal.
1906 2190 1990 2255 Nam
2013 2189 2217 2272 corruptelae
2246 2191 2393 2272 gentium

397 2275 464 2341 Per
496 2277 567 2341 vias
592 2276 707 2357 populi
740 2275 895 2358 iutelligit
927 2277 1013 2358 quod
1048 2277 1116 2357 ipse
1150 2285 1369 2358 praeceperat.
1423 2275 1521 2340 nimis
1550 2285 1716 2358 grassatae
1739 2275 1870 2340 fueraut
1891 2275 1926 2340 in
1949 2276 2068 2358 populo
2090 2275 2208 2340 electo:
2238 2285 2271 2338 st
2293 2274 2396 2340 maior

399 2360 470 2427 Etsi
492 2361 580 2426 euim
604 2363 743 2444 populus
764 2360 869 2426 Israel
893 2361 1075 2427 desciverat
1097 2359 1228 2443 saepius
1251 2381 1271 2423 a
1293 2380 1370 2425 vcra
1422 2380 1508 2442 pars,
1527 2380 1629 2443 quum
1649 2360 1773 2426 videret
1791 2380 1946 2444 prospere
1963 2383 2035 2426 esse
2051 2361 2215 2444 gentibus,
2235 2359 2397 2427 abiecerat

398 2447 526 2530 pietate,
556 2445 650 2512 Deus
681 2455 791 2511 tamen
821 2446 875 2513 hic
904 2448 1012 2530 potius
1033 2468 1069 2512 se
1091 2447 1200 2528 ipsum
1229 2446 1370 2527 respicit,
1422 2446 1567 2511 studium
1602 2465 1698 2510 verae
1731 2457 1764 2510 et
1796 2449 1941 2512 sincerae
1975 2447 2114 2530 pietatis.
2171 2445 2283 2527 Quum
2318 2466 2395 2531 ergo

398 2551 497 2616 quam
519 2551 675 2615 perversa
691 2531 823 2597 illorum
841 2533 924 2609 odia,
947 2531 1159 2614 nequeenim
1179 2531 1231 2596 lex
1249 2530 1372 2596 abolita
1423 2533 1569 2614 gentium
1592 2533 1882 2613 superstitionibus
1904 2533 1950 2598 ite
1972 2531 2092 2598 addicti
2115 2533 2255 2598 tuissent
2272 2531 2395 2608 Iudaei,

398 2617 505 2682 iuerat
536 2617 664 2682 malitia
696 2625 731 2682 et
764 2617 1000 2702 ingratitudine
1034 2616 1154 2700 populi.
1210 2615 1371 2682 Videmus
1422 2614 1502 2682 dicit
1530 2617 1705 2699 propbeta,
1737 2619 1765 2683 si
1794 2627 1917 2701 gentes,
1950 2617 2224 2700 quemadmodum
2257 2617 2396 2684 antehac

397 2701 793 2854 tettatttttt
816 2703 1371 2873 totalitatem:
1422 2700 2397 2872 lttttttttt“littam,tltstttlttltt

397 2873 463 2938 illis
485 2872 673 2939 tradiderat.
720 2837 809 2940 Hini
830 2874 932 2957 igitur
955 2897 1019 2940 uon
1049 2883 1155 2957 potest
1183 2875 1283 2938 statui
1312 2873 1371 2938 ho·
1423 2873 1630 2948 idololatrias,
1652 2879 1687 2938 et
1707 2875 1838 2940 fictitios
1860 2895 1898 2940 ac
1920 2894 2093 2957 perversos
2115 2875 2232 2953 cultus,
2255 2877 2285 2940 si
2307 2896 2397 2940 nunc

397 2962 526 3024 minum
563 2960 739 3039 autoritas,
776 2961 867 3043 quasi
906 2980 1004 3042 penes
1036 2961 1122 3042 ipsos
1153 2970 1296 3043 potestas
1329 2959 1372 3023 sit
1422 2959 1558 3041 ceperim
1583 2960 1694 3024 iurare
1718 2980 1776 3042 per
1797 2980 1905 3025 marca
1931 2980 2044 3042 meam,
2072 2958 2188 3044 idest,
2218 2982 2270 3026 me
2293 2982 2396 3026 uuum

398 3043 565 3126 religionis
587 3044 792 3110 formandae:
816 3044 873 3112 scd
889 3045 980 3111 Deus
1003 3045 1193 3128 simpliciter
1215 3044 1373 3129 iutelligit
1424 3065 1506 3128 pure
1538 3045 1658 3122 colere,
1696 3045 1942 3126 aedificabantur
1976 3047 2012 3112 ia
2046 3046 2147 3111 medio
2178 3046 2291 3129 populi
2328 3049 2397 3111 mei.

399 3131 468 3194 suis
490 3130 590 3193 unius
617 3129 744 3210 placitis
766 3130 895 3196 edoctos
918 3131 1016 3198 luisse
1039 3131 1176 3196 ludaeos
1202 3131 1279 3213 quid
1301 3152 1371 3197 reo·
1424 3129 1629 3196 Aedificandi
1653 3131 1843 3213 metaphora
1864 3131 1943 3196 eatis
1967 3133 2045 3196 trita
2067 3143 2133 3196 est:
2162 3131 2220 3197 sed
2244 3131 2304 3198 hoe
2329 3133 2398 3199 loco

400 3225 472 3278 tum
490 3227 585 3280 esset.
622 3214 663 3278 Iu
686 3235 825 3293 summa,
848 3217 917 3280 cina
932 3217 1047 3298 populi
1069 3217 1197 3299 passive
1214 3216 1372 3282 Ieremias
1424 3216 1507 3282 nibil
1529 3216 1617 3282 aliud
1640 3217 1804 3300 significat
1818 3217 1910 3282 Deus
1928 3237 2026 3298 quam
2044 3227 2159 3301 gentes
2178 3219 2247 3283 lore
2261 3240 2281 3283 c
2296 3239 2398 3303 grege

400 3299 528 3381 accipit,
557 3319 622 3364 ncu
653 3319 734 3380 quas
765 3300 904 3382 populus
934 3303 1003 3382 ipse
1032 3301 1093 3366 sibi
1122 3302 1281 3380 finxisset,
1314 3301 1372 3367 sed
1424 3323 1495 3379 suo,
1529 3303 1557 3368 si
1585 3301 1719 3368 abiectis
1751 3303 2038 3384 superstitionibus
2071 3302 2242 3386 amplexae
2275 3305 2399 3370 fuerint

400 3403 481 3466 quas
505 3383 663 3449 divinitus
684 3398 861 3467 acceperat.
899 3384 971 3450 Iam
991 3384 1130 3463 additur,
1157 3386 1196 3452 Ut
1215 3387 1372 3452 iurantia
1424 3407 1544 3469 purum
1563 3387 1646 3472 legis
1668 3388 1801 3454 cultum.
1835 3388 1950 3471 Neque
1973 3389 2034 3454 hoo
2051 3387 2094 3454 ad
2115 3388 2223 3454 locum
2247 3390 2398 3465 refertur,

399 3469 523 3536 nomiae
543 3488 620 3570 arco.
661 3470 826 3552 Loquutio
847 3480 900 3572 est
920 3470 1164 3570 synecdochica.
1203 3471 1288 3536 Nam
1311 3471 1371 3537 sub
1422 3472 1696 3571 quemadmodum
1728 3472 1848 3556 frigide
1879 3472 2011 3557 quidam
2045 3489 2233 3557 exponunt:
2269 3473 2336 3542 Sed
2366 3479 2400 3540 ia

400 3575 595 3738 ttulit?
616 3555 926 3720 tlttttltt
939 3565 1032 3725 ‘tlt
1049 3556 1373 3709 titillata
1423 3558 2015 3728 fflioffliiliallllidilplllil
2034 3581 2129 3726 tt:
2151 3561 2295 3712 ‘lilii
2326 3563 2400 3732 ἓξὲξ

400 3726 541 3808 pretatis.
593 3726 680 3791 Nam
711 3727 902 3809 profitemur
936 3749 995 3792 uos
1027 3737 1061 3794 et
1088 3729 1191 3793 vitam
1228 3739 1371 3796 nostram
1424 3728 1579 3794 ecclesiae
1615 3750 1721 3795 meae:
1760 3729 2033 3814 quemadmodum
2069 3733 2167 3796 etiam
2205 3730 2331 3798 dicitur
2366 3735 2400 3798 iu

394 3830 471 3877 ,esee
493 3812 526 3875 iu
549 3833 649 3877 manu
674 3810 736 3876 Dei
760 3831 862 3894 quum
885 3814 1031 3878 iuramus
1061 3833 1118 3896 per
1140 3814 1212 3878 eins
1240 3833 1371 3878 nomen:
1425 3813 1557 3880 Psalmo
1580 3813 1645 3900 (87,
1667 3815 1697 3882 3.
1720 3815 1768 3902 4),
1802 3816 1961 3897 Quamvis
1990 3815 2057 3882 illio
2078 3824 2112 3882 et
2134 3817 2202 3883 illic
2231 3819 2301 3884 uati
2334 3821 2401 3884 siut

402 3893 519 3960 deiude
541 3896 698 3962 iudicium
721 3896 769 3961 illi
792 3898 984 3975 deserimus,
1013 3909 1046 3963 et
1067 3899 1275 3982 agnoscimus
1298 3918 1374 3964 vere
1425 3899 1528 3984 Tyrii,
1562 3913 1595 3966 et
1621 3899 1771 3983 Sydouii,
1804 3914 1838 3968 ct
1865 3903 2033 3986 Aegyptii,
2067 3911 2101 3968 et
2131 3903 2188 3968 alii
2216 3906 2273 3987 qui
2308 3907 2400 3991 prins

401 4001 473 4047 esse
491 3981 605 4059 Deum,
628 3983 783 4064 quoniam
801 3984 843 4048 sit
860 3983 1006 4049 cordium
1028 3985 1184 4068 cognitor,
1202 3994 1236 4049 et
1255 3985 1375 4049 iudicet
1426 3983 1537 4051 hostes
1560 3987 1704 4052 fueraut:
1728 3987 1895 4054 iactabant
1918 3997 2029 4053 tamen
2052 4009 2167 4054 omncs
2189 4009 2225 4054 se
2246 4011 2321 4058 esse
2344 4013 2401 4056 na·

403 4065 443 4132 de
465 4066 562 4131 rebus
585 4068 728 4134 occultis.
762 4069 855 4135 Haeo
877 4069 966 4134 enim
988 4070 1096 4134 omnia
1117 4070 1153 4134 in
1171 4089 1207 4136 se
1228 4071 1374 4136 continet
1426 4080 1475 4135 tos
1493 4071 1724 4156 lerosolymae,
1742 4072 1872 4156 quaudo
1889 4075 1979 4139 Deus
1997 4093 2052 4139 eos
2070 4085 2225 4158 agnoscet
2244 4083 2401 4161 tanquam

402 4152 641 4218 iusiurandum.
675 4153 766 4236 Ergo
789 4175 853 4219 nou
877 4155 997 4219 mirum
1020 4164 1079 4233 est,
1101 4155 1129 4220 si
1151 4156 1212 4222 hoo
1235 4156 1313 4234 loco,
1338 4165 1374 4220 ut
1426 4157 1572 4222 membra
1595 4158 1705 4240 populi
1726 4160 1787 4225 sui.
1832 4159 1997 4241 Sequitur,

402 4237 553 4321 pluribus
582 4237 665 4316 aliis,
697 4239 759 4304 sub
790 4240 850 4305 hac
879 4239 985 4323 specie
1014 4239 1204 4323 designatur
1233 4249 1300 4306 tota
1321 4262 1373 4307 re-

402 4323 500 4408 ligio:
533 4321 806 4406 quemadmodum
831 4324 885 4390 ubi
907 4325 1035 4401 dicitur,
1069 4325 1230 4392 Iurabuut
1259 4347 1373 4393 omues
1514 4328 1564 4392 17.
1591 4326 1678 4408 Quod
1699 4330 1730 4394 si
1750 4349 1811 4395 raca
1831 4331 2000 4414 audierint,
2023 4336 2094 4397 tuac
2116 4330 2243 4398 oetam
2271 4332 2403 4417 (copula

401 4409 437 4474 in
462 4410 592 4475 nomine
613 4430 693 4488 meo,
717 4409 791 4475 vivo
812 4429 882 4493 ego,
905 4409 983 4477 dicit
1007 4410 1164 4489 Iehovab,
1194 4411 1276 4476 mihi
1298 4413 1372 4478 flec·
1427 4413 1526 4477 etiarn
1550 4412 1602 4478 bic
1624 4414 1782 4498 accipitur
1810 4436 1869 4498 pro
1898 4415 2052 4482 adverbio
2081 4418 2253 4504 temporis)
2281 4427 2403 4504 psam

403 4505 492 4561 tetur
514 4516 612 4560 omne
634 4516 730 4579 genu,
761 4505 794 4560 et
815 4496 922 4562 omnis
944 4496 1057 4580 lingua
1086 4517 1144 4578 per
1166 4517 1218 4562 me
1242 4497 1373 4563 iurabit.
1426 4497 1524 4578 iilam
1545 4498 1697 4565 evellendo
1718 4504 1747 4567 et
1762 4501 1932 4583 perdendo,
1953 4502 2030 4568 dicit
2051 4501 2200 4569 chocala

403 4578 685 4663 Quemadmodum
720 4602 797 4664 ergo
830 4581 908 4646 alibi
942 4602 999 4665 per
1032 4582 1136 4646 altare
1169 4581 1277 4648 cultus
1311 4583 1374 4658 Dei

403 4677 546 4746 notatur,
568 4668 613 4731 ita
633 4666 693 4732 hoc
716 4666 785 4732 loco
808 4685 866 4750 per
887 4665 1122 4732 iusiurandum.
1156 4666 1294 4732 Summa
1315 4679 1373 4747 est,
1513 4668 1797 4749 Quemadmodum
1829 4671 1972 4738 ostendit
2004 4683 2127 4740 certam
2161 4695 2253 4758 spem
2287 4677 2403 4742 salutis

402 4754 430 4822 si
450 4765 565 4840 gentes
586 4753 633 4818 ita
655 4771 830 4819 conversae
853 4751 983 4828 luerint,
1006 4762 1045 4817 ut
1065 4751 1236 4820 subiiciaut
1258 4753 1373 4818 collum
1428 4754 1544 4837 populo
1567 4774 1636 4834 suo,
1658 4757 1788 4837 quando
1806 4768 1919 4842 gentes
1937 4759 2037 4824 etiam
2057 4759 2157 4824 vellet
2178 4760 2404 4828 misericordia

402 4839 481 4924 iugo
514 4839 612 4923 legis.
646 4849 680 4903 et
709 4837 901 4921 permittent
932 4857 968 4902 ee
998 4836 1070 4903 Deo
1102 4837 1272 4922 regendas,
1307 4839 1374 4905 iore
1427 4859 1489 4905 sua
1516 4840 1701 4923 complecti,
1734 4841 1780 4907 ita
1809 4845 1908 4908 etiam
1938 4865 2026 4910 nnnc
2058 4847 2205 4911 minatur
2236 4850 2402 4914 excidium

403 4928 500 4992 ctiam
525 4924 700 5008 participes
723 4923 869 4988 eiusdem
893 4923 1142 5002 misericordiae,
1166 4943 1262 5006 qoam
1284 4926 1375 5006 prius
1427 4924 1581 5009 gentibue
1613 4927 1705 5008 ipsis,
1739 4929 1802 4993 nisi
1834 4930 2041 5010 resipuerint.
2094 4931 2178 4996 Nam
2213 4932 2403 4999 conditione
2526 4919 2527 4960 ³

403 5011 511 5094 adepti
535 5010 665 5076 fueraut
687 5009 810 5074 Iudaei.
857 5005 1014 5090 Sequitur
1036 5011 1215 5074 communie
1243 5009 1374 5075 iurandi
1428 5013 1618 5092 interposita
1651 5013 1845 5093 promiserat
1874 5034 1910 5079 se
1941 5016 2010 5081 lore
2043 5017 2289 5084 misericordem
2323 5040 2404 5103 erga
2526 5057 2527 5072 ι

403 5096 560 5161 formula:
587 5096 672 5162 Vivit
694 5092 839 5161 Ictovolr.
880 5091 936 5160 Sic
959 5094 1046 5158 enim
1070 5095 1189 5174 passim
1212 5095 1375 5176 scriptura
1428 5105 1553 5180 gentes,
1584 5097 1614 5160 si
1635 5096 1800 5164 didicerim
1826 5101 1899 5165 vioe
1921 5101 2037 5181 popuii
2061 5103 2132 5183 mci,
2167 5102 2306 5185 dicebat,
2343 5106 2403 5172 boc

402 5179 562 5264 loquitur:
598 5191 631 5246 et
663 5181 724 5247 hoc
758 5178 858 5245 verbo
892 5198 956 5242 non
989 5176 1180 5261 simpliciter
1213 5188 1375 5244 testantur
1429 5189 1490 5256 est,
1525 5181 1552 5247 si
1574 5203 1608 5247 se
1631 5183 1767 5264 imperio
1801 5206 1873 5250 meo
1905 5187 2120 5252 subiecerint:
2156 5209 2245 5254 nunc
2279 5200 2403 5270 autem,

403 5266 552 5334 homines
580 5289 616 5332 se
643 5269 750 5332 iurare
784 5286 842 5348 per
871 5265 975 5328 vitam
999 5263 1071 5342 Dei,
1105 5263 1160 5329 sed
1191 5263 1288 5328 etiam
1317 5265 1373 5329 tri·
1430 5265 1466 5330 Si
1487 5285 1551 5331 aea
1572 5268 1739 5333 eadbrict.
1774 5268 1932 5336 Videmus
1954 5292 2032 5355 ergo
2051 5272 2104 5338 hic
2117 5272 2226 5340 Deum
2250 5275 2404 5342 ultimam

405 5349 508 5420 buunt
530 5353 559 5418 ei
577 5353 818 5418 aeternitatem:
843 5350 935 5434 quasi
956 5348 1086 5424 diceret,
1109 5369 1194 5414 uuus
1213 5357 1261 5414 cst
1275 5349 1372 5416 Deus.
1428 5350 1604 5416 vindictam
1626 5354 1745 5418 minari
1767 5354 1865 5420 ctiam
1888 5358 1967 5439 ipsis
1989 5359 2153 5442 gentibue,
2181 5362 2208 5425 si
2232 5383 2301 5426 uon
2326 5361 2404 5428 sub·
