5118 6136
359 449 421 516 ne1
453 415 457 424 ’
1166 441 1552 509 ruteneomonus
2296 441 2360 507 aea

359 638 485 702 Diouot
513 637 657 700 seniores
685 633 845 714 nqaatam
871 633 972 714 fuisse
995 629 1152 696 Meteam
1176 631 1220 695 od
1240 635 1334 695 totum
1359 635 1362 731 ξ
1387 630 1567 697 seeundum
1595 630 1778 696 membrum
1804 641 1919 696 notatu
1942 630 2077 716 dignum
2099 636 2163 695 sst:
2194 630 2359 711 quianon

357 722 522 806 populum,
543 721 678 798 diemde
698 717 752 784 Sia
773 719 848 783 diost
870 716 1016 800 Ieltovolq
1041 716 1117 781 Sion
1139 715 1282 781 araldus
1301 721 1335 780 ut
1388 725 1492 799 potest
1520 717 1618 782 stiam
1650 731 1798 800 paeoetor
1820 717 1860 781 ad
1885 717 1989 781 Deum
2011 717 2170 794 eonverti,
2200 716 2261 780 nisi
2284 735 2358 781 oum

359 828 446 891 ager.
481 807 551 870 lam
568 805 711 870 vidimus
726 825 791 886 qna
806 804 975 869 oeoasione
990 804 1037 868 ita
1051 822 1165 884 aspere
1181 802 1334 883 loquutus
1387 821 1445 884 spe
1468 803 1581 867 venias
1609 814 1642 866 et
1663 802 1788 868 salutis.
1835 803 1918 867 Nam
1942 821 2071 884 semper
2091 800 2296 866 horrebimus
2317 801 2359 864 ad

360 893 460 958 luerit
476 891 632 971 Miehsas,
655 911 756 973 quum
779 888 902 955 sailieet
923 899 1126 972 opponerent
1146 888 1335 972 hypooritae
1387 899 1595 970 eonspeotum
1619 888 1691 962 Dei,
1720 889 1824 954 donee
1852 889 2017 970 proposita
2043 887 2145 950 tuerit
2168 885 2261 950 nobis
2284 905 2360 968 spes

360 997 549 1064 perversam
588 976 833 1054 eoulidentiam‚
874 986 908 1038 et
945 975 1024 1040 talso
1062 972 1239 1038 obiiaerent
1272 973 1334 1036 Dei
1388 973 1668 1039 reeoneiliatiouis.
1719 975 1796 1040 ldeo
1828 975 1991 1056 seriptum
2023 974 2148 1056 quoties
2179 972 2220 1036 de
2249 973 2358 1053 poeui-

361 1085 491 1143 nomen,
511 1085 548 1127 ae
565 1064 593 1126 si
609 1061 701 1125 illum
718 1068 868 1124 tenerent
886 1059 947 1125 sibi
966 1059 1174 1124 obstrictum:
1199 1057 1335 1138 Propter
1388 1059 1490 1122 tantia
1513 1059 1665 1142 loquitur,
1687 1060 1785 1124 simul
1808 1059 1957 1144 adiungit
1978 1059 2085 1123 fidem.
2121 1057 2210 1124 Sunt
2227 1057 2358 1138 quidem

361 1170 424 1232 vos,
454 1150 568 1231 inquit,
599 1146 678 1212 Sion
705 1145 849 1211 aroditw
877 1150 912 1209 at
931 1165 1016 1229 aper.
1060 1144 1179 1227 Incipit
1202 1143 1242 1207 ab
1264 1147 1334 1225 ipso
1387 1165 1440 1209 ras
1462 1144 1642 1226 distinotas,
1664 1145 1720 1210 sed
1744 1157 1851 1210 tamen
1872 1165 1937 1210 non
1956 1144 2112 1221 diversae,
2137 1163 2196 1208 neu
2213 1145 2359 1226 separari

362 1234 497 1318 templo:
521 1234 637 1298 deiude
652 1231 810 1314 adiungit,
829 1229 873 1294 Et
890 1229 1182 1296 Ierusalemen'tin
1198 1249 1336 1294 naevos:
1388 1229 1515 1312 debent,
1540 1239 1575 1293 ut
1597 1229 1727 1312 qnidam
1752 1252 1864 1313 parum
1889 1228 2238 1296 consideratstaeiuot.
2273 1228 2358 1292 Nam

361 1321 414 1387 vel
444 1320 477 1383 in
506 1316 711 1383 solitudines:
743 1326 917 1400 postremo,
948 1315 992 1380 Et
1017 1335 1106 1382 neone
1134 1315 1254 1397 domes,
1282 1314 1336 1379 boe
1388 1316 1586 1395 poenitentia
1608 1328 1657 1381 est
1679 1318 1847 1382 eonversio
1870 1315 1970 1380 totius
1992 1316 2081 1379 vitas
2103 1326 2136 1378 et
2156 1315 2249 1396 qnasi
2267 1333 2359 1378 reno·

361 1411 416 1484 est,
442 1404 556 1486 tempti.
599 1403 730 1486 Repetit
759 1401 932 1484 quodiam
956 1401 1090 1466 dixerat.
1136 1399 1224 1481 Quid
1247 1401 1334 1464 enim
1389 1401 1492 1464 vatio:
1530 1401 1610 1466 fides
1643 1411 1752 1466 autem
1786 1423 1858 1467 reos
1890 1402 2064 1483 aonfugere
2098 1401 2192 1464 doeet
2223 1398 2263 1462 ad
2294 1397 2361 1462 Dei

363 1491 450 1555 aliud
482 1503 531 1554 est
560 1509 654 1553 mous
681 1488 794 1569 templi
818 1507 916 1568 quam
940 1486 1044 1552 Sion?
1076 1486 1131 1551 sod
1155 1488 1229 1567 quia
1251 1486 1333 1550 vati·
1360 1526 1363 1563 ,
1387 1485 1652 1552 misericordiam.
1688 1486 1753 1553 Sed
1773 1497 1894 1572 tamen,
1919 1499 1953 1551 ut
1968 1485 2109 1551 uomodo
2127 1483 2362 1550 estdistinotio

362 1577 483 1643 oinium
517 1573 579 1640 hoo
613 1575 670 1639 vix
703 1584 833 1657 poterat
866 1594 886 1636 a
918 1571 1049 1636 Iudaeis
1083 1573 1227 1648 admitti,
1262 1571 1335 1634 ideo
1387 1571 1473 1636 inter
1495 1574 1727 1654 poenitentiam
1750 1583 1783 1636 st
1805 1572 1911 1647 fidem,
1940 1573 1987 1636 ita
2009 1571 2185 1636 eehaereut
2206 1571 2293 1635 inter
2315 1591 2362 1648 se,

363 1660 522 1745 propbeta
543 1659 594 1725 bis
615 1660 701 1723 idem
725 1658 809 1722 dixit
823 1657 1078 1724 eonfirmationis
1093 1659 1207 1740 gratia.
1241 1655 1334 1721 Unde
1389 1667 1428 1720 ut
1455 1659 1510 1739 qui
1532 1657 1668 1724 alteram
1691 1658 1733 1722 ab
1755 1659 1859 1724 altera
1881 1656 2018 1736 divellit,
2048 1677 2183 1738 prorsus
2209 1667 2362 1720 neutram

363 1746 546 1829 eolligimus
578 1764 644 1808 nou
678 1763 749 1808 esse
782 1764 1019 1827 supervaouum
1047 1763 1246 1824 sermonem,
1279 1740 1334 1806 sed
1388 1742 1560 1824 relinquat.
1606 1743 1706 1809 Hune
1736 1745 1884 1809 ordinem
1915 1765 2002 1808 nono
2029 1742 2176 1824 sequitur
2202 1740 2364 1823 propheta

361 1833 409 1897 ita
431 1832 534 1897 insuti
557 1839 716 1894 terrorem
738 1829 928 1913 hypooritis‚
949 1831 1004 1911 qui
1020 1827 1240 1892 obduruerant
1258 1848 1333 1892 oon·
1389 1847 1489 1908 quum
1521 1828 1597 1892 dioit
1619 1829 1788 1895 Ezechiam
1814 1832 2010 1913 deprecatum
2030 1829 2132 1908 faisse
2151 1827 2266 1909 faeiem
2286 1825 2361 1891 Dei.

363 1931 415 1981 tra
444 1937 557 1981 omnes
579 1915 643 1979 Dei
674 1916 796 1978 minas:
826 1926 859 1979 et
888 1916 1048 1996 putabant
1070 1935 1104 1978 ss
1125 1914 1194 1977 tore
1217 1913 1334 1987 salvos,
1361 1902 1363 1943 ¹
1388 1913 1485 1978 Unde
1520 1915 1606 1979 enim
1648 1915 1701 1978 hie
1740 1916 1894 1999 praeaudi
1930 1915 2066 1979 effeetus
2099 1913 2163 1978 nisi
2196 1933 2239 1976 ex
2270 1911 2362 1976 fide?

362 2003 490 2068 etiamsi
520 2011 607 2066 totus
637 1998 780 2064 mundos
810 2011 928 2064 rueret.
974 1999 1069 2063 Nono
1093 2010 1260 2081 postquam
1284 2020 1332 2061 re·
1388 1998 1461 2063 Non
1484 2000 1628 2066 eolfiaiet
1649 2001 1760 2084 igitar,
1782 2003 1809 2066 ai
1832 2002 1904 2083 quis
1926 2009 2082 2082 tangetur
2103 1999 2175 2062 odio
2197 2013 2231 2060 et
2249 1997 2363 2079 displi-

363 2087 511 2152 tulerunt
544 2085 629 2168 quod
662 2084 912 2149 denuntiaverat
946 2085 1107 2162 Miohees,
1140 2085 1333 2166 adiungunt,
1389 2086 1495 2149 asotia
1528 2087 1687 2150 saelorum
1716 2107 1865 2162 suorum,
1900 2097 1933 2150 et
1962 2087 2071 2167 eupiat
2099 2104 2133 2149 se
2156 2085 2295 2147 formare
2319 2083 2361 2147 sd

363 2173 416 2239 Aa
447 2171 606 2237 occidendo
633 2171 744 2236 oceidit
772 2191 842 2235 eam
868 2169 1020 2236 Eeealiae
1048 2191 1104 2234 rea
1127 2169 1278 2245 Iebudob,
1309 2176 1336 2234 et
1390 2172 1450 2235 Dei
1485 2171 1700 2246 volontatem,
1736 2173 1796 2236 nisi
1830 2172 1870 2236 de
1902 2169 2165 2236 reconsiliatione
2197 2181 2231 2232 et
2262 2169 2362 2231 venia

363 2265 445 2324 totus
474 2255 642 2322 Ieledeb?
694 2257 854 2337 Exemplo
885 2257 928 2337 pii
963 2256 1049 2339 regis
1076 2255 1235 2320 Uasebiae
1264 2255 1336 2318 hor·
1389 2257 1517 2340 oogitet.
1552 2255 1744 2322 Ostendant
1765 2259 1867 2342 igitur
1889 2276 1983 2321 senes
2002 2254 2193 2330 remedium,
2217 2255 2362 2334 etquasi

363 2353 474 2408 tantur
504 2343 659 2424 populum
691 2341 731 2404 ad
759 2340 1042 2406 mansuetudinem
1070 2351 1103 2404 et
1129 2341 1335 2418 dooilitatem,
1388 2343 1491 2426 digito
1513 2353 1712 2407 monstrent:
1736 2343 1813 2425 quis
1834 2345 1860 2407 si
1881 2341 2019 2426 populus
2034 2341 2183 2422 exemplo
2198 2339 2364 2404 Eusebiae

362 2436 397 2493 et
430 2427 610 2492 ostendunt
641 2427 702 2491 hoo
732 2426 865 2492 honoris
894 2426 1002 2491 deberi
1034 2437 1097 2490 tum
1122 2426 1209 2509 Deo,
1239 2446 1335 2507 quam
1389 2443 1421 2493 et
1444 2428 1580 2492 aliorum
1600 2429 1777 2511 resipisoat,
1802 2429 1919 2494 deinde
1936 2427 2030 2492 simol
2046 2428 2086 2491 ad
2104 2423 2363 2490 miserioordiam

363 2518 432 2578 eius
463 2511 647 2594 prophetis,
682 2523 717 2576 ut
747 2533 788 2575 ue
817 2513 1092 2578 exesudesesmns
1124 2525 1236 2576 eontra
1266 2512 1335 2576 eius
1387 2512 1564 2597 confugiat,
1593 2525 1626 2578 et
1654 2526 1793 2579 testetur
1820 2513 1917 2578 fidem
1947 2533 2039 2577 suam
2064 2513 2220 2591 omuibus,
2252 2511 2362 2573 Deum

364 2599 605 2680 obiurgationes
637 2608 670 2660 et
691 2597 809 2678 minas,
840 2611 1003 2678 uteunque
1025 2597 1143 2661 aeriter
1165 2596 1228 2660 illis
1252 2617 1334 2678 pnn-
1360 2656 1363 2682 ,
1389 2603 1456 2664 lore
1486 2601 1696 2665 exorabilem.
1740 2598 1820 2665 Ideo
1841 2600 1996 2682 seqnitur,
2028 2597 2073 2661 Et
2089 2597 2245 2676 emtas
2268 2593 2362 2659 leho-

365 2704 490 2769 gamor,
513 2691 610 2762 atque
633 2684 731 2746 etiem
756 2684 886 2763 penitus
901 2684 1120 2746 vulneremur.
1155 2681 1221 2747 Sed
1239 2680 1336 2746 simul
1362 2714 1364 2734 ι
1388 2707 1459 2751 eom
1490 2686 1582 2766 moli,
1615 2687 1695 2766 qaod
1727 2685 1871 2766 ῑοᾳιιιιιιιι
1897 2684 2003 2767 fumet
2030 2703 2123 2764 super
2152 2701 2214 2748 eos.
2263 2680 2364 2744 Nono

362 2769 560 2853 adiungunt,
597 2767 712 2832 Aaron
747 2767 851 2831 timuit
884 2766 1055 2832 Iebovom?
1094 2773 1121 2833 et
1154 2769 1336 2849 deprecetus
1389 2771 1546 2853 pluralem
1578 2792 1751 2835 nnmerum
1776 2784 1914 2853 usurpat
1934 2768 2105 2851 propheta.
2154 2766 2248 2832 Unde
2269 2765 2363 2830 oolli-

362 2860 407 2920 eet
434 2854 547 2936 faeiem
576 2852 733 2917 Ieboooe?
763 2852 957 2917 etIebevem
981 2853 1161 2933 poenituit?
1207 2853 1334 2917 Uonfir·
1388 2858 1495 2940 gimns
1535 2855 1596 2920 sub
1636 2876 1773 2939 persona
1811 2858 1909 2920 unius
1950 2855 2035 2936 regis
2068 2852 2228 2934 Eusebiae
2267 2852 2364 2934 prius

363 2950 454 3004 mant
470 2938 554 3020 quod
572 2951 648 3003 ante
664 2936 790 3002 dixerat
805 2937 962 3002 Ieremias
978 2956 1045 3002 non
1062 2937 1149 3002 aliod
1166 2959 1334 3021 superesse
1386 2940 1669 3023 eomprehendisse
1714 2951 1818 3005 totum
1863 2940 2029 3024 populum.
2093 2938 2249 3003 Paenituit
2287 2955 2365 3018 ergo

363 3025 553 3095 remedium,
585 3024 648 3088 nisi
678 3036 714 3088 ut
743 3045 778 3088 se
805 3024 928 3104 plaeide
950 3025 1146 3090 subiioereot
1168 3023 1334 3089 doetrinae
1388 3027 1493 3093 Deum
1514 3027 1601 3092 meli.
1637 3026 1803 3107 Quantum
1827 3025 1866 3090 ad
1890 3029 2026 3090 termam
2051 3023 2203 3106 loquendi
2224 3035 2363 3104 speetat,

363 3109 580 3195 prophetissa.
611 3117 645 3173 et
673 3110 769 3172 simul
800 3111 1016 3192 oonfugarent
1046 3109 1085 3173 sd
1119 3109 1181 3173 Dei
1211 3111 1334 3175 miseri·
1388 3135 1452 3178 nou
1482 3113 1609 3195 prolixe
1639 3112 1679 3177 de
1707 3113 1779 3195 ipsa
1809 3111 1976 3176 disseram.
2026 3108 2156 3176 Soimus
2187 3111 2219 3172 in
2249 3107 2363 3171 Deum

364 3197 518 3259 sordium.
573 3194 658 3258 Nam
692 3215 748 3275 per
782 3193 845 3258 Dei
879 3197 1026 3259 timorem
1062 3195 1115 3260 hio
1147 3195 1336 3278 designatur
1389 3219 1453 3264 uon
1485 3198 1600 3264 eadere
1637 3199 1859 3262 mutationem.
1914 3195 2010 3262 Unde
2039 3197 2125 3261 enim
2159 3193 2365 3276 poenitentia

364 3300 443 3345 vera
473 3281 650 3343 eonversio.
703 3277 791 3357 Quid
822 3281 908 3343 euim
939 3279 1027 3343 aliud
1058 3291 1108 3344 est
1138 3283 1234 3345 timor
1261 3281 1334 3356 Dei,
1389 3285 1451 3348 nisi
1475 3283 1561 3367 quod
1580 3285 1684 3349 multa
1702 3285 2119 3364 eveniuntpraoterspem‚
2142 3293 2365 3362 qoaeoogunt

364 3385 461 3448 quem
485 3363 678 3440 reverentia,
702 3384 766 3445 qua
784 3364 983 3428 ostendimus
999 3385 1057 3428 nos
1072 3387 1141 3430 esse
1157 3369 1336 3450 morigeros
1388 3391 1447 3435 nos
1469 3382 1596 3434 mutare
1619 3367 1810 3436 eonsilium?
1839 3365 1960 3450 aliquid
1984 3369 2166 3450 agitaverat
2188 3365 2363 3446 quispiam,

365 3451 435 3516 eius
465 3449 603 3530 planitia,
635 3451 789 3530 qnoniam
819 3458 852 3514 et
881 3460 974 3531 pater
1003 3459 1061 3528 est,
1090 3462 1122 3514 et
1150 3450 1334 3516 Dominus?
1388 3456 1444 3520 sed
1475 3457 1603 3537 putavit
1629 3456 1698 3519 lore
1726 3454 1811 3536 quod
1839 3473 1902 3517 nou
1934 3462 1998 3516 ast:
2033 3473 2111 3535 ergo
2142 3469 2273 3516 neeesse
2299 3465 2364 3530 eat,

364 3536 509 3619 quisquis
532 3555 609 3618 ergo
625 3532 733 3598 Deum
757 3537 905 3618 agnoseit
925 3545 956 3598 st
972 3547 1096 3617 patrem
1113 3547 1145 3600 et
1161 3536 1336 3615 dominnm,
1390 3555 1425 3604 ut
1454 3551 1607 3606 retraetet
1636 3540 1720 3622 qood
1749 3549 1921 3614 statuerat,
1956 3537 2155 3619 poenitentia
2181 3536 2283 3616 igitur
2311 3545 2367 3600 est

364 3623 436 3687 fieri
469 3640 536 3684 non
569 3627 675 3701 potest
708 3621 785 3700 quin
820 3641 861 3685 ex
895 3621 1004 3686 animo
1038 3643 1072 3686 ee
1102 3623 1172 3686 eins
1202 3622 1335 3694 arbitrio
1389 3647 1496 3692 eomes
1518 3627 1730 3709 ignorantiae.
1776 3624 1845 3688 lam
1869 3625 1964 3688 aienti
1988 3622 2095 3687 Deum
2120 3621 2201 3686 nihil
2225 3640 2366 3702 promus

364 3707 501 3771 addioat.
564 3707 654 3788 Ergo
693 3705 880 3788 significant
918 3726 1013 3771 senes
1052 3717 1118 3771 tam
1161 3707 1334 3772 Eusebium
1389 3709 1476 3788 latet,
1494 3711 1541 3774 ita
1558 3712 1628 3775 fieri
1648 3732 1714 3774 non
1735 3721 1849 3792 potest,
1872 3721 1908 3774 ot
1925 3729 1999 3773 sum
2019 3708 2191 3789 poeniteat.
2224 3705 2364 3786 Quare?

366 3813 463 3874 qnam
492 3801 594 3856 totum
627 3791 782 3872 populum
814 3791 910 3856 fuisse
942 3813 1016 3856 vere
1049 3792 1088 3857 ad
1120 3791 1229 3857 Deum
1258 3813 1334 3858 eon·
1389 3797 1471 3861 nihil
1501 3797 1587 3861 euim
1616 3796 1730 3860 statuit
1759 3797 1821 3859 nisi
1844 3807 1999 3861 exserta
2022 3792 2243 3876 providentia:
2277 3810 2365 3871 quo·

365 3896 487 3943 versos.
542 3877 751 3942 Paenitentia
783 3887 906 3954 nartem,
941 3889 976 3941 ut
1009 3880 1088 3942 satis
1118 3889 1230 3943 notum
1265 3900 1336 3944 esse
1388 3883 1475 3946 niam
1511 3883 1621 3946 omnia
1652 3891 1730 3947 suut
1763 3881 1823 3946 sub
1856 3883 1926 3944 eius
1957 3882 2067 3945 oeulis.
2118 3877 2185 3945 Sed
2217 3877 2367 3942 refertur

367 3963 471 4038 debet,
501 3963 646 4025 eontinet
676 3962 710 4025 in
740 3981 774 4026 se
804 3961 885 4026 duas
912 3971 1030 4043 partes,
1063 3983 1178 4046 nempe
1209 3973 1245 4028 ot
1273 3964 1333 4030 sibi
1387 3967 1467 4034 haee
1504 3967 1648 4050 loquutio
1685 3967 1725 4032 ad
1763 3985 1876 4032 sensus
1911 3967 2096 4040 homiuum,
2137 3962 2222 4046 quod
2254 3960 2366 4026 Deum

363 4047 531 4131 displioeat
560 4056 707 4128 paueator
733 4047 767 4110 in
796 4049 863 4112 suis
886 4047 985 4124 vitiis,
1014 4058 1047 4112 et
1069 4061 1240 4132 postquam
1263 4072 1333 4115 sese
1382 4055 1545 4135 poeniteat,
1576 4052 1630 4118 ubi
1656 4053 1782 4118 soilioet
1804 4072 1869 4116 uon
1890 4053 2080 4134 exsequitur
2102 4050 2187 4132 quod
2210 4067 2365 4129 pronun·

362 4133 526 4199 nbdieuvit
556 4131 667 4214 pravis
697 4133 849 4198 omuibus
877 4135 984 4199 earnis
1014 4134 1263 4215 eupiditatibus,
1297 4149 1334 4200 nt
1388 4141 1534 4206 tiaverat.
1590 4138 1659 4204 Neo
1692 4139 1811 4201 mirum
1844 4147 1895 4202 est
1927 4138 1954 4202 si
1988 4135 2080 4201 Deus
2118 4138 2164 4200 ita
2199 4132 2366 4200 balbutiat

362 4220 472 4300 oupist
502 4219 641 4282 formare
664 4226 765 4282 totam
789 4239 879 4282 suam
905 4220 1014 4293 vitam,
1044 4229 1077 4282 et
1099 4221 1169 4284 eius
1191 4223 1333 4286 sationes
1388 4225 1563 4290 nobiseum.
1597 4223 1663 4289 Sed
1688 4223 1743 4288 ubi
1766 4222 1880 4286 molles
1902 4231 1936 4288 st
1958 4232 2087 4286 teneras
2109 4240 2205 4285 aures
2223 4219 2367 4283 offendit

361 4305 403 4370 ed
426 4301 573 4386 regulam
596 4303 739 4366 iustitiae
762 4304 832 4368 Dei.
877 4303 943 4368 Sed
967 4303 1092 4369 addunt
1113 4306 1226 4370 simul:
1251 4308 1334 4388 quod
1386 4309 1467 4375 haee
1498 4311 1655 4392 asperitas
1688 4309 1797 4390 potios
1831 4308 1989 4372 miremur
2015 4307 2077 4372 Dei
2106 4305 2364 4388 indulgentiam,

362 4389 516 4472 deprecati
546 4387 674 4470 fuerint.
729 4389 874 4453 Tametsi
908 4390 994 4453 enim
1034 4391 1135 4454 utitur
1170 4391 1332 4468 Ieremias,
1386 4416 1485 4477 quom
1516 4397 1563 4460 ita
1592 4394 1632 4458 ad
1668 4414 1727 4458 nos
1760 4413 1864 4475 usque
1899 4390 2092 4458 descendere
2122 4391 2294 4476 dignatur,
2329 4401 2367 4453 st

362 4473 520 4558 singulari
538 4493 683 4550 numero,
703 4480 809 4537 tamen
827 4474 1331 4558 eomplsotiturpopolumsimul
1386 4481 1473 4563 loqui
1502 4501 1560 4562 pro
1589 4490 1685 4562 oaptu
1715 4487 1845 4545 nostrae
1874 4478 2037 4543 ruditatis.
2081 4477 2179 4543 Nono
2208 4487 2366 4539 tenemus

362 4582 436 4627 eum
476 4577 570 4641 rege:
611 4558 740 4623 videtur
780 4573 888 4657 tamen
930 4558 1005 4624 data
1041 4579 1141 4642 opera
1173 4562 1331 4645 singulari
1386 4566 1463 4648 quid
1497 4569 1539 4630 sit
1562 4567 1668 4630 Deum
1703 4564 1902 4646 poenitentia
1923 4565 2024 4642 albei,
2059 4583 2176 4645 nempe
2203 4560 2259 4625 ubi
2292 4580 2365 4625 nou

363 4664 499 4711 numero
539 4663 617 4708 usus
655 4643 695 4706 ad
736 4663 823 4726 regas
863 4646 1193 4710 commendationem:
1240 4651 1332 4713 euius
1385 4652 1574 4733 exsequitur
1592 4649 1677 4733 quod
1697 4650 1960 4714 denuntiaverat:
1979 4649 2109 4714 interim
2126 4647 2364 4713 maustfixum

363 4732 482 4797 eximia
526 4736 559 4794 et
595 4729 662 4793 lere
696 4729 957 4811 ineomparabilis
993 4732 1056 4795 tuit
1092 4733 1204 4814 pietas.
1264 4734 1332 4800 Nee
1385 4739 1454 4802 eius
1487 4736 1670 4803 eonsilium.
1722 4734 1835 4817 Neque
1868 4738 1954 4800 euim
1987 4734 2190 4800 obumbratio
2224 4731 2291 4796 ulla
2324 4731 2364 4792 in

362 4817 496 4882 dubium
524 4824 584 4892 est,
613 4814 691 4895 quin
723 4813 795 4877 aliis
826 4815 910 4878 viam
941 4819 1172 4882 monstraverit
1195 4826 1232 4881 ut
1252 4821 1330 4883 resi·
1385 4843 1459 4888 eum
1493 4820 1594 4899 uadit,
1632 4820 1904 4902 quemadmodum
1938 4820 2017 4885 dieit
2050 4820 2189 4885 Iaeobus
2217 4817 2260 4898 (1,
2291 4816 2364 4897 17).

362 4905 538 4984 pisaerent:
570 4899 687 4964 deiude
716 4909 751 4962 ut
773 4901 963 4981 suppliciter
985 4901 1238 4984 depreearentur
1259 4905 1331 4968 viu·
1385 4907 1451 4973 Sed
1486 4915 1589 4990 potest
1620 4908 1738 4970 iterum
1770 4907 1863 4972 obiiai
1894 4907 2054 4988 quaestio,
2089 4907 2250 4989 quomodo
2282 4916 2366 4968 tune

362 4987 480 5054 dietam
505 4987 604 5060 illam,
627 5004 709 5067 quae
733 4986 848 5048 merito
870 4986 1045 5067 peroellsre
1068 4989 1204 5052 debebat
1219 5010 1331 5054 eorum
1385 4992 1495 5058 Deum
1523 4991 1720 5074 poenituerit
1750 4991 1836 5070 mali,
1866 4990 1953 5075 quod
1982 4993 2126 5056 minatus
2155 4991 2264 5054 luerat
2291 4999 2365 5053 tam

362 5074 498 5138 animos.
532 5071 660 5135 Tribuit
682 5069 812 5153 quidem
837 5071 897 5134 boe
920 5073 1092 5153 praeeipue
1114 5085 1225 5139 saneto
1245 5077 1332 5158 regi:
1386 5079 1454 5162 regi
1488 5097 1583 5160 quam
1616 5077 1758 5159 populo?
1793 5097 1911 5161 nempe
1942 5079 2018 5160 quia
2050 5077 2231 5142 vindiotam
2264 5094 2365 5141 suam

362 5159 418 5222 sed
454 5156 641 5222 extenditur
678 5162 787 5221 tamen
809 5155 907 5253 'idem
940 5158 1086 5221 studium
1116 5159 1155 5222 ad
1185 5179 1333 5241 proteres
1386 5161 1520 5228 distulit.
1573 5162 1688 5245 Neque
1721 5164 1807 5227 euim
1842 5163 2031 5245 simplieiter
2063 5162 2153 5227 Dens
2186 5161 2367 5244 abrogavit

362 5263 399 5307 ao
430 5252 532 5307 totum
562 5261 677 5323 eorpus
706 5241 833 5323 pepon:
864 5251 901 5304 nt
924 5242 1019 5322 paulo
1043 5255 1118 5324 post
1140 5245 1331 5310 videbimus.
1386 5269 1481 5313 suum
1516 5248 1698 5326 deorstum,
1731 5249 1785 5312 vel
1820 5249 1918 5313 etiam
1952 5249 2249 5332 promulgationem
2277 5247 2364 5324 eius,

362 5333 478 5394 Antron
507 5347 584 5409 ergo
620 5327 799 5409 deprecatae
833 5332 877 5392 est
906 5326 1019 5407 faeiem
1049 5326 1207 5394 Iebovoe?
1259 5330 1332 5396 Hoo
1385 5333 1442 5399 sed
1481 5336 1626 5416 paperoit
1659 5334 1819 5399 Ezeobiae
1852 5344 1885 5398 et
1919 5335 2036 5418 populo
2069 5336 2124 5416 qui
2162 5344 2242 5398 tuno
2278 5343 2365 5398 erat.
