5038 6118
371 361 411 426 51
1175 357 1561 426 PRAELEO'PIONES
2320 358 2359 422 52

370 555 431 632 est,
468 549 533 613 imo
569 569 640 614 sese
668 548 832 614 inebriant
860 547 1027 612 fallacibus
1056 545 1239 611 blanditiis:
1271 545 1344 612 idee
1394 549 1553 631 cognitio,
1586 549 1641 614 ubi
1670 571 1736 614 nou
1763 560 1893 614 tantum
1922 549 2127 633 agnoscimus
2159 550 2264 632 ipsum
2294 569 2359 612 esse

371 635 464 702 exuit
491 635 579 717 ipsos
608 639 647 698 ut
675 645 833 716 quaerant
863 653 974 697 veram
997 632 1143 715 gloriam,
1171 643 1343 715 postquam
1395 633 1507 697 muudi
1526 635 1684 718 opificem,
1705 634 1762 700 sed
1780 636 1877 700 simul
1895 636 2042 719 persuasi
2060 654 2182 712 sumus,
2205 634 2359 698 mundum

372 722 569 806 agnoverint
608 741 681 786 esse
719 739 846 784 merum
882 719 1077 804 figmentum
1118 716 1276 804 quidquid
1308 739 1344 783 se
1394 719 1434 784 ab
1456 721 1526 802 ipso
1548 720 1740 803 gubernari:
1771 720 1888 785 deinde
1912 722 2074 786 rationem
2094 740 2223 803 quoque
2245 720 2360 802 guber·

372 807 563 873 existimant
584 805 705 871 habers
728 806 778 869 vel
800 825 819 868 a
841 810 971 879 natura,
1001 803 1053 869 vel
1075 823 1095 867 a
1116 824 1151 868 se
1172 803 1264 886 ipsis,
1286 811 1345 868 aut
1393 806 1535 869 nationis
1558 817 1715 882 tenemus,
1738 807 1822 888 quod
1840 807 1941 888 faeiat
1961 807 2214 872 mirerimrdicm
2229 810 2258 869 et
2278 805 2360 868 iadi-

372 893 444 959 aliis
466 891 634 958 creaturis.
674 891 795 956 Postea
816 891 917 972 addit,
941 889 1153 973 luteliipeado,
1176 895 1205 954 et
1222 890 1344 955 ειίιιιάο
1393 890 1474 954 aem
1504 895 1531 955 et
1558 892 1722 956 iustitiam.
1767 891 1838 956 Hoc
1863 902 1971 957 summ
1994 893 2135 974 primum
2158 901 2208 956 est
2228 892 2262 955 in
2285 889 2360 965 Dee,

371 999 427 1044 me.
472 977 669 1060 Quanquam
697 976 822 1042 duobus
845 976 952 1041 verbis
974 974 1060 1039 idem
1083 974 1246 1057 signifieat
1268 995 1342 1057 pro·
1394 995 1511 1058 nempe
1544 987 1582 1040 ut
1614 975 1775 1042 beneficus
1808 988 1839 1040 et
1868 977 2011 1043 liberalis
2040 983 2253 1060 agnoscatur:
2286 977 2361 1058 quid

370 1065 483 1148 pheta,
511 1083 576 1127 non
607 1075 716 1126 mmen
746 1063 868 1127 frustm
898 1060 962 1125 duo
991 1061 1071 1125 haec
1100 1059 1201 1125 verba
1231 1061 1341 1125 eedem
1395 1062 1480 1126 enim
1505 1061 1598 1128 nobis
1619 1064 1712 1127 fieret
1734 1063 1804 1126 eine
1825 1060 1890 1127 Dei
1911 1062 2105 1128 alsmantia?
2146 1062 2264 1142 Itaque
2287 1083 2361 1128 vcra

371 1169 471 1216 sensu
499 1149 624 1231 posuit:
654 1148 729 1230 quia
756 1167 858 1230 quum
884 1145 1087 1229 vilipendant
1109 1145 1258 1210 hemines
1282 1147 1343 1210 Dei
1395 1159 1427 1210 et
1456 1158 1543 1211 reeta
1572 1146 1636 1210 Dei
1666 1149 1807 1230 cognitio
1837 1147 1878 1212 ab
1906 1148 1967 1214 hee
1995 1148 2101 1230 eapite
2128 1149 2257 1231 incipit,
2289 1148 2360 1212 dum

371 1235 589 1319 cognitionem
619 1234 763 1316 oportuit
788 1232 863 1297 illos
890 1233 1024 1306 mensu,
1053 1230 1139 1297 hane
1160 1251 1232 1296 esse
1253 1252 1342 1297 sum·
1394 1233 1516 1298 seilicet
1554 1234 1661 1317 ipsum
1702 1235 1861 1297 sentimus
1902 1255 1978 1318 erga
2015 1254 2075 1297 nos
2109 1233 2360 1299 misericordem.

371 1341 459 1386 mam
493 1319 654 1403 perlectae
686 1318 879 1402 sapientiae,
916 1316 970 1381 ubi
1006 1317 1094 1381 Deus
1128 1319 1342 1400 cognoscitur.
1395 1317 1478 1382 Nam
1511 1318 1587 1399 quid
1610 1319 1701 1384 nohis
1723 1317 1867 1400 proderit
1888 1339 2080 1402 cognoscere
2102 1318 2210 1383 Deum
2232 1320 2362 1395 iustum,

371 1405 488 1470 Voluit
519 1406 619 1488 igitur
651 1406 813 1488 corrigere
845 1423 1035 1486 perversum
1065 1401 1159 1466 illum
1189 1423 1342 1480 errorem,
1395 1404 1458 1466 nisi
1488 1401 1659 1485 praecedat
1688 1405 1757 1468 eius
1787 1404 1959 1469 elementia
1986 1415 2018 1470 et
2046 1407 2190 1488 gratuita
2212 1403 2360 1470 bonitas?

371 1512 435 1575 que
465 1501 551 1556 tetus
580 1490 647 1556 iere
675 1488 816 1554 mundus
846 1487 985 1552 laborat:
1019 1488 1095 1570 quie
1121 1488 1198 1552 dum
1221 1488 1342 1570 singuli
1394 1488 1467 1554 Neu
1483 1509 1653 1570 pessumus
1668 1488 1775 1552 Deum
1794 1509 1995 1574 cognoscere,
2014 1491 2077 1554 nisi
2098 1491 2191 1555 nobis
2209 1491 2361 1572 cognitis:

371 1579 489 1642 intenti
520 1579 598 1641 sunt
626 1574 668 1640 ad
698 1574 830 1639 diversa
860 1573 984 1649 studia,
1015 1573 1191 1656 negligitur
1218 1575 1343 1637 interca
1379 1566 1476 1638 'haec
1498 1575 1584 1638 enim
1608 1571 1670 1638 due
1692 1574 1777 1638 inter
1798 1595 1832 1639 se
1855 1585 1932 1639 sunt
1953 1595 2109 1641 connexa.
2147 1575 2269 1640 Iamsi
2293 1576 2362 1657 quir

371 1662 435 1728 Dei
465 1663 615 1746 cognitio.
661 1658 821 1724 Videmus
850 1678 913 1740 que
939 1659 1065 1724 fervore
1088 1661 1234 1740 rapiatur
1256 1659 1342 1741 quis·
1394 1679 1429 1723 se
1451 1661 1557 1740 ipsum
1580 1660 1736 1743 excutiat,
1765 1659 1841 1742 quid
1869 1661 2010 1743 reperiet
2030 1661 2092 1726 nisi
2116 1663 2287 1726 materiam
2311 1661 2361 1724 de-

371 1768 433 1831 que
455 1760 528 1831 post
550 1766 628 1812 suos
650 1745 796 1820 affectus,
819 1745 943 1808 interea
965 1746 1022 1809 vix
1043 1745 1240 1810 centesimus
1258 1746 1343 1827 quis·
1394 1743 1610 1827 sperationis?
1649 1743 1703 1810 Ita
1724 1746 1849 1826 quoties
1871 1747 1977 1810 veniet
2000 1747 2092 1811 nobis
2113 1747 2149 1809 in
2171 1747 2361 1811 memoriam

371 1854 433 1917 que
462 1833 620 1916 dignatur
649 1829 815 1895 dimidiam
847 1830 960 1893 heram
990 1829 1179 1911 impendere
1205 1830 1343 1914 singulis
1393 1830 1496 1910 Dens,
1525 1827 1738 1905 horrebimus,
1768 1841 1801 1894 et
1829 1830 2064 1912 quodammode
2092 1831 2281 1897 absorbebit
2308 1851 2363 1895 nes

371 1919 484 1984 diebus
499 1917 564 1981 Dei
588 1916 775 2000 cognitioni.
810 1915 855 1980 lit
876 1913 999 1979 accedit
1016 1917 1113 1978 stiam
1134 1937 1173 1978 ex
1192 1916 1343 1998 superbia
1395 1914 1594 1998 desperatio:
1620 1913 1759 1999 denique
1781 1916 1907 1998 fugient
1929 1938 2041 1982 omnes
2064 1916 2183 1995 Deum,
2206 1918 2271 1981 nisi
2294 1917 2362 1980 dul-

371 2005 510 2068 slterum
542 2001 673 2078 vitium,
703 1999 786 2082 qued
816 2005 937 2083 putant
966 2021 1034 2064 rem
1065 2021 1135 2065 esse
1165 1999 1341 2084 vulgarem,
1393 2001 1471 2064 cedo
1500 2002 1625 2086 gratiae
1652 2001 1722 2064 eius
1750 2001 1837 2082 ipsos
1866 2002 1996 2068 alliciat.
2041 2000 2176 2082 Quare?
2207 2008 2274 2067 iam
2297 2003 2361 2066 dixi

372 2090 480 2153 Deum
519 2105 723 2170 cognoscere.
778 2085 943 2151 Tenemus
981 2105 1058 2168 ergo
1091 2107 1149 2150 cur
1185 2086 1343 2168 propheta
1395 2097 1538 2151 uestram
1561 2086 1726 2150 miseriam
1749 2085 1831 2150 nilril
1854 2088 1945 2152 nobis
1963 2089 2088 2167 afferre,
2111 2088 2175 2152 nisi
2193 2088 2361 2152 materiam

372 2173 499 2237 duobus
530 2173 638 2238 verbis
667 2191 747 2236 usus
773 2171 870 2236 luerit
892 2170 933 2234 ad
955 2191 1024 2234 rem
1047 2191 1146 2235 uuam
1169 2169 1341 2255 designau·
1393 2170 1546 2235 horroris.
1592 2171 1681 2255 Ergo
1709 2190 1774 2235 nou
1804 2171 1924 2236 trustra
1953 2172 2118 2252 ieremias,
2148 2194 2247 2256 quum
2278 2172 2362 2237 iubet

371 2257 457 2334 dam,
491 2279 609 2340 nempe
638 2269 674 2321 ut
704 2257 875 2322 hominum
903 2255 1011 2321 studia
1044 2257 1147 2338 magis
1176 2258 1342 2334 excitaret,
1394 2257 1541 2320 hemines
1563 2255 1696 2338 gloriari
1718 2256 1752 2319 in
1768 2255 1831 2320 Dei
1854 2259 2047 2340 cognitione,
2070 2261 2187 2323 statuit
2205 2260 2238 2322 in
2260 2260 2362 2340 prime

371 2345 521 2427 quoniam
551 2343 685 2408 videbat
713 2361 825 2407 omnes
854 2342 922 2406 iere
950 2351 1078 2423 torpere
1099 2344 1134 2406 in
1156 2341 1218 2406 hac
1240 2347 1341 2424 parte,
1393 2353 1425 2406 st
1455 2342 1613 2406 altissimo
1641 2341 1745 2424 gradu
1775 2343 2029 2408 misericordiam
2059 2345 2138 2422 eius,
2165 2354 2281 2426 postea
2309 2343 2361 2407 ad·

371 2449 453 2512 quae
476 2435 587 2492 tamen
610 2435 715 2492 tetam
737 2427 839 2492 vitam
862 2427 980 2491 merito
1002 2425 1063 2490 sibi
1087 2426 1255 2493 vendicat:
1278 2428 1342 2493 ime
1393 2427 1502 2509 iungit
1522 2427 1676 2492 iudicium
1697 2431 1725 2489 et
1745 2427 1908 2492 iustitiam.
1942 2426 2052 2508 Quum
2076 2428 2156 2495 haec
2179 2430 2244 2494 due
2268 2429 2361 2493 simul

371 2515 399 2580 ei
417 2520 550 2580 cautum
571 2513 658 2577 vitae
676 2511 770 2577 nebis
788 2519 1007 2594 suppeterent,
1030 2511 1092 2578 heo
1111 2519 1220 2576 tamen
1239 2534 1341 2577 unum
1393 2513 1584 2595 iunguntur,
1601 2511 1772 2596 designant
1788 2512 1963 2594 perfectam
1979 2513 2261 2598 gubernationem,
2279 2515 2362 2598 qued

371 2619 468 2684 agere
486 2598 662 2663 sufficeret.
699 2598 799 2680 Atqui
823 2607 862 2661 ut
884 2597 1006 2662 dictum
1027 2597 1099 2674 tuit,
1121 2599 1342 2663 contemnitur
1393 2597 1516 2663 scilicet
1538 2599 1629 2661 Deus
1651 2605 1762 2661 tuetur
1783 2617 1859 2663 sues
1880 2598 2001 2676 fideles,
2032 2599 2211 2664 auxiliatur
2235 2602 2363 2664 miseris

370 2705 423 2750 res
455 2704 539 2767 quae
570 2683 720 2748 omnibus
751 2683 823 2747 aliis
853 2681 1063 2764 praeferenda
1092 2690 1171 2748 erat.
1222 2684 1343 2748 Postea
1394 2694 1426 2746 et
1447 2682 1564 2746 liberat
1584 2683 1707 2747 iniuste
1728 2701 1914 2766 oppresses:
1940 2684 2056 2750 deinde
2079 2685 2165 2767 quod
2188 2688 2363 2770 compescit

371 2768 534 2851 adiungit,
573 2769 660 2850 Quod
692 2787 746 2853 epo
777 2769 839 2834 am
869 2765 1002 2833 Ichouolt
1030 2767 1151 2848 scamna
1167 2768 1340 2856 ¹t‘udieium.
1395 2766 1567 2850 improbos,
1597 2775 1630 2831 et
1661 2788 1726 2831 non
1756 2768 1879 2850 patitur
1903 2771 2045 2852 grassari
2067 2791 2126 2852 pro
2149 2770 2288 2835 libidine
2310 2770 2362 2834 ad·

372 2854 413 2921 Se
435 2853 582 2920 Ieboecm
611 2852 794 2931 nominans,
824 2849 969 2918 excludit
996 2851 1083 2917 haud
1113 2852 1209 2918 dubie
1233 2855 1342 2918 emnia
1394 2873 1509 2918 versus
1529 2853 1684 2917 insontes.
1718 2852 1809 2918 Haec
1827 2853 1929 2936 igitur
1945 2856 2107 2938 scriptura
2122 2856 2247 2940 possim
2264 2858 2362 2940 signi·

370 2941 537 3022 figmenta,
566 2959 649 3021 quae
680 2951 759 3004 tunc
787 2937 924 3003 Iudaees
953 2938 1191 3004 abstraxeraut.
1240 2940 1343 3005 Terra
1393 2939 1469 3003 licat
1492 2958 1550 3020 per
1572 2957 1667 3003 voees
1689 2937 1800 3002 iudicii
1822 2947 1855 3003 et
1876 2939 2029 3006 iustitiae.
2065 2941 2198 3006 Iustitia
2217 2942 2284 3006 Dei
2301 2961 2362 3005 non

371 3026 459 3089 enim
486 3032 640 3107 corrupta
669 3034 739 3089 erat
768 3023 878 3088 multis
904 3024 1194 3107 superstitionibus,
1223 3025 1268 3089 ita
1289 3025 1343 3090 ob·
1393 3024 1558 3105 accipitur,
1589 3031 1625 3087 ut
1646 3023 1746 3107 vulgo
1768 3043 1827 3088 nos
1849 3023 2028 3108 loquimur:
2057 3036 2092 3091 et
2113 3027 2298 3110 improprie
2320 3027 2362 3090 le-

371 3130 504 3176 sourum
527 3120 599 3173 erat
620 3110 691 3173 veri
707 3107 771 3171 Dei
791 3128 920 3172 nomen.
953 3108 1197 3174 Prefitebantur
1211 3110 1342 3192 quidem
1393 3117 1537 3190 quantur
1564 3107 1619 3190 qui
1650 3108 1808 3173 iustitiam
1830 3108 1893 3173 Dei
1921 3118 2090 3192 opponunt
2111 3111 2361 3178 misericordiae.

370 3214 484 3260 omnes
506 3213 541 3258 se
562 3193 667 3259 celere
681 3192 790 3257 Deum
809 3191 970 3266 Abrahae,
994 3201 1026 3256 et
1048 3194 1103 3273 qui
1126 3194 1230 3275 legem
1250 3215 1342 3259 suam
1393 3193 1490 3259 Unde
1520 3193 1725 3277 proverbium
1759 3193 1910 3278 vulgare,
1945 3196 2091 3261 Provoca
2120 3219 2139 3261 a
2167 3198 2296 3263 iustitia
2325 3196 2362 3261 ed

370 3277 553 3345 tradiderat
592 3299 651 3360 per
692 3297 824 3341 manum
857 3277 976 3341 Musis:
1016 3277 1073 3340 sed
1113 3298 1215 3359 quum
1248 3280 1342 3343 multi
1394 3279 1658 3344 mirericordiam.
1704 3277 1874 3361 Scriptura
1896 3279 1992 3345 aliter
2013 3280 2176 3364 loquitur:
2203 3283 2363 3348 iustitiam

370 3385 499 3432 errores
529 3364 684 3447 permixti
713 3370 822 3427 essent
848 3381 947 3426 verae
976 3361 1153 3438 doctrinae,
1182 3363 1230 3425 ita
1252 3363 1343 3428 Deus
1394 3363 1482 3426 enim
1504 3364 1621 3446 accipit
1642 3384 1701 3445 pre
1718 3363 1807 3430 fideli
1824 3364 1969 3430 custodia
1984 3367 2056 3445 Dei,
2080 3387 2143 3450 qua
2160 3389 2236 3432 suos
2251 3376 2364 3434 tuetur

375 3471 474 3516 suum
504 3449 642 3532 madum
670 3467 736 3510 neu
764 3445 904 3510 tenebat.
949 3445 1031 3509 Vult
1058 3446 1160 3527 igitur
1180 3445 1272 3510 Deus
1298 3449 1343 3512 ita
1395 3459 1426 3512 et
1458 3457 1645 3512 conservat:
1686 3448 1841 3513 iudicium
1875 3457 1984 3515 autem
2017 3473 2076 3535 pre
2109 3454 2234 3536 rigere,
2270 3474 2362 3536 quem

376 3557 411 3601 se
440 3533 604 3620 cognosci,
634 3540 673 3597 ut
694 3531 781 3596 selus
804 3529 950 3611 excellat,
979 3538 1011 3594 et
1032 3531 1077 3596 sit
1096 3530 1190 3613 quasi
1211 3533 1246 3594 iu
1267 3553 1342 3597 een·
1395 3540 1524 3596 exercet
1546 3542 1658 3597 eontra
1675 3533 1757 3615 legis
1774 3553 1851 3599 suas
1869 3545 2133 3620 transgressores.
2169 3537 2246 3617 Sed,
2271 3540 2363 3605 sicuti

375 3634 498 3703 speetu.
554 3612 620 3686 Sed
661 3614 833 3699 explicatio
874 3635 956 3698 quae
996 3615 1141 3700 sequitur
1173 3616 1344 3700 diligenter
1395 3617 1459 3681 iam
1488 3616 1566 3692 dixi,
1597 3616 1750 3682 iudicium
1778 3628 1811 3682 et
1839 3620 1964 3685 iustitia
1987 3622 2084 3686 simul
2106 3628 2141 3687 et
2162 3626 2362 3690 coniunctim

375 3706 520 3771 notanda
543 3713 608 3770 est:
633 3702 671 3769 si
693 3703 780 3766 enim
799 3699 860 3765 hoe
875 3711 1003 3764 tantum
1019 3699 1163 3776 dixisset,
1187 3701 1345 3784 glorietur
1396 3709 1571 3766 sumuntur
1596 3721 1654 3783 pre
1675 3703 1822 3786 legitima
1843 3705 2084 3788 gubernatione,
2114 3729 2179 3790 qua
2202 3709 2298 3775 Deus
2320 3711 2362 3774 ita

376 3791 521 3876 quisquis
550 3787 684 3874 gloriari
714 3785 785 3851 vult
811 3787 844 3848 in
867 3785 1052 3868 cognitione
1074 3785 1147 3857 mei,
1178 3784 1263 3867 quod
1286 3807 1345 3869 ege
1396 3793 1556 3870 temperat
1577 3807 1630 3851 res
1651 3787 1685 3850 in
1708 3789 1839 3866 mundo,
1863 3792 2004 3855 utuihil
2026 3794 2070 3858 sit
2092 3795 2156 3858 nisi
2180 3801 2363 3862 rectumst

376 3879 437 3943 sim
468 3874 629 3952 Iehovah,
661 3873 775 3937 luisset
802 3868 933 3952 quidem
962 3868 1059 3952 plena
1088 3870 1252 3934 doctriua:
1289 3870 1345 3934 sad
1396 3872 1526 3937 iustum.
1578 3871 1623 3936 ut
1655 3871 1733 3936 hino
1766 3873 1880 3938 melius
1912 3878 2125 3943 confirmatur
2154 3880 2242 3962 quod
2275 3881 2363 3962 prius

376 3984 442 4027 nen
476 3961 555 4026 satis
588 3959 759 4041 perspicua
791 3955 844 4019 vel
878 3953 992 4019 facilis.
1042 3953 1229 4035 Suspensae
1258 3956 1345 4019 enim
1396 3954 1481 4035 dixi,
1513 3977 1631 4039 nempe
1663 3977 1728 4020 non
1758 3966 1886 4023 tantum
1914 3962 1948 4024 in
1978 3983 2098 4045 genere
2126 3966 2235 4048 ipsum
2267 3966 2362 4048 loqui,

375 4049 515 4114 fuissent
543 4043 713 4109 homiuum
735 4053 875 4106 mentes:
907 4035 948 4116 Ο,
976 4037 1053 4120 quid
1082 4036 1143 4104 hec
1169 4039 1230 4105 sibi
1254 4039 1346 4103 vult?
1397 4041 1453 4104 sed
1483 4041 1566 4105 velle
1596 4043 1693 4106 etiam
1717 4044 1838 4107 mederi
1862 4046 1949 4111 vitiis
1972 4067 2055 4128 quae
2077 4058 2156 4115 tune
2179 4051 2362 4126 obstabant,

376 4133 428 4200 vel
458 4149 614 4214 quorsum
645 4127 750 4191 tendit
778 4123 864 4208 quod
886 4123 979 4188 Deus
1007 4124 1088 4186 tanti
1118 4125 1268 4188 aestimat
1295 4125 1346 4188 sui
1397 4124 1567 4206 queminus
1606 4135 1792 4192 reverenter
1825 4132 2009 4212 exciperent
2041 4133 2154 4199 Iudaei
2187 4143 2257 4200 tam
2293 4157 2362 4220 pre·

376 4213 619 4303 coguitionem?
663 4211 793 4277 Deinde
822 4215 996 4293 putassent
1024 4227 1136 4272 omues
1161 4209 1240 4273 satis
1266 4229 1345 4286 esse,
1398 4209 1567 4273 missiones
1600 4230 1695 4292 quam
1728 4214 1847 4276 minas:
1880 4214 1960 4280 falsa
1993 4221 2080 4283 enim
2112 4221 2219 4304 gloria
2251 4242 2363 4287 omnes

376 4305 405 4371 si
434 4303 617 4367 faterentur
644 4299 776 4364 unicum
807 4315 876 4359 esse
900 4294 1017 4358 Deum.
1061 4292 1150 4375 Ergo
1173 4293 1264 4357 Deus
1292 4292 1346 4358 hie
1398 4293 1591 4372 inebriabat,
1624 4313 1723 4375 quum
1757 4297 1839 4361 alius
1872 4297 2001 4366 divitias
2035 4325 2110 4369 suas
2140 4313 2274 4388 putaret
2304 4307 2363 4372 sibi

376 4399 507 4456 revocat
523 4384 662 4450 Iudaees
685 4381 725 4447 ad
749 4399 883 4446 sensum
906 4398 982 4442 suae
998 4376 1187 4456 divinitatis,
1209 4388 1245 4440 ut
1263 4380 1347 4442 serie
1399 4397 1468 4442 esse
1499 4378 1604 4442 instar
1632 4379 1772 4445 invictae
1801 4384 2006 4464 munitionis,
2039 4389 2124 4454 alius
2155 4393 2361 4474 sapientiam,

376 4473 567 4557 intelligant
587 4472 693 4552 ipsum
716 4487 787 4532 esse
809 4463 927 4536 Deum,
958 4482 1016 4528 nee
1038 4461 1136 4526 inane
1158 4461 1206 4524 illi
1229 4481 1347 4526 nomeu
1398 4461 1480 4525 alius
1502 4462 1732 4530 fortitudinem.
1767 4464 1876 4545 Quum
1900 4489 1976 4554 ergo
1998 4475 2043 4537 ita
2061 4475 2154 4540 inani
2172 4477 2260 4542 fastu
2277 4477 2363 4560 pleni

378 4562 537 4626 duntaxat
576 4554 732 4620 tribuant.
786 4549 867 4614 Ideo
901 4547 967 4611 dixi
1000 4545 1174 4628 diligenter
1206 4547 1348 4610 notanda
1399 4546 1505 4612 Deum
1545 4557 1751 4628 spernerent,
1792 4561 1824 4614 et
1860 4554 2028 4621 coelestem
2065 4561 2135 4625 eius
2169 4560 2361 4638 doctrinam,

377 4667 448 4712 esse
477 4644 556 4709 haee
579 4641 689 4715 verba,
720 4636 803 4719 quod
824 4634 914 4700 Deus
934 4631 1032 4713 faeiat
1053 4629 1348 4696 misericerdiemet
1398 4631 1540 4714 oportuit
1562 4632 1622 4697 hoe
1644 4639 1746 4696 totum
1768 4637 1839 4718 cogi
1859 4637 1894 4701 iu
1916 4640 2080 4708 ordinem:
2111 4647 2177 4712 ime
2199 4649 2362 4713 exinaniri

377 4731 530 4798 iudicium
562 4733 590 4792 et
621 4725 785 4790 iustitium.
840 4717 1000 4782 Videmus
1032 4716 1128 4781 hodie
1160 4714 1194 4777 in
1228 4723 1346 4796 papatu
1397 4734 1546 4797 prorsus,
1579 4726 1615 4781 ut
1646 4716 1807 4783 discerent
1838 4740 1904 4785 nen
1938 4724 2013 4791 alibi
2045 4729 2256 4813 gloriandum
2285 4754 2362 4806 essa

377 4818 490 4882 iactari
513 4825 635 4878 temere
652 4810 713 4875 Dei
736 4825 872 4872 nemen:
896 4821 992 4867 nemo
1014 4808 1064 4864 est
1086 4800 1141 4882 qui
1160 4799 1348 4897 nonnplenis
1398 4820 1493 4882 quam
1527 4800 1561 4864 in
1594 4801 1775 4884 cognitione
1799 4804 1872 4870 Dei.
1922 4809 1993 4875 Iam
2024 4816 2167 4898 cognitio
2197 4839 2282 4900 quae
2311 4816 2396 4882 hic»

378 4903 488 4968 buccis
510 4897 697 4982 pronuntiet
717 4913 751 4960 se
769 4890 875 4959 celere
892 4905 994 4951 unum
1010 4883 1129 4958 Deum,
1152 4883 1209 4948 sed
1224 4893 1348 4947 interea
1398 4885 1539 4965 ponitur,
1568 4885 1648 4952 dues
1677 4889 1800 4954 fruetus
1829 4912 1870 4956 ex
1892 4913 1926 4958 se
1947 4897 2040 4976 parit,
2069 4920 2186 4986 nempe
2210 4903 2310 4968 tidem
2332 4911 2363 4968 ct

377 4987 555 5070 profanant
585 4983 650 5048 Dei
685 4998 818 5057 nomen,
851 4973 927 5056 quia
958 4970 1081 5036 scilieet
1112 4979 1222 5052 pestea
1249 4969 1347 5066 'quasi
1398 4970 1565 5034 timorem:
1593 4990 1667 5035 nam
1690 4974 1717 5036 si
1740 4977 1881 5055 persuasi
1904 4999 2014 5045 sumus
2036 5003 2137 5066 penes
2159 4987 2271 5054 Deum
2294 5009 2362 5054 esse

378 5071 483 5156 spolia
504 5069 566 5135 Dei
597 5071 683 5133 inter
709 5075 854 5130 mertuos
876 5056 1077 5143 partiuntur.
1122 5054 1225 5118 Deest
1246 5063 1348 5151 igitur
1398 5053 1666 5151 propitiationem,
1697 5067 1732 5122 ut
1762 5058 1879 5124 dieitur
1909 5063 2038 5132 Psalmo
2061 5071 2125 5136 130
2151 5073 2198 5157 (v.
2221 5075 2258 5161 4)
2286 5084 2361 5139 tunc

378 5157 432 5224 hio
453 5158 552 5232 loeus,
583 5175 701 5220 nemen
726 5151 788 5215 Dei
809 5167 868 5230 per
890 5164 926 5209 ee
947 5139 1072 5204 nullius
1094 5137 1162 5201 iore
1182 5145 1347 5234 momenti,
1398 5157 1432 5200 ιιι
1455 5158 1562 5220 ipsum
1584 5141 1808 5219 recumbimus,
1840 5155 1871 5209 et
1893 5168 1957 5212 uon
1981 5151 2168 5222 dubitamus
2191 5161 2232 5222 ad
2257 5162 2361 5244 ipsum

378 5244 405 5309 si
436 5240 579 5307 nudatur
608 5259 668 5305 sua
696 5237 826 5301 virtute,
878 5229 968 5313 Ergo
996 5225 1077 5290 haee
1104 5241 1181 5288 vera
1211 5225 1261 5286 est
1284 5217 1347 5284 Det
1397 5223 1580 5305 confugere,
1596 5235 1629 5290 et
1643 5247 1797 5310 reponere
1812 5229 1845 5292 in
1858 5232 1925 5297 eius
1938 5253 2035 5301 mauu
2048 5240 2188 5308 salutem
2201 5255 2359 5312 nestram:
