5158 6124
245 389 308 454 517
937 387 986 452 IN
1008 387 1257 454 manumet.
1298 388 1397 455 (lAP.
1418 386 1550 452 XXVI.
2176 390 2239 456 518

243 577 364 660 gulam,
396 587 433 640 nt
455 577 601 642 sinamus
623 598 682 642 nos
703 577 880 659 gubernari
904 597 924 640 a
947 575 1098 642 Domino.
1143 573 1216 640 Hoo
1269 573 1351 638 nihil
1383 574 1518 658 derogat
1551 574 1783 658 prophetarum
1821 577 1998 643 autoritati.
2055 579 2239 660 Prophetae

245 673 296 726 est
328 681 440 726 unum.
493 661 623 726 Deinde
657 660 743 744 quod
776 663 924 744 sequitur
964 661 1062 727 etiam
1101 672 1215 726 notatu
1267 661 1354 724 enim
1377 660 1481 744 legem
1504 660 1671 726 sanoiunt:
1706 671 1833 726 tantum
1857 663 1957 742 abest,
1988 669 2026 728 ut
2049 663 2172 745 aliquid
2195 685 2238 730 ex

245 746 380 830 dignum
404 756 470 827 est,
506 745 546 814 Ut
566 747 729 814 amiraldis
749 748 785 814 irs
807 747 869 832 lepe
894 767 971 813 meo.
1014 745 1106 812 Deus
1128 745 1215 810 enim
1267 765 1306 810 ea
1327 743 1512 812 detrahant.
1557 745 1628 809 Imo
1650 745 1704 812 hio
1726 746 1815 811 loeus
1837 746 1939 827 doeet,
1970 769 2083 814 omnes
2105 769 2159 814 eos
2182 751 2237 832 qui

245 833 299 897 hia
321 843 461 898 testatur
484 853 550 898 non
570 833 757 916 ambiguam
779 854 850 898 esse
878 853 969 899 suam
1002 833 1216 910 voluntatem,
1267 831 1441 912 repudiant
1473 830 1662 914 quotidiana
1694 833 1850 898 exercitia
1881 832 2043 909 disoendi,
2085 836 2237 916 profanos

245 920 321 1000 qnia
343 918 416 1002 loge
437 939 499 983 sua
520 919 729 1000 praeseripsit
750 918 827 1001 quid
852 925 975 984 reatum
994 919 1047 983 sit.
1079 917 1118 984 Si
1141 938 1215 982 oen·
1266 937 1338 982 esse
1361 916 1518 992 homines,
1548 926 1581 980 et
1602 917 1811 998 exstinguere
1834 920 2050 1001 quantumin
2074 918 2154 1002 ipsis
2177 932 2236 999 est,

245 1003 307 1068 ties
330 1024 408 1088 ergo
430 1002 607 1068 deseendst
628 1025 647 1068 e
668 1001 759 1069 ooelo
781 1002 872 1068 Deus
894 1025 959 1069 non
990 1002 1077 1068 aliud
1100 1003 1216 1068 afferet
1266 1001 1402 1084 spiritus
1424 1004 1581 1086 gratiam:
1616 1015 1650 1066 ut
1675 1012 1787 1067 nostro
1817 1011 1960 1086 tempore
1991 1005 2114 1070 fuerint
2142 1004 2234 1070 multi

245 1108 345 1170 qaam
368 1108 404 1154 se
426 1088 599 1170 loquutum
622 1088 800 1171 essequod
824 1089 903 1154 utile
926 1088 989 1154 tuit
1010 1090 1153 1171 oognitu,
1183 1099 1215 1151 et
1266 1088 1398 1154 sanatiei
1420 1090 1507 1154 inter
1529 1087 1777 1171 Anabaptistae,
1810 1091 1864 1172 qui
1890 1101 2083 1172 spernerent
2104 1109 2235 1155 omnem

245 1174 350 1257 legem
383 1193 476 1238 suam
510 1193 581 1240 asse
613 1174 886 1256 periaetissimam
918 1175 1122 1256 sapientiem.
1178 1171 1214 1239 Si
1267 1173 1458 1240 doetrinam.
1502 1173 1674 1239 lactabant
1700 1174 1786 1239 enim
1816 1173 1877 1240 hoa
1905 1196 1977 1241 esse
2007 1173 2235 1259 alphabetum:

244 1257 308 1324 hoe
331 1267 460 1324 tantum
483 1260 630 1334 dixisset,
653 1259 700 1326 Ut
721 1258 863 1324 audiatis
885 1281 955 1337 me,
985 1269 1138 1342 poterant
1159 1257 1213 1322 ad·
1266 1257 1383 1323 deinde
1416 1260 1622 1324 somniabant
1655 1259 1727 1324 fieri
1761 1260 1914 1324 iniuriam
1947 1261 2077 1344 spiritui
2110 1270 2234 1344 sanato,

245 1343 309 1412 huo
341 1344 491 1410 homines
520 1345 748 1428 tergiversari,
781 1357 813 1408 et
846 1347 992 1427 profiteri
1022 1365 1057 1410 se
1086 1353 1215 1426 paratos
1265 1365 1365 1426 quum
1388 1343 1535 1410 homines
1559 1345 1604 1408 ita
1626 1347 1742 1408 attenti
1765 1359 1873 1410 essent
1903 1348 2023 1413 literae.
2068 1346 2114 1412 Ει
2134 1345 2236 1429 aliqui

244 1451 315 1496 esse
338 1429 379 1494 ad
401 1429 609 1496 diseendum:
638 1430 730 1496 Deus
751 1451 830 1513 ergo
854 1432 906 1498 hie
924 1431 1113 1514 hypoeritas
1131 1450 1215 1494 eom·
1265 1429 1405 1495 orassius
1428 1430 1550 1494 audent
1571 1451 1647 1494 suae
1677 1430 1895 1515 blasphemiae
1924 1452 2092 1515 evomere,
2123 1430 2236 1496 dieunt

244 1516 363 1598 posuit,
395 1523 429 1580 et
451 1513 529 1582 dieit
550 1537 586 1580 se
608 1515 693 1580 nihil
722 1515 810 1581 aliud
836 1516 1016 1593 dicturum,
1050 1537 1149 1598 quam
1178 1525 1215 1579 ut
1266 1516 1414 1580 suffieere
1448 1513 1539 1579 nobis
1567 1517 1778 1597 scripturam:
1814 1516 1878 1580 imo
1905 1515 1985 1582 haee
2019 1516 2083 1582 duo
2116 1517 2233 1598 oapita,

244 1601 349 1685 legem
373 1621 466 1666 suam
488 1609 678 1682 sequantur.
723 1601 848 1667 Eodem
872 1603 969 1666 etiam
989 1600 1215 1683 speetatquod
1267 1601 1375 1664 Deum
1397 1601 1492 1678 time,
1525 1621 1600 1664 ama
1621 1601 1817 1684 proximum.
1862 1600 1928 1666 Sed
1959 1601 2234 1685 quemadmodum

246 1708 320 1752 max
344 1685 449 1769 addit,
481 1687 582 1768 Ortum
605 1688 702 1767 posui
728 1707 832 1754 eoram
858 1688 941 1770 faeie
967 1691 1077 1752 oesha
1121 1685 1214 1750 Haeo
1265 1685 1329 1749 iam
1364 1683 1448 1763 dixi,
1484 1684 1660 1751 videndum
1691 1699 1742 1752 est
1774 1685 1914 1770 qualiter
1947 1685 2101 1770 loquutus
2135 1686 2234 1751 fuerit

244 1773 332 1836 enim
362 1772 509 1854 loquutio
543 1773 724 1856 signifieat,
756 1771 837 1856 legis
867 1773 1048 1838 doetrinam
1079 1771 1214 1836 minime
1267 1769 1357 1836 Deus
1379 1770 1572 1854 perlegam,
1603 1794 1645 1835 an
1676 1783 1712 1835 ut
1734 1772 1795 1836 sibi
1819 1774 1904 1836 viam
1930 1771 2162 1854 praecluderet,
2193 1794 2234 1836 ne

243 1879 315 1925 esse
336 1858 531 1942 ambiguam,
553 1857 649 1923 siouti
672 1858 800 1924 diaebat
822 1859 931 1924 Moses
953 1855 1213 1944 (Deut.30,19),
1264 1856 1384 1921 elarius
1404 1867 1581 1940 exponeret
1604 1877 1696 1922 suam
1725 1858 1929 1922 voluntatem
1957 1879 2015 1941 per
2041 1859 2233 1942 prophetas:

244 1944 360 2009 Testor
381 1943 478 2008 hodie
499 1944 624 2010 eoelum
648 1955 681 2009 et
711 1953 848 2026 terram,
879 1965 931 2009 me
962 1944 1110 2026 posuisse
1138 1957 1213 2006 ante
1265 1962 1369 2022 neque
1402 1941 1660 2007 aeeommoderet
1692 1943 1732 2008 ad
1767 1954 1971 2026 praesentem
2010 1963 2106 2008 usam
2147 1941 2233 2026 quod

243 2029 352 2094 oeulos
374 2040 500 2094 vestros
523 2029 624 2094 vitam
654 2039 687 2094 et
713 2043 861 2094 mortem.
906 2031 1024 2094 Postea
1054 2026 1116 2094 alio
1145 2027 1213 2092 loeo
1265 2035 1390 2108 poterat
1412 2027 1530 2110 alioqui
1553 2027 1706 2112 frigidum
1729 2027 1822 2094 esse?
1846 2050 1889 2092 an
1905 2049 1982 2093 vero
1997 2041 2035 2093 ut
2052 2029 2233 2094 doetrinam

243 2113 289 2200 (v.
314 2115 383 2264 ml,
418 2114 467 2179 Ne
497 2115 584 2180 dieas
614 2115 699 2196 apud
732 2129 778 2192 te,
818 2114 903 2196 Quis
933 2114 1087 2180 aseendet
1113 2134 1213 2195 snpra
1236 2156 1240 2228 Ι
1263 2132 1346 2192 qnae
1369 2127 1479 2177 manat
1501 2134 1541 2179 ex
1564 2113 1618 2177 illo
1641 2116 1729 2178 lente
1750 2135 1809 2198 per
1830 2114 1961 2180 oanales
1989 2115 2121 2179 assidue
2148 2112 2232 2178 deri-

242 2200 347 2266 nubes
395 2199 446 2264 vel
469 2201 541 2282 quis
563 2199 737 2265 deseendot
760 2203 792 2264 in
809 2199 964 2285 abyssos?
988 2201 1059 2282 quis
1076 2200 1214 2264 traiioiot
1266 2201 1381 2261 varst?
1415 2199 1515 2280 Atqui
1541 2220 1641 2281 quum
1666 2200 1757 2264 Deus
1778 2199 1883 2282 legem
1907 2220 2000 2265 suam
2030 2199 2171 2274 dederit,
2201 2211 2234 2264 et

242 2285 464 2352 ultramare?
511 2285 668 2364 Verbum,
691 2287 806 2367 inquit,
836 2287 941 2352 estin
965 2285 1061 2350 eorde
1084 2295 1147 2360 tuo,
1180 2298 1214 2348 et
1264 2281 1425 2347 addiderit
1447 2282 1621 2366 prophetas
1643 2305 1728 2362 suos,
1751 2285 1896 2367 quisquis
1920 2285 2094 2367 prophetas
2117 2284 2232 2364 reiioit,

242 2373 276 2437 in
303 2392 359 2436 ora
389 2383 458 2448 tuo,
492 2371 552 2435 hoo
581 2382 644 2448 est,
677 2369 770 2436 Deus
800 2371 933 2436 abstulit
963 2371 1054 2435 vobis
1083 2391 1211 2435 omnem
1263 2369 1319 2432 illa
1341 2378 1430 2432 eerte
1452 2368 1533 2432 nihil
1558 2369 1631 2434 fidei
1655 2369 1771 2434 tribuit
1792 2370 1867 2454 legi.
1901 2369 1955 2434 Ita
1977 2371 2074 2434 etiam
2094 2371 2231 2454 quinon

241 2458 499 2534 exeusationem,
532 2456 609 2538 quia
633 2455 724 2520 nulla
746 2466 796 2520 est
818 2456 987 2522 dubitandi
1019 2455 1102 2520 ratio
1124 2466 1212 2537 poet·
1264 2455 1443 2536 dignantur
1466 2454 1561 2519 hodie
1584 2456 1740 2536 profioere
1765 2455 1800 2519 in
1824 2455 1948 2521 Christi
1978 2455 2106 2534 sehale,
2135 2467 2168 2520 et
2197 2475 2232 2519 se

242 2563 339 2625 quam
367 2541 572 2606 familiariter
603 2540 692 2605 vobis
720 2542 873 2622 loquutus
902 2557 968 2622 est,
1002 2552 1036 2605 et
1062 2540 1211 2622 exposuit
1264 2559 1415 2604 orereere
1448 2540 1483 2602 in
1513 2537 1626 2604 auditu
1662 2539 1769 2617 verbi,
1802 2562 1868 2606 uon
1899 2539 2034 2606 dubiam
2068 2550 2119 2621 est
2152 2539 2233 2623 quin

242 2626 399 2710 quidquid
424 2628 503 2691 utile
533 2638 611 2691 erat.
659 2627 699 2690 ldt
729 2624 806 2692 hino
836 2625 996 2691 refellitur
1025 2627 1124 2709 impia
1155 2625 1212 2690 illa
1265 2625 1369 2688 Deum
1391 2626 1499 2705 ipsum
1521 2627 1609 2690 intus
1631 2624 1815 2702 derideant,
1849 2636 1881 2691 et
1904 2646 1962 2707 pro
1986 2626 2088 2690 nihilo
2111 2625 2233 2690 duoant

241 2715 445 2798 papistarum
469 2711 680 2795 blasphemia,
703 2713 759 2793 qui
782 2732 846 2776 non
869 2712 964 2777 modo
986 2711 1090 2795 legem
1115 2710 1211 2775 blato·
1264 2723 1327 2772 tam
1351 2711 1456 2794 legem
1478 2731 1573 2793 quam
1597 2711 1788 2793 prophetas,
1822 2721 1854 2775 et
1885 2712 2090 2792 evangelium
2114 2711 2231 2794 ipsum.

242 2809 318 2864 rant
339 2799 509 2864 obscuram
533 2820 618 2874 esse,
652 2796 829 2862 sedetiam
857 2797 1062 2884 evangelium
1093 2797 1209 2881 ipsum.
1264 2795 1408 2878 Insignis
1438 2807 1487 2858 est
1515 2816 1592 2878 ergo
1620 2797 1673 2861 hio
1703 2797 1807 2876 loeus,
1840 2817 1941 2879 quam
1970 2796 2132 2861 Dominus
2161 2795 2233 2860 vult

242 2885 345 2966 Atqui
367 2883 490 2949 Paulus
513 2883 633 2949 elamat
654 2881 697 2966 (2.
721 2882 796 2948 (lor.
818 2882 899 2968 4,4)
921 2882 1126 2966 evangelium
1147 2902 1210 2947 non
1264 2880 1370 2964 legem
1393 2901 1486 2945 suam
1509 2902 1579 2946 esse
1609 2880 1724 2947 dueem
1754 2893 1787 2946 et
1815 2881 2025 2965 magistram:
2060 2896 2092 2945 et
2119 2889 2231 2945 tamen

241 2968 519 3048 esseobsourum,
544 2969 607 3033 nisi
631 2968 682 3032 his
705 2969 759 3050 qui
783 2983 932 3051 pereunt,
962 2968 1133 3050 atquibus
1156 2989 1211 3032 ve·
1263 2966 1361 3031 simul
1383 2965 1532 3048 adiungit
1563 2987 1639 3031 suos
1669 2966 1852 3049 prophetas.
1896 2965 2015 3044 Addit,
2050 2965 2133 3048 Quos
2157 2965 2233 3030 misi

241 3054 309 3119 lum
331 3055 494 3120 obiectum
517 3064 575 3132 est,
598 3055 673 3136 quia
695 3054 786 3137 digni
809 3065 888 3119 sunt
903 3055 960 3118 tali
975 3053 1210 3119 exoaeoatione.
1263 3052 1306 3116 ad
1327 3071 1376 3116 eos
1398 3056 1426 3116 et
1446 3071 1539 3116 marte
1559 3052 1712 3136 serpendo
1733 3057 1761 3118 et
1781 3051 1943 3130 mittendo,
1977 3051 2095 3134 quihus
2124 3050 2232 3117 verbis

242 3138 309 3206 Sed
332 3140 372 3204 de
392 3139 480 3222 lege,
510 3141 543 3204 in
573 3160 638 3222 qua
660 3159 726 3204 non
757 3150 847 3204 tanta
871 3154 920 3204 est
942 3140 1088 3214 olaritas,
1116 3149 1155 3204 ut
1175 3139 1211 3204 iu
1262 3137 1440 3220 exprobrat
1473 3135 1603 3203 Iudaeis
1630 3137 1821 3202 'tarditatem
1855 3148 1888 3203 et
1921 3137 2114 3215 sooordiam,
2155 3138 2232 3219 quia

242 3226 411 3309 evangelio
455 3224 603 3291 videmus
646 3225 723 3308 quid
773 3224 825 3289 hio
868 3225 1010 3290 affirmet
1046 3223 1209 3301 Ieremias,
1262 3224 1348 3304 ipsos
1370 3223 1590 3307 expergefooit
1611 3225 1692 3290 satis
1714 3233 1858 3288 mature:
1888 3221 2005 3288 deinde
2027 3244 2093 3288 non
2121 3223 2231 3302 semel,

242 3331 358 3393 nempe
380 3310 521 3393 positam
544 3330 615 3376 esse
645 3313 678 3376 in
709 3310 810 3376 oeulis
837 3311 1002 3389 omnium,
1033 3321 1070 3374 ut
1099 3321 1211 3392 aperte
1263 3307 1319 3373 sed
1342 3310 1490 3392 saepius:
1523 3320 1556 3374 et
1578 3319 1687 3374 tamen
1710 3309 1826 3374 luserit
1847 3329 1988 3392 operam.
2034 3307 2119 3374 Nam
2141 3329 2232 3374 morte

241 3419 283 3461 ex
305 3416 344 3460 ea
366 3395 493 3462 discant
514 3394 593 3478 quid
614 3394 687 3460 Deo
709 3395 843 3477 plaoeat,
866 3405 899 3461 et
920 3396 995 3478 qaid
1015 3407 1138 3460 reotum
1157 3395 1211 3461 sit.
1261 3414 1388 3478 surpere
1420 3415 1520 3478 quum
1558 3393 1600 3459 ad
1634 3393 1742 3460 Deum
1783 3395 1997 3477 transfertur,
2038 3393 2231 3459 tantundem

242 3481 309 3548 Sed
342 3481 431 3565 quod
464 3481 612 3564 sequitur
644 3482 678 3545 in
713 3482 860 3564 proximo
902 3502 998 3547 versu
1037 3480 1212 3564 diligenter
1261 3480 1350 3546 valet
1371 3489 1469 3562 atque
1490 3481 1683 3562 tempestive
1704 3501 1822 3547 voeare
1843 3481 1932 3562 ipsos
1949 3479 2116 3545 homines:
2139 3479 2232 3562 quasi

241 3567 480 3634 observandum
511 3577 570 3632 est.
615 3566 706 3632 Haeo
735 3568 822 3632 enim
853 3569 1034 3633 necessario
1062 3567 1151 3632 inter
1175 3587 1211 3632 se
1261 3568 1383 3632 diaeret
1412 3587 1446 3632 se
1478 3587 1542 3630 non
1572 3586 1643 3631 esse
1673 3568 1706 3630 in
1736 3565 1848 3649 oulpa,
1883 3564 1966 3648 quod
1996 3563 2110 3630 Iudaei
2137 3567 2182 3628 ita
2212 3585 2231 3630 a

240 3652 429 3733 oohaerent,
451 3652 537 3735 quod
560 3654 651 3717 Deus
674 3673 739 3716 non
761 3652 849 3716 aliud
872 3652 1024 3736 postulet,
1055 3673 1150 3734 quam
1175 3660 1211 3717 ut
1260 3661 1350 3717 reeta
1372 3653 1425 3717 ria
1446 3651 1562 3716 salutis
1584 3651 1801 3730 disoeeeerint,
1824 3653 1979 3734 quoniam
2002 3648 2114 3714 sedulo
2136 3671 2230 3716 eura·

240 3736 391 3804 homines
421 3738 574 3803 obediant
603 3737 667 3821 legi
693 3758 785 3810 suae,
819 3744 853 3800 et
886 3755 995 3802 tamen
1027 3738 1108 3802 velit
1136 3758 1210 3819 pro·
1260 3737 1347 3801 verit
1368 3736 1511 3818 ipsorum
1534 3735 1688 3814 salutem,
1718 3748 1752 3801 et
1781 3738 1974 3819 tempestive
2002 3735 2090 3817 ipsos
2118 3734 2229 3802 admo·

240 3823 358 3906 phetas
387 3844 464 3888 suos
493 3823 613 3888 audiri:
656 3821 697 3888 Ut
723 3823 881 3900 audiatis,
911 3825 1029 3905 inquit,
1058 3843 1212 3888 ιινιιιοιει
1261 3822 1379 3887 nuerit.
1424 3821 1584 3886 Videmus
1617 3843 1695 3906 ergo
1730 3833 1766 3886 nt
1798 3821 1957 3906 propheta
1987 3841 2099 3886 eorum
2132 3821 2230 3887 tardi·

240 3929 401 3975 aarum
422 3929 559 3974 mutan
571 3907 795 3990 prophetomm
816 3927 895 3989 quos
916 3929 970 3991 epo
990 3909 1078 3974 mitto
1098 3909 1141 3974 ud
1157 3928 1211 3974 vos
1260 3920 1359 3972 tatem
1394 3918 1425 3970 et
1457 3907 1637 3971 sooordiam
1674 3917 1823 3974 aeauset:
1864 3905 1981 3971 deinde
2014 3914 2048 3972 et
2077 3905 2231 3973 duritiem

241 3993 360 4080 (estin
382 3992 523 4060 seeundo
545 3992 702 4077 persona).
748 3993 812 4056 Hie
834 3993 937 4068 videri
967 4007 1073 4075 posset
1102 3992 1210 4074 aliqua
1260 4013 1359 4076 quum
1393 3991 1473 4058 dieit
1501 3989 1663 4060 mimate.
1709 3993 1794 4057 Nam
1827 3992 1881 4056 hio
1914 4001 2048 4057 notatur
2070 3994 2230 4074 repetitio,

240 4100 312 4146 esse
333 4081 457 4163 speeies
479 4079 725 4163 repugnantiae.
760 4077 844 4144 Nam
866 4080 893 4143 ei
918 4079 971 4144 lex
993 4077 1056 4144 Dei
1080 4079 1208 4154 suffieit,
1261 4077 1313 4144 vel
1339 4076 1520 4144 assiduitas.
1564 4077 1704 4144 Dixerat
1734 4078 1834 4160 prius.
1883 4077 1966 4159 Quos
1994 4098 2046 4162 epo
2075 4079 2160 4143 mitio
2188 4081 2231 4146 ad

239 4185 393 4247 quorsum
416 4166 517 4250 igitur
539 4166 658 4228 attinet
681 4164 853 4246 prophetas
875 4163 1010 4230 audire?
1057 4162 1123 4230 Sed
1153 4185 1208 4246 op·
1258 4185 1321 4240 vos,
1342 4168 1371 4228 et
1390 4183 1481 4229 marte
1502 4165 1674 4249 serpendo:
1706 4185 1793 4228 nune
1816 4183 1916 4246 quum
1939 4161 2037 4242 addit,
2067 4161 2230 4249 Momm,

240 4252 318 4315 time
351 4252 438 4316 inter
468 4271 503 4316 se
537 4251 755 4323 conveniunt,
789 4247 873 4330 quod
906 4250 958 4315 lex
993 4249 1061 4314 sola
1094 4248 1210 4314 debeat
1259 4248 1413 4332 intelligit
1435 4270 1471 4314 ee
1494 4271 1557 4313 non
1581 4250 1707 4314 misisse
1731 4271 1832 4314 unum
1855 4248 2058 4333 prophetam,
2084 4249 2134 4313 vel
2159 4249 2231 4334 plu·

239 4336 356 4413 audiri,
379 4348 412 4401 et
433 4336 531 4400 simul
554 4337 653 4399 etiam
684 4333 875 4416 prophetae,
906 4356 1021 4418 nempe
1050 4344 1209 4418 quatenus
1259 4355 1312 4400 res
1334 4355 1398 4399 uno
1421 4345 1576 4416 tempore,
1599 4333 1655 4398 sed
1678 4332 1816 4400 subinde
1838 4336 1919 4400 alios
1942 4333 2014 4397 aliis
2036 4334 2231 4399 fuisseeuh-

240 4433 318 4487 sunt
344 4422 415 4487 eius
443 4421 649 4502 interpretes.
694 4418 785 4484 Deus
813 4421 901 4485 enim
932 4419 1106 4502 prophetas
1132 4441 1209 4486 suos
1260 4431 1399 4502 rogatos,
1422 4427 1456 4484 et
1477 4429 1587 4484 tamen
1607 4420 1666 4485 hoe
1681 4421 1826 4486 oaruisse
1848 4420 1937 4485 omni
1956 4419 2111 4503 protenta.
2149 4421 2231 4504 Ego,

242 4529 308 4572 non
332 4509 434 4586 misit,
462 4507 518 4589 qui
540 4506 645 4588 legem
668 4506 867 4588 oorrigerent
889 4508 945 4588 qui
968 4503 1090 4588 aliquid
1113 4506 1147 4569 in
1171 4527 1209 4570 ea
1259 4503 1529 4588 quemadmodum
1553 4504 1636 4582 dixi,
1669 4506 1768 4570 finem
1792 4527 1906 4572 versus
1938 4526 1995 4587 per
2018 4505 2230 4588 parenthesin

240 4603 415 4672 mutarent,
442 4591 499 4674 qui
521 4589 688 4668 adderent,
716 4591 766 4655 vel
789 4589 1006 4667 detraherent,
1037 4591 1100 4654 tuit
1122 4593 1208 4656 enim
1260 4592 1331 4674 lego
1354 4589 1436 4676 (Vos
1456 4595 1559 4654 αιιειιι
1580 4610 1640 4655 nort
1663 4589 1823 4676 audistis).
1869 4589 2038 4673 Siquidem
2069 4612 2133 4655 uno
2154 4610 2231 4654 aon-

241 4681 409 4746 deoretum
431 4677 512 4742 illud
535 4676 740 4754 inviolabile,
773 4675 849 4740 Non
872 4676 986 4754 addas,
1021 4697 1126 4758 neque
1149 4679 1208 4741 mi·
1260 4685 1352 4741 textu
1376 4685 1487 4757 postea
1509 4675 1599 4739 addit
1621 4676 1780 4758 propheta
1802 4676 1985 4742 Taaododo
2007 4675 2095 4761 (nam
2114 4675 2231 4757 oopula

240 4786 335 4830 nuas.
380 4762 465 4843 Quis
486 4783 564 4846 ergo
584 4762 646 4826 tuit
672 4761 860 4844 prophetiae
891 4761 992 4827 usus?
1028 4782 1145 4842 nempe
1174 4771 1209 4826 ut
1260 4759 1378 4828 resolvi
1402 4761 1497 4826 debet
1526 4761 1558 4825 in
1583 4758 1773 4828 adverbium
1804 4762 1984 4844 temporis).
2029 4759 2123 4840 Quod
2154 4783 2231 4845 ergo

240 4851 345 4932 legem
370 4849 432 4913 Dei
455 4850 560 4932 magis
582 4868 620 4913 ao
642 4849 746 4930 magis
768 4849 1001 4928 patefacerent,
1033 4846 1150 4912 deinde
1174 4857 1210 4912 ut
1261 4868 1346 4912 nuno
1367 4845 1495 4923 dieitur,
1526 4845 1940 4924 Vosautemrtoauudistis,
1962 4858 2012 4912 est
2027 4845 2231 4929 antioipatio:

240 4934 523 5001 aeeommodarant
551 4931 592 4998 ad
627 4953 720 4997 usum
754 4933 875 5014 populi.
931 4932 1096 5013 Quoniam
1131 4953 1209 5016 erga
1260 4932 1413 5014 quoniam
1446 4929 1561 4997 Iudaei
1594 4941 1631 4996 ut
1663 4933 1838 5016 turgebant
1878 4951 1999 5015 magna
2033 4934 2231 5015 arrogantia,

241 5019 422 5104 prophetae
444 5039 507 5082 non
532 5019 692 5084 fabrieant
715 5039 831 5082 novam
855 5018 996 5100 aliquam
1019 5017 1209 5096 doetrinam,
1261 5025 1411 5099 poterant
1440 5017 1550 5080 statim
1584 5017 1749 5100 exeipere,
1783 5017 1852 5094 He,
1887 5015 1963 5098 quid
1997 5016 2096 5081 affers
2130 5017 2230 5084 novi?

241 5105 299 5172 aad
322 5113 416 5170 erant
438 5104 494 5168 fidi
516 5103 598 5188 legis
620 5105 827 5185 interpretes:
858 5102 930 5168 ideo
955 5104 1035 5168 haee
1057 5102 1122 5168 duo
1145 5124 1210 5167 non
1263 5101 1340 5168 Nisi
1361 5101 1529 5168 audieritis
1550 5121 1651 5167 vocem
1673 5124 1790 5186 meam,
1819 5103 1922 5184 inquit
1945 5100 2088 5175 Ietovat,
2110 5107 2145 5166 ut
2167 5125 2233 5168 am·

240 5190 300 5256 abs
321 5211 356 5255 re
382 5191 470 5254 Deus
491 5189 668 5271 ooniungit,
692 5211 727 5254 se
749 5188 833 5253 velle
855 5188 959 5270 legem
979 5209 1070 5254 enam
1087 5187 1209 5254 audiri:
1261 5187 1371 5254 boletis
1403 5189 1439 5253 ιἰι
1472 5187 1535 5273 lopo
1567 5209 1652 5272 mea,
1690 5209 1786 5271 quam
1812 5189 1910 5269 porat
1940 5207 2044 5253 coram
2076 5195 2234 5270 conspeetu

241 5289 354 5342 tamen
374 5273 472 5339 simul
495 5295 567 5340 oum
591 5295 629 5339 ea
652 5274 837 5358 prophetas,
859 5276 935 5356 quia
958 5275 1109 5340 maiestas
1128 5273 1211 5356 legis
1234 5295 1238 5336 ι
1261 5279 1378 5339 vestro:
1405 5274 1499 5357 quasi
1522 5295 1599 5339 vero
1622 5282 1725 5338 totum
1749 5273 1810 5339 hoo
1834 5272 1919 5356 apud
1943 5295 2002 5338 nos
2024 5275 2134 5357 pueris
2157 5294 2234 5356 quo·

1978 5373 2029 5429 33*
