5158 6124
227 421 289 486 437
916 421 966 488 IN
988 421 1236 488 latratuum.
1281 419 1381 488 OAP.
1404 419 1538 488 XXIII.
2167 433 2231 500 438

227 629 300 674 esse
318 621 443 688 netum,
466 617 499 674 et
516 611 563 674 ita
580 609 773 676 existiment
790 631 906 677 verum
922 609 1031 674 Deum
1050 615 1201 674 etaeter·
1251 610 1412 692 quispiam
1443 610 1478 673 iu
1509 607 1655 690 hedris,
1689 616 1725 675 ut
1756 613 1864 694 ipsum
1891 571 1970 680 uon·
1985 615 2132 682 adem?
2163 618 2229 684 Dei

228 715 307 761 uum
340 696 480 760 eonferri
514 695 625 772 idolis,
665 714 750 778 quae
790 695 941 763 homines
982 707 1103 759 temere
1139 693 1201 758 sibi
1251 696 1338 758 euim
1361 704 1556 777 oonepeetne
1578 701 1722 777 pertinet
1736 697 1776 760 ed
1792 698 1960 776 iudioium,
1984 701 2058 766 ideo
2072 704 2226 768 omitten-

227 779 396 845 lebrieant.
444 778 510 846 Sed
539 780 623 844 alter
652 801 767 847 sensus
796 781 894 863 longe
915 780 1031 846 melius
1052 779 1200 862 quadrat,
1252 778 1311 844 dee
1334 789 1412 845 sunt
1434 800 1546 845 omnes
1561 780 1697 846 frivolae
1715 784 1963 866 sperulationes,
1987 787 2043 852 ubi
2063 789 2229 870 seripturis

228 885 345 948 nempe
367 866 473 946 ipsum
495 885 559 932 esee
573 865 678 931 Βοιιιιι
699 887 715 931 e
735 867 921 950 bapioquo:
943 866 1096 948 quoniam
1115 867 1201 930 siout
1251 863 1330 930 dioit
1343 866 1449 931 Deum
1462 866 1572 929 omnia
1587 886 1736 932 semera:
1760 869 1816 933 sed
1834 872 2229 953 praeeipueoonsiderare

227 951 304 1015 alibi
327 951 462 1027 dieitur,
491 953 526 1015 in
560 952 698 1017 exoelsie
727 951 879 1016 habitans
906 952 1065 1033 eonspioit
1090 968 1199 1016 temen
1251 959 1380 1033 oportet
1408 970 1563 1032 quorsum
1595 951 1719 1026 rideat,
1756 973 1874 1036 nempe
1904 968 1942 1020 ut
1971 957 2103 1022 tandem
2135 965 2228 1025 voest

227 1035 382 1118 quidquid
405 1038 437 1100 io
461 1048 549 1101 terra
570 1039 703 1121 geritur.
733 1038 901 1116 Quoniam
919 1055 998 1118 ergo
1016 1035 1098 1100 nibil
1117 1035 1201 1119 fugit
1250 1035 1291 1099 ad
1322 1035 1477 1101 iudieium
1512 1053 1725 1120 quaeeunque
1759 1049 1921 1122 geruntur
1955 1041 1996 1106 eb
2029 1041 2227 1112 hominibus.

228 1120 292 1187 Dei
320 1131 549 1204 oonepoetum,
578 1122 653 1187 ideo
683 1134 820 1188 voratur
845 1121 937 1188 Deus
965 1143 984 1186 e
1011 1121 1203 1204 longinquo,
1251 1121 1313 1184 Est
1334 1122 1436 1203 igitur
1457 1121 1632 1203 applioatio
1649 1121 1816 1189 doetrinae
1835 1124 1875 1189 ed
1895 1145 1988 1191 usum
2009 1139 2167 1205 nostrum,
2192 1143 2228 1195 ιιι

228 1226 330 1288 quum
361 1205 550 1291 bypooritee
579 1209 768 1272 existiment
801 1209 906 1290 ipsum
939 1226 1011 1273 esse
1039 1205 1149 1270 Deum
1183 1225 1201 1270 e
1251 1206 1409 1288 quidquid
1429 1207 1571 1289 agimus,
1602 1207 1760 1290 quidquid
1787 1211 1969 1294 eogitemue
1997 1223 2030 1276 et
2053 1212 2227 1296 loquimur,

228 1293 418 1374 propinquo,
451 1292 512 1357 boo
534 1301 592 1371 est,
622 1299 659 1357 nt
681 1292 809 1359 Galliae
835 1293 989 1370 dioimue‚
1020 1291 1072 1356 De
1098 1298 1201 1356 coarto
1252 1291 1312 1356 boo
1334 1297 1440 1356 totum
1463 1291 1625 1356 referetur
1646 1293 1687 1356 ad
1713 1294 1773 1358 Dei
1795 1297 2027 1379 cognitionem.
2065 1299 2132 1364 Per
2148 1299 2227 1364 late·

227 1397 316 1454 oete,
350 1378 405 1459 qui
439 1390 568 1443 tentum
600 1389 713 1444 uernat
744 1397 828 1460 quae
860 1397 960 1459 prope
993 1378 1130 1451 adsunt,
1168 1385 1201 1440 et
1251 1377 1326 1442 bras
1348 1386 1458 1441 antem
1476 1376 1632 1460 intelligit
1649 1397 1763 1443 omnes
1781 1381 1924 1447 ooeultee
1942 1383 2083 1458 frendes,
2105 1384 2226 1467 quibus

228 1465 321 1547 quusi
342 1463 488 1528 subieete
509 1463 621 1528 oeulis.
664 1462 732 1529 Sed
754 1464 968 1547 iuterrogatio
996 1462 1071 1545 plus
1101 1461 1200 1527 habet
1251 1461 1329 1526 dum
1353 1472 1472 1544 putent
1500 1461 1649 1528 homines
1677 1482 1713 1528 ee
1741 1485 1833 1546 posse
1864 1477 1992 1550 tegere,
2022 1469 2105 1533 nibil
2136 1470 2226 1536 aliud

227 1547 455 1614 vehementiae
489 1569 587 1630 quarn
619 1550 648 1614 ei
679 1551 816 1616 dixisset
850 1548 1041 1631 simplieiter
1070 1568 1105 1613 se
1134 1567 1199 1613 non
1252 1549 1435 1631 profitiant,
1466 1548 1529 1612 nisi
1552 1559 1589 1611 ut
1611 1563 1780 1614 eouersent
1800 1551 1863 1615 sibi
1892 1553 2028 1636 gravius
2057 1555 2226 1622 iudioium.

227 1653 298 1698 esse
321 1634 426 1699 Deum
450 1655 468 1698 o
491 1635 680 1717 propinquo.
714 1634 825 1700 Hebet
846 1635 933 1700 enim
954 1635 1033 1698 haee
1054 1633 1200 1715 loquutio
1251 1633 1413 1698 Letebree
1436 1633 1537 1716 igitur
1559 1643 1637 1698 sunt
1658 1654 1772 1700 omnes
1787 1656 1893 1704 vanae
1915 1640 2130 1724 eogitationes
2152 1643 2226 1722 qui·

228 1719 295 1784 vim
318 1719 522 1802 obiurgandi,
551 1722 629 1802 quie
652 1721 789 1785 nimium
812 1722 881 1786 eius
904 1718 1068 1785 maiestati
1091 1719 1198 1784 detra·
1251 1718 1311 1784 bus
1333 1737 1405 1783 sese
1428 1718 1619 1802 hypocritae
1641 1720 1824 1802 involvunt,
1853 1733 1886 1788 et
1908 1723 1954 1788 ite
1976 1724 2166 1790 existimant
2189 1745 2225 1791 se

229 1803 315 1868 hunt
336 1804 535 1888 bypoeritue,
558 1806 613 1871 ubi
634 1807 680 1870 ita
702 1826 760 1889 pro
779 1826 875 1871 sensu
894 1826 953 1870 suo
975 1806 1106 1889 fingunt
1122 1823 1198 1868 eum
1250 1803 1415 1880 ooeultari,
1450 1813 1487 1868 ut
1512 1803 1604 1871 Deus
1638 1825 1703 1868 uou
1739 1807 1913 1891 perspioiet
1945 1828 2056 1873 eorum
2085 1818 2222 1876 mentes.

228 1910 292 1955 nou
315 1889 390 1974 plus
412 1889 537 1970 videre,
565 1911 663 1973 quem
685 1890 850 1956 hominem
880 1890 1062 1955 mortalem.
1107 1889 1199 1953 Nun·
1250 1890 1350 1954 Ridet
1371 1889 1474 1972 igitur
1491 1890 1581 1956 Deus
1604 1891 1799 1974 bypoerites,
1822 1911 1859 1958 ao
1881 1891 1967 1972 dioit,
1989 1893 2223 1978 Ingredientur

227 1995 324 2058 quem
358 1975 518 2040 auderent
547 1980 593 2039 ite
625 1977 733 2058 loqui:
772 1977 828 2040 sed
870 1977 898 2042 ei
930 1976 1002 2058 quie
1034 1977 1199 2040 exemtust
1249 1975 1285 2039 in
1307 1994 1384 2041 suae
1406 1975 1564 2053 latebras,
1593 1995 1664 2040 sese
1686 1977 1902 2056 sbsoondant,
1932 1989 1968 2042 ιιι
1990 1978 2136 2047 libuerit:
2160 2001 2221 2064 ego

226 2062 336 2126 omnis
357 2080 470 2126 eorum
489 2062 624 2127 oonsilia
642 2074 675 2125 et
692 2064 845 2140 eotiones,
868 2062 1007 2143 reperiet
1030 2079 1197 2142 nunquam
1250 2069 1359 2125 tameo
1382 2080 1448 2126 non
1470 2060 1579 2124 minos
1598 2061 1633 2124 in
1657 2060 1791 2127 latebris
1823 2066 1909 2128 olere
1931 2063 2041 2140 video,
2071 2085 2170 2147 quam
2193 2066 2222 2132 si

227 2151 355 2211 tentum
378 2146 443 2211 illis
466 2146 535 2211 fore
558 2147 729 2223 audatiae,
760 2147 823 2212 nisi
846 2167 880 2212 se
902 2150 990 2229 ipsos
1012 2146 1200 2228 deeIperent
1248 2146 1331 2210 mihi
1354 2145 1494 2228 proximi
1516 2145 1635 2210 forent.
1679 2145 1732 2211 Ad
1755 2149 2036 2214 oonlirmetionem
2060 2149 2220 2234 adiungit,

226 2231 288 2298 boe
309 2233 475 2314 figmento,
501 2232 608 2298 Deum
630 2232 753 2298 soilioet
780 2252 876 2314 posse
899 2231 1013 2313 deoipi.
1060 2231 1104 2296 ltu
1125 2230 1198 2296 ideo
1249 2231 1303 2296 Aa
1325 2251 1387 2296 nou
1408 2231 1520 2312 inspleo
1540 2231 1657 2295 edebam
1678 2236 1848 2313 etiosam,
1869 2233 1945 2300 dicit
1960 2233 2124 2300 Iebovob?
2148 2235 2222 2302 Hoe

228 2335 293 2381 nou
315 2318 416 2381 refert
438 2317 595 2382 Ieremias
616 2338 729 2383 eorum
748 2317 857 2392 verba,
880 2316 937 2382 sed
960 2317 1084 2400 detegit
1105 2315 1197 2381 mali·
1249 2318 1346 2381 etiem
1371 2336 1436 2380 non
1460 2313 1555 2380 debet
1576 2315 1742 2382 subtiliter
1762 2321 1881 2401 exponi
1913 2319 1953 2384 de
1974 2321 2135 2386 immensa
2158 2321 2222 2385 Dei

227 2404 324 2481 tiam,
365 2421 447 2484 quae
484 2404 565 2468 setis
602 2423 638 2467 ee
669 2401 826 2485 prodebat
859 2405 894 2467 in
927 2403 1007 2486 ipsis
1038 2400 1198 2484 operibus,
1249 2401 1399 2466 essentie.
1454 2400 1578 2466 Verum
1615 2401 1746 2484 quidem
1777 2409 1845 2483 eet,
1875 2405 2007 2469 extendi
2043 2407 2220 2472 essentiam

226 2489 375 2569 quemvis
408 2487 521 2574 lingue
560 2487 650 2552 uliud
689 2488 931 2571 profiterentur.
986 2487 1086 2553 Hono
1117 2506 1196 2550 vero
1249 2487 1311 2551 Dei
1341 2507 1399 2568 per
1424 2486 1551 2552 eoelum
1582 2495 1617 2552 et
1648 2497 1780 2564 terram,
1815 2500 1853 2554 ut
1886 2498 1934 2554 est
1966 2490 2107 2557 infinita.
2153 2489 2221 2557 Sed

227 2592 299 2638 esse
321 2593 452 2638 sensum
477 2574 593 2639 melius
619 2573 723 2655 liquet
751 2595 792 2638 ex
815 2573 964 2656 proximo
995 2593 1112 2648 versu,
1141 2573 1195 2653 qui
1248 2575 1408 2653 seriptum
1432 2591 1497 2635 non
1520 2572 1592 2636 vult
1620 2593 1680 2637 nos
1702 2592 1835 2654 pesoere
1864 2574 1988 2640 frivolis
2014 2575 2080 2641 illis
2109 2585 2143 2641 et
2169 2578 2221 2640 in·
2276 2591 2281 2598 ·

226 2658 424 2722 eoniunotim
437 2657 503 2742 legi
525 2659 637 2724 debet:
661 2657 717 2723 Au
738 2658 844 2724 latebit
863 2659 916 2724 uir
936 2659 972 2724 io
993 2657 1130 2736 latebris,
1145 2659 1196 2721 in·
1248 2657 1422 2724 iruotoosia
1451 2656 1719 2740 oogitetionibue,
1746 2667 1877 2724 tentum
1908 2659 2003 2726 dooet
2031 2659 2116 2742 quod
2145 2680 2221 2743 pro·

226 2744 416 2824 quitatione
429 2744 658 2810 uideomeum?
675 2744 739 2809 Hie
756 2742 1197 2826 versusexpositireadditus
1249 2742 1341 2807 desse
1375 2743 1468 2808 nobis
1500 2744 1602 2824 possit
1633 2743 1675 2808 ad
1707 2745 1873 2826 pietatem.
1925 2745 2016 2828 Ergo
2047 2747 2133 2827 quod
2167 2747 2221 2812 bio

228 2837 286 2893 est.
331 2828 447 2910 Itaque
480 2829 520 2893 ds
553 2830 731 2913 longinquo
764 2839 798 2894 et
830 2831 1014 2912 propinquo
1046 2849 1113 2893 non
1145 2832 1197 2892 est
1248 2827 1439 2910 pronuntiat
1458 2828 1548 2892 Deus
1569 2847 1603 2893 ae
1623 2828 1753 2911 iruplm
1772 2828 1888 2894 anahem
1909 2835 1938 2894 et
1957 2836 2083 2910 mam,
2107 2831 2220 2896 referri

226 2913 366 2997 emplius
395 2913 628 2993 dubitandum,
658 2916 735 2997 quin
768 2915 858 2980 Dens
887 2925 1022 2980 vooetur
1047 2935 1065 2978 e
1092 2913 1196 2997 login-
1248 2913 1346 2978 debet
1378 2912 1419 2977 ed
1451 2913 1690 2995 providentiam
1724 2913 1796 2980 eius
1827 2924 1861 2978 et
1892 2917 2085 2996 potentiam:
2126 2915 2221 2998 quasi

224 3000 604 3169 illustrati
629 2998 1196 3169 ⁰tz.¹’⁰,⁰tt;t.¹¹⁸tt‘ltu
1248 2997 1516 3148 tultus?
1529 2998 1694 3148 ,illut
1714 2998 2221 3167 remisissem

225 3169 348 3234 Mirum
382 3181 432 3234 est
461 3170 605 3236 Grueoos
637 3171 831 3252 interpretes
865 3179 931 3234 tam
962 3189 1070 3234 orasse
1097 3170 1196 3234 luisse
1249 3168 1409 3234 mundum
1438 3188 1505 3233 uon
1533 3187 1661 3235 ourare:
1697 3169 1754 3234 sed
1783 3169 1901 3236 dieitur
1930 3170 2065 3252 implere
2093 3171 2222 3236 eoelum

226 3253 458 3335 halluoinatos,
487 3258 563 3338 quia
591 3277 723 3339 prorsus
745 3266 913 3320 mutarunt
933 3275 1082 3334 sensum,
1111 3253 1196 3336 quod
1248 3269 1282 3319 et
1296 3264 1427 3330 terrem,
1444 3261 1605 3337 quatenns
1621 3254 1731 3320 omnia
1745 3255 1915 3338 gubernet,
1933 3267 2094 3338 quatenus
2112 3256 2223 3321 omnia

225 3341 268 3404 eit
294 3341 381 3404 Deus
401 3362 419 3405 e
442 3342 624 3423 propinquo
655 3347 688 3406 et
717 3361 782 3406 non
813 3341 1040 3424 elonginquo.
1084 3340 1198 3404 Primo
1249 3339 1388 3404 veniunt
1416 3359 1524 3404 eorem
1546 3341 1616 3421 ipso
1637 3341 1673 3403 in
1693 3341 1863 3417 rationem,
1898 3354 2057 3423 quatenus
2081 3340 2221 3424 denique

225 3443 289 3489 non
304 3425 532 3507 expenderunt
553 3427 858 3510 interrogationem:
881 3424 1008 3505 deinde,
1031 3423 1107 3508 quie
1131 3445 1196 3490 non
1249 3434 1300 3491 est
1331 3424 1430 3490 iudex
1463 3424 1587 3488 mundi.
1636 3425 1733 3492 Nune
1765 3433 1914 3492 tenemus
1942 3427 2021 3509 quid
2050 3427 2113 3492 sibi
2142 3427 2222 3492 velit

226 3509 381 3575 videbant
403 3531 558 3593 quorsom
588 3510 651 3576 hoo
678 3512 840 3592 tenderet,
872 3510 945 3576 ideo
968 3512 1198 3594 exoogiterunt
1249 3511 1418 3593 prophete.
1463 3509 1508 3574 ltu
1530 3509 1583 3576 hio
1605 3510 1695 3576 loeus
1716 3509 1890 3577 observatu
1912 3513 2031 3596 dignus
2052 3521 2111 3594 est,
2145 3513 2223 3594 quie

225 3613 266 3659 ex
288 3596 421 3660 oerebro
443 3617 501 3661 suo
530 3596 616 3679 quod
646 3617 779 3678 prorsus
804 3609 966 3664 remotum
997 3607 1045 3661 est
1073 3617 1093 3660 e
1122 3616 1197 3678 pro·
1250 3597 1316 3661 fere
1347 3597 1441 3661 nobis
1463 3595 1615 3660 omnibus
1637 3595 1802 3678 ingenitus
1824 3609 1874 3662 eet
1896 3597 1950 3661 hie
1971 3618 2073 3676 error,
2104 3605 2142 3662 ut
2163 3598 2223 3661 fiu-

224 3679 344 3764 pbstee
372 3683 491 3747 verbis.
541 3683 634 3747 Heeo
663 3683 793 3765 quidem
821 3683 986 3747 sententia
1014 3701 1081 3746 non
1111 3681 1196 3746 mele
1250 3701 1366 3763 gamus
1388 3680 1497 3746 Deum
1527 3681 1628 3746 nobis¹
1652 3680 1803 3747 similem.
1847 3681 1936 3747 Hine
1957 3681 2005 3758 fit,
2035 3691 2071 3746 ut
2094 3691 2222 3748 tantum

224 3766 372 3847 quadrat,
391 3767 498 3832 Deum
515 3769 824 3850 essepropinquum,
843 3768 1197 3851 etnonlonginquum:
1249 3766 1399 3831 lieentiee
1432 3766 1493 3832 eibi
1526 3768 1717 3848 permittent
1754 3765 1917 3831 homines:
1958 3786 2034 3830 uem
2071 3766 2142 3833 leve
2174 3777 2224 3833 est

224 3851 280 3916 ssd
315 3851 404 3916 eliud
437 3853 499 3918 sibi
526 3853 608 3929 vult,
643 3873 762 3934 nempe
795 3854 893 3936 longe
926 3853 1092 3918 diversum
1126 3871 1197 3917 esse
1248 3851 1315 3915 illis
1338 3851 1472 3935 delungi
1494 3872 1574 3935 erge
1590 3849 1705 3928 Deum,
1729 3850 1814 3934 quod
1836 3851 1960 3917 soilioet
1982 3873 2048 3918 non
2067 3863 2223 3935 reputent

224 3955 359 4002 aoumen
384 3937 457 4020 Dei,
480 3957 578 4020 quam
601 3938 781 4016 hominum,
804 3939 956 4020 quoniam
979 3940 1100 4019 optime
1123 3958 1196 4019 per·
1249 3936 1356 4018 qualis
1389 3937 1446 4013 eit,
1479 3935 1537 4002 ssd
1568 3958 1643 4001 eum
1678 3937 1853 4002 aestiment
1886 3956 1928 4000 ex
1961 3957 2060 4003 sensu
2096 3959 2155 4004 suo
2189 3950 2224 4004 et

222 4021 339 4104 epioiat
360 4043 444 4106 quae
463 4024 652 4106 longissime
672 4023 712 4088 ab
732 4024 802 4105 ipso
819 4022 954 4099 distant,
977 4023 1071 4087 sieuti
1091 4022 1196 4086 looum
1250 4033 1377 4088 nature.
1415 4021 1579 4102 Quoniam
1603 4043 1680 4106 ergo
1702 4023 1748 4086 ite
1768 4041 1882 4086 eumue
1904 4022 2015 4100 tressi,
2038 4023 2223 4105 expendere

224 4125 266 4170 ex
288 4106 422 4172 Psalmo
440 4108 527 4187 (101,
546 4107 602 4194 20)
624 4110 807 4187 ditavimus,
830 4119 863 4174 et
885 4108 967 4172 elter
989 4108 1088 4171 etiam
1106 4107 1197 4173 loeus
1249 4107 1424 4190 diligenter
1456 4109 1608 4172 convenit
1637 4108 1724 4172 buno
1752 4107 1872 4185 looum,
1907 4108 1961 4173 ubi
1991 4107 2110 4173 elamet
2132 4110 2224 4176 Deus

225 4201 333 4273 potest
366 4192 429 4259 bue
462 4195 567 4275 aptari
597 4215 638 4259 ox
667 4194 800 4258 Psalmo
824 4193 885 4259 139
914 4192 960 4277 (ι.
985 4194 1003 4256 7
1026 4191 1108 4278 sqq.)
1142 4194 1196 4258 ubi
1249 4213 1281 4258 ee
1303 4212 1364 4257 uon
1385 4211 1451 4258 eeee
1471 4194 1689 4274 arreptaque,
1720 4192 1781 4259 boo
1803 4201 1861 4271 est,
1889 4213 1924 4257 ee
1948 4212 2014 4256 non
2037 4213 2108 4259 esse
2131 4193 2223 4260 nobis

225 4276 303 4342 dieit
324 4278 501 4361 propheta,
530 4278 607 4359 Quo
635 4280 759 4362 fugium
789 4301 809 4345 e
837 4280 921 4345 leoie
953 4278 1033 4343 tue?
1064 4299 1140 4344 nem
1169 4280 1197 4343 ei
1248 4277 1405 4356 similem,
1443 4279 1558 4343 obtuso
1590 4278 1712 4343 soilioet
1745 4279 1882 4343 intuitu:
1923 4279 1980 4343 sed
2014 4300 2079 4344 non
2114 4281 2223 4344 minue

225 4362 402 4428 mendero
424 4366 458 4428 lo
480 4365 617 4441 eoelum,
640 4374 676 4429 tn
694 4364 762 4429 illio
784 4385 836 4431 ss:
858 4366 886 4429 si
908 4366 1038 4430 innuero
1060 4365 1096 4428 in
1118 4365 1198 4447 ipsis
1252 4364 1361 4428 videre
1383 4364 1417 4428 in
1440 4361 1548 4428 densis
1576 4363 1718 4428 tenebrIe
1739 4382 1837 4445 quem
1859 4364 1895 4427 in
1917 4363 2005 4429 olere
2026 4363 2115 4429 lues:
2149 4364 2223 4430 ldeo

224 4448 349 4524 inferis,
381 4450 461 4514 illue
489 4451 647 4514 extendes
677 4470 810 4516 menum
834 4456 943 4515 tuam:
977 4450 1005 4516 si
1027 4469 1198 4532 sumpsero
1250 4449 1334 4513 nibil
1356 4450 1513 4532 profioere
1535 4467 1592 4548 eos
1609 4467 1735 4548 omnes,
1759 4449 1813 4531 qui
1832 4447 1959 4548 fodiunt
1975 4448 2037 4515 sibi
2055 4469 2222 4548 earet-nas,

224 4553 349 4684 tut:
362 4555 515 4687 tt‘ttt
531 4534 1197 4705 tt'tttttdistullerit?
1249 4534 1521 4704 tttttgttt
1555 4533 2031 4716 lsstllttt¹¹l.l;ttttt‘
2045 4553 2223 4702 alulplill

225 4705 309 4778 bros,
333 4707 430 4770 etiam
454 4727 519 4772 nox
541 4707 612 4790 ipse
634 4707 698 4771 erit
718 4715 872 4789 tanquam
890 4707 951 4771 lux
968 4726 1075 4772 eorem
1100 4712 1141 4786 te,
1164 4717 1198 4770 et
1250 4705 1373 4770 fallant.
1419 4704 1526 4787 Neget
1554 4705 1656 4787 igitur
1686 4723 1770 4786 ipsos
1792 4704 1968 4787 quidquem
1989 4706 2156 4786 prolibare,
2189 4713 2224 4769 et

225 4787 379 4854 tenebrae
409 4801 564 4875 tanquem
595 4792 652 4857 lux
680 4791 860 4874 fulgebunt.
906 4790 943 4858 Si
972 4811 1050 4875 ergo
1082 4793 1197 4876 iunge·
1250 4791 1408 4856 rationem
1438 4789 1603 4873 adiungit:
1639 4790 1793 4871 Quonim
1825 4791 1953 4872 eabbae
1980 4791 2096 4855 eoelum
2116 4794 2145 4854 et
2165 4794 2224 4855 ter·

223 4893 300 4940 mus
322 4873 403 4940 duos
425 4877 504 4942 istos
526 4879 630 4955 loeus,
658 4876 741 4941 nibil
763 4878 903 4960 amplius
926 4875 1114 4960 ambiguum
1136 4879 1199 4941 erit
1249 4895 1330 4958 ram,
1352 4875 1387 4939 id
1409 4887 1459 4940 eet
1491 4875 1644 4957 quoniam
1668 4886 1701 4940 et
1723 4875 1927 4959 providentie
1949 4875 2029 4951 eius,
2052 4884 2086 4938 et
2109 4874 2222 4956 virtus,

223 4960 258 5022 in
289 4960 397 5026 verbis
419 4961 593 5042 Ieremias,
622 4982 739 5043 nempe
768 4962 854 5044 quod
878 4963 968 5028 Deae
996 4963 1031 5028 in
1063 4962 1197 5044 prolun·
1250 4969 1283 5024 et
1304 4961 1430 5025 iustitie
1450 4922 1569 5026 diffuse
1589 4961 1632 5026 eit
1653 4962 1780 5044 ubique,
1803 4971 1841 5026 ut
1862 4980 2055 5044 quoeunque
2073 4958 2222 5027 homines

224 5043 376 5111 dissimes
402 5067 547 5130 quaeque
576 5047 710 5132 abyssos
746 5056 895 5130 penetret
925 5067 985 5113 suo
1013 5057 1196 5130 eonspeotu,
1249 5065 1321 5112 sese
1350 5047 1560 5124 transferent,
1590 5067 1656 5112 non
1681 5048 1807 5130 possint
1829 5057 1940 5111 temon
1963 5045 2004 5110 eb
2027 5046 2098 5110 siue
2119 5044 2222 5113 oeulis

223 5131 272 5195 ita
293 5140 333 5196 ut
354 5131 436 5197 nihil
459 5133 565 5215 ipsum
589 5133 699 5198 lateat.
742 5131 814 5198 Iem
845 5153 910 5198 non
941 5141 1069 5197 tantum
1092 5133 1196 5215 expli·
1249 5151 1285 5197 ee
1307 5131 1515 5198 abscondere.
1559 5131 1727 5215 Sequitur,

223 5226 277 5281 oet
298 5215 455 5282 Ieremias
477 5237 610 5284 sensnm
633 5218 775 5301 proximi
798 5238 921 5296 versus,
944 5218 1001 5283 eed
1017 5239 1197 5284 eooommo·

225 5299 281 5366 det
303 5303 401 5367 etiem
424 5302 464 5367 ad
488 5322 693 5369 eommunem
715 5325 827 5370 usum:
851 5303 907 5368 Au
927 5304 1051 5385 latebit,
1079 5303 1196 5386 inquit,
