5134 6124
227 440 290 506 325
931 444 981 511 IN
1002 443 1253 514 lurtutssntr.
1298 443 1397 514 OAP.
1419 443 1517 511 XIX.
2169 447 2233 514 326

225 633 293 698 nari
316 632 351 696 in
373 630 637 695 oontroversiam.
678 629 806 696 Deinde
825 632 937 698 multis
954 633 1053 698 simul
1076 634 1203 716 experi·
1254 631 1329 697 dam
1352 641 1469 716 putant
1497 631 1689 716 simplieiter
1717 633 1819 715 aooipi
1849 653 1908 716 pro
1937 633 2062 716 inieris,
2089 645 2146 702 aut
2173 657 2233 718 pro

227 718 346 782 montis
369 715 562 799 probaverat
591 737 626 780 se
656 735 726 781 esse
757 717 892 784 unioum
916 719 1034 784 Deum.
1079 718 1203 784 Fuerat
1254 727 1359 783 morte
1391 726 1533 784 aeterne.
1586 717 1654 785 Sed
1683 718 1764 783 illud
1798 738 1863 784 uon
1897 729 2005 802 potest
2038 720 2105 786 ullo
2138 722 2233 790 modo

227 803 331 887 igitur
352 803 505 886 cognitus
528 816 594 866 tam
618 802 764 884 patribus
782 803 926 885 ipsorum
946 823 1042 889 quam
1062 802 1202 889 regibus,
1254 803 1395 870 admitti.
1440 804 1548 888 Magis
1571 803 1747 887 probabilis
1774 813 1823 870 est
1845 826 1956 871 eornm
1980 807 2153 885 sententia,
2176 810 2232 890 qni

227 910 346 973 nempe
365 888 495 968 Davidi,
518 898 552 952 et
573 889 725 952 omnibus
742 889 806 970 piis
828 891 1080 958 suecessoribus.
1114 890 1202 956 Hino
1254 889 1457 955 dednounta
1479 904 1541 986 qn,
1564 890 1649 974 quod
1673 891 1835 975 signifieat
1858 899 2062 977 tympanum.
2103 893 2231 959 Putant

227 975 1201 1145 etlttttttttttlttltttttttletttl
1254 975 2230 1148 ittntlloltllttltttlilmtttqlltlt‘

228 1146 328 1215 stulta
350 1146 498 1229 papistae
525 1145 686 1230 arripiant
714 1145 801 1211 huno
823 1147 929 1214 looum
953 1161 985 1212 et
1008 1147 1141 1225 similes,
1164 1158 1202 1212 ut
1254 1147 1331 1230 plex
1354 1157 1404 1214 est
1431 1149 1627 1226 oonieotura,
1658 1147 1767 1214 neseio
1796 1167 1838 1212 an
1869 1148 1933 1214 alie
1960 1149 2059 1214 luerit
2088 1151 2231 1218 nominis

226 1233 431 1316 antiquitatis
454 1239 624 1315 praetextu
647 1251 723 1298 suae
750 1231 1008 1301 abominationes
1037 1253 1200 1299 nomman-
1253 1235 1346 1300 ratio.
1391 1232 1534 1314 Quidam
1558 1234 1724 1301 deduauut
1746 1255 1766 1298 a
1787 1247 1858 1317 aar,
1882 1234 1968 1317 quod
1987 1235 2151 1320 signifieat
2174 1236 2230 1302 de·

227 1320 314 1385 dent.
355 1316 443 1383 Sunt
464 1316 552 1384 enim
575 1317 707 1382 evanidi
725 1317 800 1400 inei,
822 1340 924 1402 quum
943 1319 1063 1398 dieunt,
1087 1318 1118 1385 Ο
1141 1337 1201 1385 nos
1252 1339 1365 1384 eorum
1389 1339 1468 1393 asse.
1501 1328 1533 1384 et
1556 1318 1739 1400 pulohrum,
1769 1330 1802 1386 et
1832 1320 1963 1386 videtur
1994 1322 2074 1387 haee
2104 1331 2230 1406 etymo·

226 1405 393 1471 itaedooti
411 1403 533 1468 fuimus
549 1422 568 1468 a
584 1403 774 1469 maioribus:
794 1426 909 1490 regum
926 1406 1025 1470 etiarn
1043 1406 1201 1471 autoritas
1252 1405 1339 1488 logia
1375 1403 1498 1488 aliquid
1531 1403 1652 1472 habore
1686 1405 1813 1472 ooloris.
1858 1406 1904 1471 Et
1936 1408 2019 1473 forte
2052 1407 2099 1472 ita
2134 1407 2230 1477 debet

226 1491 370 1558 sesessit.
415 1490 499 1554 Nam
523 1488 682 1573 propheta
704 1489 758 1555 hio
780 1512 846 1556 non
869 1490 909 1555 de
927 1490 1126 1574 quibuslibet
1148 1511 1201 1574 pa-
1253 1491 1354 1574 aooipi
1390 1491 1440 1556 17.
1470 1511 1538 1574 oap.
1572 1489 1647 1558 libri
1679 1490 1740 1557 Iob
1772 1490 1817 1576 (v.
1847 1491 1898 1576 6),
1932 1493 1989 1558 ubi
2019 1494 2232 1577 nonqueritnr

227 1577 330 1642 tribus
353 1575 497 1641 disserit:
521 1574 577 1640 sed
601 1584 710 1657 patres
728 1596 783 1642 eos
806 1576 961 1662 intelligit
978 1576 1034 1661 qui
1056 1576 1201 1661 amplexi
1252 1589 1384 1643 sanetus
1406 1576 1459 1642 vir
1480 1598 1515 1642 se
1538 1577 1637 1642 luisse
1666 1578 1700 1642 in
1729 1575 1924 1660 parabolam,
1953 1589 1987 1644 ει
2016 1580 2052 1644 in
2082 1580 2230 1646 omnium

226 1665 356 1729 fuerant
377 1681 493 1727 verum
517 1675 550 1726 et
572 1680 690 1743 purum
715 1660 932 1742 Deioultum‚
954 1663 1049 1729 siouti
1068 1663 1201 1747 exlege
1252 1671 1428 1746 oonspeotu
1450 1683 1486 1728 se
1508 1663 1608 1728 luisse
1629 1677 1710 1731 nun.
1756 1661 1953 1746 Quanquam
1977 1675 2056 1730 snnt
2078 1665 2133 1747 qui
2156 1678 2229 1738 nun

226 1748 329 1815 edenti
353 1749 491 1812 fnemnt.
537 1747 646 1830 Reges
669 1747 767 1812 etiam
795 1769 849 1814 eos
879 1750 1061 1815 imitatione
1084 1747 1200 1832 dignos
1251 1747 1319 1815 illio
1341 1757 1510 1832 exponant
1532 1750 1625 1831 qnasi
1647 1755 1852 1833 portentum:
1883 1751 1929 1815 ita
1949 1750 1985 1815 in
2009 1750 2130 1816 malam
2152 1771 2229 1834 par·

226 1833 402 1919 praedicat,
425 1833 480 1916 qui
503 1834 555 1916 pie
573 1832 740 1899 uoluerant
755 1834 864 1900 Deum
880 1855 921 1900 ex
940 1835 1089 1900 doctrina
1106 1834 1199 1918 legis.
1252 1838 1318 1900 tem
1350 1833 1494 1900 trahunt.
1541 1833 1607 1901 Sed
1635 1834 1767 1900 videtur
1800 1835 1908 1918 potins
1940 1855 2010 1902 esse
2039 1837 2226 1912 antithesis,

226 1921 272 1986 Et
293 1921 339 1985 ita
361 1917 507 1985 exolndit
529 1939 641 1983 omues
663 1926 774 2001 patres
796 1928 829 1986 et
852 1941 945 2004 reges
974 1921 1030 2003 qni
1059 1919 1199 2004 degene·
1252 1919 1339 2001 quod
1376 1921 1476 1986 fuerit
1515 1920 1693 1987 inoundnm
1730 1920 1954 2002 speotaonlnm
1992 1923 2099 2004 prius,
2137 1943 2226 1990 nuno

226 2012 383 2072 navarent
415 2024 435 2069 a
468 2003 539 2088 lege
572 2004 683 2070 Moris.
740 2004 886 2071 Tandem
920 2005 1064 2086 subiioit,
1101 2005 1200 2073 ῑοιιιηι
1251 2016 1360 2071 autem
1384 2005 1427 2072 sit
1448 2007 1599 2072 omnibus
1625 2006 1833 2074 detestabilis.
1879 2006 1965 2072 Nam
1988 2008 2043 2091 qui
2064 2019 2136 2076 nun
2159 2007 2226 2074 illio

226 2092 317 2158 illum
347 2090 449 2173 fuisse
482 2090 644 2172 Impletura
675 2093 831 2174 sanquine
863 2092 1088 2158 innocentium:
1120 2111 1198 2175 qno·
1250 2093 1318 2157 aooi
1343 2092 1416 2157 iunt
1444 2112 1504 2175 pro
1538 2092 1667 2159 interno
1700 2105 1788 2159 nerto
1821 2093 1911 2160 omni
1945 2094 2070 2160 ratione
2102 2104 2225 2172 oarent,

226 2179 314 2244 niam
348 2176 471 2243 soilioet
499 2176 566 2241 illio
597 2176 784 2242 mactabant
813 2177 896 2243 filios
922 2197 1008 2244 suos.
1063 2179 1108 2244 Et
1138 2178 1199 2244 heo
1251 2111 1341 2260 quod
1360 2177 1482 2245 soilioet
1504 2175 1563 2244 Iob
1585 2186 1698 2262 pereat
1720 2177 1835 2244 videno
1863 2187 1898 2244 et
1924 2179 2041 2256 eniens,
2071 2179 2226 2263 quemad·

225 2264 470 2331 oiroumstantia
509 2282 624 2328 rursus
664 2262 841 2345 amplifieat
877 2264 1036 2330 Ieremias
1074 2263 1199 2329 orimen
1252 2262 1384 2329 modum
1413 2263 1601 2349 loquantur,
1629 2263 1711 2331 illud
1738 2273 1787 2330 est
1809 2272 1968 2330 sonetum.
2014 2264 2089 2330 Non
2114 2264 2226 2331 dubito

226 2350 345 2434 populi,
364 2347 448 2433 quod
468 2369 533 2413 non
552 2357 678 2414 tantum
697 2349 805 2414 Deum
824 2350 1018 2432 spreverint,
1041 2358 1074 2415 et
1096 2350 1199 2433 legem
1251 2348 1354 2433 igitur
1386 2349 1466 2433 quin
1501 2348 1587 2416 dieat
1620 2371 1655 2416 sa
1688 2349 1788 2416 luisse
1821 2351 1912 2434 prius
1943 2362 2033 2428 nen,
2075 2351 2135 2416 hoo
2167 2363 2226 2431 est,

225 2439 303 2512 eine,
327 2435 385 2502 sed
408 2436 505 2499 etiarn
529 2433 704 2501 erudelitor
726 2435 949 2501 interlaoerint
969 2437 1105 2501 miseros
1127 2435 1200 2501 illos
1252 2436 1422 2501 monrium
1446 2435 1589 2502 laetitiae
1610 2446 1645 2502 et
1666 2437 1817 2518 planans:
1849 2457 1936 2502 nuno
1964 2446 2074 2502 autem
2096 2454 2133 2502 se
2155 2457 2227 2505 esea

225 2524 376 2588 infantes.
421 2520 466 2585 Et
488 2521 534 2584 ita
556 2540 628 2586 reos
650 2521 815 2587 eonvinoit
846 2541 910 2586 non
932 2531 1062 2587 tantum
1083 2521 1199 2604 impie·
1253 2521 1401 2588 tristent
1423 2521 1815 2605 lugubrespeotaoulnm.
1861 2522 1907 2586 Et
1935 2531 2063 2588 eertum
2093 2531 2144 2588 est
2175 2523 2225 2587 in·

226 2609 303 2674 tatis
325 2618 360 2672 et
381 2605 552 2690 saerilegii‚
577 2606 660 2688 quod
683 2607 747 2672 Dei
769 2607 896 2672 oultnm
913 2607 1120 2674 vitiaverint:
1141 2606 1199 2672 sed
1251 2606 1356 2672 ditum
1386 2607 1487 2674 luisse
1516 2628 1634 2674 nomen
1668 2621 1740 2676 nen
1774 2607 1852 2673 valli
1884 2607 2040 2691 Hinnou,
2072 2608 2226 2691 quoniam

224 2695 321 2760 etiam
344 2693 499 2758 immanis
520 2699 554 2756 et
576 2690 734 2758 barbarae
755 2693 919 2770 saevitiae,
941 2691 1028 2776 qnod
1051 2714 1118 2758 nou
1141 2713 1198 2776 pa·
1250 2691 1329 2758 iude
1351 2693 1518 2760 oriebatur
1543 2693 1694 2760 hilaritas
1722 2701 1755 2759 ot
1776 2693 1933 2777 gandium
1962 2692 2081 2777 populi.
2126 2694 2227 2758 Puta·

224 2782 405 2864 peruissent
427 2778 580 2862 sangnini
602 2777 746 2844 innoxio.
1254 2779 1333 2845 baut
1361 2779 1448 2844 enim
1480 2780 1587 2845 Deum
1615 2780 1677 2844 sibi
1707 2799 1778 2846 esse
1804 2779 1993 2862 propitium,
2026 2798 2126 2862 quum
2158 2787 2226 2845 tam

1251 2864 1365 2930 sedulo
1387 2877 1582 2949 peragerent
1603 2864 1671 2931 illio
1693 2885 1753 2930 aua
1774 2863 1942 2930 saorifioia.
1987 2863 2090 2947 Atqui
2113 2884 2226 2947 provo·

310 2951 340 3017 6.
371 2949 543 3031 Propterea
564 2968 628 3015 eoee
648 2951 717 3016 dies
742 2950 878 3034 ueniunt,
906 2951 983 3017 dieu
1004 2949 1150 3030 Iebooab
1172 2954 1200 3016 et
1251 2949 1370 3016 oabant
1391 2951 1461 3017 eius
1483 2951 1575 3016 iram.
1610 2949 1762 3034 Topheth
1780 2950 1882 3034 igItur
1899 2951 1932 3014 in
1957 2949 2073 3016 bonam
2096 2955 2226 3032 partem

224 3057 285 3104 non
313 3035 388 3122 (hoe
417 3043 476 3115 est,
505 3035 622 3118 quibus
650 3036 730 3122 non)
755 3035 915 3103 nocebitur
943 3036 1027 3104 ἰοσιιι
1054 3035 1105 3102 ln'e
1134 3056 1201 3102 om·
1252 3035 1347 3102 debet
1362 3036 1474 3120 aeoipi,
1491 3036 1519 3101 si
1535 3036 1727 3120 raspioimns
1742 3035 1883 3119 primam
1898 3035 2068 3120 originem.
2100 3034 2226 3102 Verum

219 3123 310 3205 plina
335 3120 480 3205 reptet
504 3126 533 3186 et
553 3121 647 3188 velita
665 3121 728 3203 filii
750 3122 889 3200 Hiunon,
912 3122 967 3188 secl
988 3122 1083 3188 vallia
1104 3122 1199 3187 Inter·
1228 3122 1383 3204 quidem
1414 3130 1465 3187 est
1500 3122 1554 3188 30.
1577 3141 1646 3206 oap.
1681 3144 1710 3189 v.
1733 3121 1776 3190 33
1807 3121 1914 3188 Isaiae
1943 3121 2113 3206 'Iopbotbe
2140 3121 2226 3186 sumi

223 3209 377 3293 senionis.
1251 3228 1311 3290 pro
1340 3208 1511 3292 gebenna:
1544 3207 1601 3274 sed
1631 3211 1714 3275 iorte
1743 3209 1809 3275 iam
1838 3207 2017 3291 prophetae
2050 3216 2225 3290 oooperant

1250 3297 1299 3360 ita
1320 3293 1483 3360 exseorari
1512 3294 1619 3360 loonm
1651 3293 1756 3374 illum,
1789 3302 1826 3360 ut
1856 3298 2014 3360 vooareut
2042 3294 2226 3376 promisone

310 3379 462 3444 Vidimus
491 3387 657 3461 postrema
689 3379 843 3458 leotione,
877 3378 1072 3459 prophetam
1107 3379 1198 3445 iussu
1251 3379 1441 3461 Gahiunon,
1463 3387 1496 3446 et
1517 3379 1698 3464 uophoine,
1722 3381 1774 3446 vsi
1796 3379 1949 3463 I'opheth
1978 3381 2066 3464 ipsos
2095 3379 2224 3446 inferos.

224 3465 288 3531 Dei
309 3465 445 3529 missum
469 3464 570 3530 fuisse
592 3463 633 3528 ad
656 3466 826 3530 tabernam
855 3463 959 3549 figuli,
991 3470 1030 3529 ut
1051 3464 1128 3530 inde
1151 3465 1198 3529 la·
1248 3466 1337 3532 Nam
1367 3477 1400 3532 et
1429 3487 1547 3532 noman
1576 3465 1754 3548 gehennae,
1789 3471 1828 3531 ut
1855 3465 1933 3531 alibi
1962 3465 2115 3542 diximus,
2149 3464 2225 3529 inda

223 3569 342 3636 genam
357 3559 529 3616 testaoaam
547 3552 717 3634 aooiperet,
740 3550 882 3616 deferret
897 3571 969 3616 eam
986 3551 1019 3615 in
1035 3551 1198 3634 I'opbeth,
1249 3559 1419 3635 sumptum
1448 3563 1508 3618 est.
1561 3552 1623 3617 Est
1653 3551 1785 3635 quidem
1814 3559 2014 3634 oorruptum,
2049 3548 2106 3616 sed
2134 3550 2226 3634 origo

221 3647 256 3703 et
270 3637 338 3704 illio
352 3646 531 3719 exponeret
545 3636 700 3702 iudioium
716 3635 787 3714 Dei,
806 3634 892 3719 quod
907 3636 1050 3702 instabat
1065 3646 1199 3720 propter
1250 3659 1316 3704 non
1338 3646 1390 3702 eat
1419 3638 1582 3722 ambigue.
1627 3637 1697 3703 Gur
1725 3647 1832 3702 autem
1863 3637 1910 3702 ita
1930 3637 2122 3702 vooaveriut
2151 3654 2226 3718 pro·

222 3723 381 3788 violatum
404 3728 474 3787 eius
495 3722 630 3789 nultum.
675 3721 830 3788 Ostendit
852 3730 962 3787 autem
985 3721 1062 3806 quid
1089 3743 1198 3806 repre·
1250 3724 1368 3807 phetas
1390 3732 1424 3787 et
1446 3723 1502 3787 alii
1525 3723 1638 3790 fideles
1665 3724 1752 3806 ipsos
1781 3723 1912 3805 inleros,
1944 3722 1979 3786 in
2002 3729 2155 3805 promptu
2176 3731 2226 3788 est

222 3808 381 3874 honsione
413 3807 550 3892 dignum
582 3808 682 3874 fuerit
714 3809 749 3872 in
778 3807 926 3891 Iudaeis,
960 3827 1079 3893 nempe
1112 3808 1197 3891 quod
1250 3809 1351 3874 ratio:
1382 3808 1460 3892 quia
1482 3810 1606 3876 soilioat
1634 3808 1753 3874 diaboli
1783 3808 1967 3892 regnabant
1994 3809 2030 3872 in
2059 3807 2116 3873 illo
2144 3807 2226 3886 looo,

220 3896 371 3960 suffitum
394 3893 539 3959 lacerent
561 3891 700 3973 Baalim,
731 3898 940 3960 exstruerent
970 3893 1031 3958 sibi
1055 3895 1144 3959 luoos
1164 3902 1198 3958 et
1250 3895 1304 3960 ubi
1321 3893 1455 3958 vitiatus
1477 3893 1584 3960 luerat
1599 3895 1662 3960 Dei
1680 3895 1798 3975 uultus,
1821 3901 1855 3960 et
1874 3899 1943 3960 tota
1961 3893 2076 3977 religio
2095 3913 2224 3960 aversa:

222 3981 360 4060 exoelsa,
384 3979 592 4045 traduoerent
620 3979 704 4044 filios
727 3989 759 4044 et
781 3979 865 4045 filias
893 3997 952 4063 per
979 3980 1104 4063 ignom:
1136 3999 1197 4044 neo
1248 3982 1393 4046 maxime
1411 3999 1500 4060 vero,
1522 3982 1600 4064 quia
1621 3980 1719 4046 altius
1739 3980 1843 4046 infixa
1865 3985 1937 4046 erat
1959 3979 2051 4063 vulgi
2073 3977 2225 4046 sordibus

222 4067 327 4132 solum
350 4066 442 4147 impii
464 4075 573 4130 essent
594 4064 751 4132 adversus
774 4064 893 4142 Deum,
922 4064 979 4129 sed
1001 4065 1100 4130 etiam
1123 4085 1195 4129 oru-
1248 4065 1435 4148 superstitio
1457 4086 1556 4148 quam
1579 4074 1617 4132 ut
1640 4066 1752 4133 revelli
1774 4075 1891 4147 posset,
1926 4064 1990 4130 nisi
2015 4063 2225 4149 hyperbolioa

222 4153 310 4219 deles
333 4153 367 4215 in
391 4153 517 4216 animas
539 4151 700 4216 innoxias.
745 4151 816 4216 lam
839 4149 983 4234 nequid
1012 4151 1195 4215 exeusatio-
1248 4149 1464 4218 vehementia.
1517 4150 1687 4237 Quidquid
1715 4152 1767 4228 sit,
1800 4151 1954 4236 eollIgere
1981 4150 2057 4216 lioet
2085 4158 2153 4216 tam
2183 4170 2225 4215 ex

223 4239 275 4303 nis
303 4243 542 4320 praetexerent,
572 4236 670 4302 simul
702 4238 803 4302 etiam
834 4235 984 4319 addebat,
1019 4235 1101 4301 nihil
1131 4236 1196 4301 talo
1248 4238 1311 4303 hoe
1332 4235 1401 4302 loeo
1430 4256 1529 4319 quam
1560 4259 1602 4304 ex
1635 4238 1719 4321 aliis,
1751 4238 1940 4319 impositum
1973 4237 2072 4303 fuisse
2106 4256 2225 4302 noman

224 4325 352 4389 venisse
375 4340 520 4405 nuquam
544 4320 615 4386 Deo
637 4326 671 4387 in
695 4330 856 4388 mentem:
887 4322 971 4405 quod
1001 4330 1117 4387 notatu
1148 4322 1195 4386 di·
1248 4323 1326 4389 valli
1356 4344 1376 4389 a
1405 4323 1545 4389 laetitia:
1577 4323 1664 4406 quod
1693 4323 1815 4389 soilioet
1842 4331 1997 4406 putarent
2024 4341 2060 4388 se
2090 4341 2225 4406 prorsus

222 4429 326 4496 gnum
348 4417 407 4492 est,
438 4408 592 4490 quoniam
624 4406 685 4475 boo
713 4429 779 4474 uno
803 4407 901 4473 verbo
932 4408 1083 4474 lnlmInat
1105 4408 1196 4473 Dens
1247 4409 1358 4474 felleas
1396 4429 1484 4487 esse,
1522 4409 1678 4493 quoniam
1714 4409 1806 4474 Deus
1842 4419 1928 4474 esset
1965 4406 2030 4474 illis
2067 4408 2224 4491 planatus.

222 4500 338 4560 eontra
359 4495 470 4559 omnia
496 4495 655 4578 figmenta
682 4496 715 4559 in
744 4494 862 4578 quibus
890 4492 953 4560 sibi
978 4494 1108 4577 placent
1138 4495 1195 4559 ho·
1248 4493 1337 4575 Quid
1360 4503 1469 4560 autem
1493 4493 1673 4562 Ieremias?
1718 4495 1791 4560 Non
1817 4493 1984 4579 amodum,
2013 4494 2129 4578 inquit,
2158 4513 2225 4560 ena

222 4583 333 4646 mines.
378 4578 445 4646 Ubi
466 4579 568 4663 igitur
591 4578 716 4644 nullum
735 4590 785 4645 ost
807 4587 1027 4663 preeooptum,
1050 4580 1197 4664 sequitur
1242 4581 1334 4663 plius
1355 4579 1440 4646 beses
1461 4579 1515 4647 ille
1535 4580 1681 4664 Topbetb,
1702 4601 1798 4663 neque
1814 4579 1909 4646 uallis
1928 4580 1992 4663 filii
2009 4580 2149 4658 Hinnon,
2171 4579 2226 4644 sod

222 4666 374 4732 frivolum
409 4686 481 4730 esse
513 4675 546 4730 et
579 4665 695 4730 inutile
727 4663 883 4749 quidquid
919 4674 1073 4731 tentatur.
1123 4665 1194 4730 Iam
1248 4666 1407 4733 vocabitur
1439 4666 1534 4734 valtis
1566 4667 1795 4748 intersectionis.
1846 4665 1919 4734 Hoo
1949 4665 2225 4750 quemadmodum

221 4753 396 4818 denuntiat
417 4771 566 4833 poenam,
589 4770 689 4832 quum
712 4748 792 4817 dioit
811 4753 916 4818 uenire
936 4751 1014 4832 dies,
1037 4759 1094 4815 aut
1114 4771 1195 4817 ven·
1248 4773 1353 4836 nuper
1375 4752 1479 4837 attigi,
1508 4751 1639 4817 Iudaeis
1662 4754 1724 4818 fnit
1744 4752 1943 4820 incredibile.
1988 4751 2056 4818 Sed
2080 4751 2225 4834 oportuit

221 4849 326 4903 tnros.
366 4836 495 4903 Venient
516 4837 618 4920 igitur
638 4837 715 4916 dtas,
737 4837 853 4920 inquit,
882 4837 995 4918 qubus
1023 4856 1085 4902 non
1111 4856 1197 4903 neon
1248 4846 1360 4904 tamen
1382 4836 1575 4922 prophetam
1599 4837 1698 4904 libero
1721 4839 1786 4904 illis
1809 4837 2005 4905 denuntiare
2027 4837 2111 4920 qaod
2135 4837 2223 4902 lutu-

214 4923 308 4988 br’tur
335 4922 420 4988 loun
447 4922 497 4988 ln'e
526 4922 664 5006 emplius
696 4922 848 5003 Topbetb,
881 4943 978 5005 neque
1010 4923 1104 4988 nullia
1131 4921 1196 5003 filii
1248 4945 1321 4989 rum
1345 4933 1423 4988 erat.
1469 4923 1587 4990 Postea
1609 4925 1764 5008 sequitur,

221 5009 372 5076 Hiunon:
400 5008 457 5073 sed
479 5008 573 5074 uallis
600 5009 830 5089 interfectionis.
875 5009 949 5074 Hoo
970 5007 1103 5074 Iudaeis
1126 5019 1196 5073 erat

212 5093 421 5160 inoredibile.
466 5095 552 5160 Nam
582 5094 749 5179 elegerant
779 5095 841 5160 sibi
871 5095 978 5160 loourn
1005 5094 1108 5169 illum,
1139 5094 1196 5159 ubi
1334 5095 1362 5160 t.
1387 5093 1431 5160 Et
1452 5097 1637 5162 eeineniom
1658 5096 1822 5162 nuntium
1842 5093 1985 5160 Ielrudelt
2003 5097 2030 5159 et
2049 5092 2224 5158 Inuoolenr

221 5180 471 5262 superstitiones
510 5201 586 5246 suas
626 5191 830 5264 peragerent.
893 5178 1062 5246 Putabant
1094 5179 1196 5264 igitur
1246 5181 1283 5247 in
1304 5182 1368 5248 loeo
1390 5181 1454 5262 boo,
1476 5187 1716 5263 etprodnnem
1738 5202 1788 5248 eos
1804 5183 1838 5247 in
1859 5180 1970 5264 putto
1991 5199 2096 5248 eornm
2118 5180 2225 5245 inimi-

221 5266 341 5330 bonam
370 5275 496 5348 partem
523 5266 641 5332 salutis
670 5287 748 5334 suae
778 5267 948 5333 fundatam
977 5285 1048 5331 esse
1077 5266 1111 5330 iu
1139 5266 1195 5332 illo
1246 5268 1294 5334 eis
1315 5268 1467 5348 bianum,
1489 5273 1517 5334 et
1536 5269 1573 5334 in
1590 5289 1687 5334 manu
1704 5269 1921 5350 quaerentium
1938 5267 2079 5334 enimam
2098 5286 2225 5332 eorum:

220 5370 376 5434 perverso
398 5351 498 5416 oultn.
531 5349 627 5432 Quod
650 5353 692 5418 ad
714 5373 833 5420 nomon
856 5365 927 5422 nnn
950 5351 1100 5436 partinet,
1124 5353 1195 5434 qui·
1246 5358 1275 5419 et
1289 5373 1411 5434 ponam
1426 5355 1559 5422 mduoer
1578 5375 1684 5422 mrum
1705 5353 1814 5440 (dabo)
1835 5353 1871 5419 in
1887 5352 1989 5420 eibum
2006 5353 2127 5420 volueri
2148 5351 2225 5418 coeli

1964 5455 2016 5509 21·
