<?xml version="1.0" encoding="UTF-8"?>
<!DOCTYPE html PUBLIC "-//W3C//DTD XHTML 1.0 Transitional//EN"
    "http://www.w3.org/TR/xhtml1/DTD/xhtml1-transitional.dtd">
<html xmlns="http://www.w3.org/1999/xhtml" xml:lang="en" lang="en">
 <head>
  <title>
</title>
<meta http-equiv="Content-Type" content="text/html;charset=utf-8" />
  <meta name='ocr-system' content='tesseract 3.04.00' />
  <meta name='ocr-capabilities' content='ocr_page ocr_carea ocr_par ocr_line ocrx_word'/>
</head>
<body>
  <div class='ocr_page' id='page_1' title='image "./corpusreformato14melagoog_0307.png"; bbox 0 0 5118 6136; ppageno 0'>
   <div class='ocr_carea' id='block_1_1' title="bbox 357 407 2359 512">
    <p class='ocr_par' dir='ltr' id='par_1_1' title="bbox 357 407 2359 512">
     <span class='ocr_line' id='line_1_1' title="bbox 357 407 2359 512; baseline -0.002 0"><span class='ocrx_word' id='word_1_1' title='bbox 357 447 420 512; x_wconf 85' lang='grc' dir='ltr'>ιιι</span> <span class='ocrx_word' id='word_1_2' title='bbox 1163 407 1551 507; x_wconf 77' lang='lat' dir='ltr'>renaseuniouus</span> <span class='ocrx_word' id='word_1_3' title='bbox 2294 441 2359 507; x_wconf 77' lang='grc' dir='ltr'>ιιι</span> 
     </span>
    </p>
   </div>
   <div class='ocr_carea' id='block_1_2' title="bbox 301 628 2370 5424">
    <p class='ocr_par' dir='ltr' id='par_1_2' title="bbox 357 628 2362 3454">
     <span class='ocr_line' id='line_1_2' title="bbox 357 628 2359 721; baseline -0.003 -20"><span class='ocrx_word' id='word_1_4' title='bbox 357 637 501 721; x_wconf 86' lang='lat' dir='ltr'>primum</span> <span class='ocrx_word' id='word_1_5' title='bbox 525 644 644 701; x_wconf 90' lang='lat' dir='ltr'>sonant</span> <span class='ocrx_word' id='word_1_6' title='bbox 666 636 737 698; x_wconf 91' lang='lat' dir='ltr'>eius</span> <span class='ocrx_word' id='word_1_7' title='bbox 761 632 867 697; x_wconf 87' lang='lat' dir='ltr'>verbs.</span> <span class='ocrx_word' id='word_1_8' title='bbox 913 633 1047 697; x_wconf 88' lang='lat' dir='ltr'>Poterat</span> <span class='ocrx_word' id='word_1_9' title='bbox 1070 630 1168 707; x_wconf 92' lang='lat' dir='ltr'>anim,</span> <span class='ocrx_word' id='word_1_10' title='bbox 1197 638 1234 695; x_wconf 93' lang='lat' dir='ltr'>ut</span> <span class='ocrx_word' id='word_1_11' title='bbox 1255 628 1332 693; x_wconf 91' lang='lat' dir='ltr'>alibi</span> <span class='ocrx_word' id='word_1_12' title='bbox 1384 629 1594 713; x_wconf 78' lang='lat' dir='ltr'><strong>septuaginta</strong></span> <span class='ocrx_word' id='word_1_13' title='bbox 1617 631 1721 696; x_wconf 88' lang='lat' dir='ltr'>annis.</span> <span class='ocrx_word' id='word_1_14' title='bbox 1768 628 1864 710; x_wconf 78' lang='lat' dir='ltr'>Quod</span> <span class='ocrx_word' id='word_1_15' title='bbox 1888 640 1999 696; x_wconf 92' lang='lat' dir='ltr'>antem</span> <span class='ocrx_word' id='word_1_16' title='bbox 2030 630 2108 696; x_wconf 91' lang='lat' dir='ltr'>dioit</span> <span class='ocrx_word' id='word_1_17' title='bbox 2136 650 2170 695; x_wconf 86' lang='grc' dir='ltr'>ιι</span> <span class='ocrx_word' id='word_1_18' title='bbox 2196 628 2359 710; x_wconf 82' lang='lat' dir='ltr'>epistolam</span> 
     </span>
     <span class='ocr_line' id='line_1_3' title="bbox 357 714 2360 800; baseline -0.004 -11"><span class='ocrx_word' id='word_1_19' title='bbox 357 723 442 800; x_wconf 84' lang='lat' dir='ltr'>iecit,</span> <span class='ocrx_word' id='word_1_20' title='bbox 466 741 588 786; x_wconf 88' lang='lat' dir='ltr'>anunm</span> <span class='ocrx_word' id='word_1_21' title='bbox 612 731 734 785; x_wconf 88' lang='lat' dir='ltr'>notare.</span> <span class='ocrx_word' id='word_1_22' title='bbox 780 717 846 785; x_wconf 79' lang='lat' dir='ltr'>Sed</span> <span class='ocrx_word' id='word_1_23' title='bbox 869 737 968 800; x_wconf 90' lang='lat' dir='ltr'>quum</span> <span class='ocrx_word' id='word_1_24' title='bbox 997 714 1191 797; x_wconf 84' lang='lat' dir='ltr'>simpliciter</span> <span class='ocrx_word' id='word_1_25' title='bbox 1220 726 1333 778; x_wconf 89' lang='lat' dir='ltr'>narrat</span> <span class='ocrx_word' id='word_1_26' title='bbox 1383 715 1509 780; x_wconf 56' lang='lat' dir='ltr'>missae</span> <span class='ocrx_word' id='word_1_27' title='bbox 1534 735 1596 797; x_wconf 80' lang='lat' dir='ltr'>per</span> <span class='ocrx_word' id='word_1_28' title='bbox 1627 735 1756 782; x_wconf 79' lang='lat' dir='ltr'>menam</span> <span class='ocrx_word' id='word_1_29' title='bbox 1786 716 1955 800; x_wconf 67' lang='grc' dir='ltr'>ιιριιοιιιι</span> <span class='ocrx_word' id='word_1_30' title='bbox 1983 717 2085 800; x_wconf 80' lang='lat' dir='ltr'>repis,</span> <span class='ocrx_word' id='word_1_31' title='bbox 2115 715 2282 798; x_wconf 78' lang='lat' dir='ltr'>probabile</span> <span class='ocrx_word' id='word_1_32' title='bbox 2309 726 2360 780; x_wconf 91' lang='lat' dir='ltr'>est</span> 
     </span>
     <span class='ocr_line' id='line_1_4' title="bbox 358 799 2358 888; baseline -0.004 -15"><span class='ocrx_word' id='word_1_33' title='bbox 358 808 421 874; x_wconf 90' lang='lat' dir='ltr'>hoe</span> <span class='ocrx_word' id='word_1_34' title='bbox 446 828 525 872; x_wconf 87' lang='lat' dir='ltr'>esse·</span> <span class='ocrx_word' id='word_1_35' title='bbox 545 807 665 872; x_wconf 86' lang='lat' dir='ltr'>Iactum</span> <span class='ocrx_word' id='word_1_36' title='bbox 700 815 774 888; x_wconf 89' lang='lat' dir='ltr'>post</span> <span class='ocrx_word' id='word_1_37' title='bbox 805 823 974 887; x_wconf 89' lang='lat' dir='ltr'>egressum</span> <span class='ocrx_word' id='word_1_38' title='bbox 997 800 1182 879; x_wconf 87' lang='lat' dir='ltr'>leoboniae,</span> <span class='ocrx_word' id='word_1_39' title='bbox 1215 819 1332 866; x_wconf 89' lang='lat' dir='ltr'>sensus</span> <span class='ocrx_word' id='word_1_40' title='bbox 1384 799 1445 864; x_wconf 90' lang='lat' dir='ltr'>boc</span> <span class='ocrx_word' id='word_1_41' title='bbox 1468 801 1589 865; x_wconf 86' lang='lat' dir='ltr'>Iactum</span> <span class='ocrx_word' id='word_1_42' title='bbox 1619 803 1719 866; x_wconf 84' lang='lat' dir='ltr'>luisse</span> <span class='ocrx_word' id='word_1_43' title='bbox 1747 804 1849 888; x_wconf 91' lang='lat' dir='ltr'>ipsius</span> <span class='ocrx_word' id='word_1_44' title='bbox 1871 801 2049 867; x_wconf 84' lang='lat' dir='ltr'>Zedeobiae</span> <span class='ocrx_word' id='word_1_45' title='bbox 2078 803 2248 885; x_wconf 91' lang='lat' dir='ltr'>permissu.</span> <span class='ocrx_word' id='word_1_46' title='bbox 2292 801 2358 865; x_wconf 89' lang='lat' dir='ltr'>Ns·</span> 
     </span>
     <span class='ocr_line' id='line_1_5' title="bbox 357 884 2359 976; baseline -0.004 -16"><span class='ocrx_word' id='word_1_47' title='bbox 357 894 441 960; x_wconf 88' lang='lat' dir='ltr'>satis</span> <span class='ocrx_word' id='word_1_48' title='bbox 463 894 574 976; x_wconf 88' lang='lat' dir='ltr'>liquet,</span> <span class='ocrx_word' id='word_1_49' title='bbox 596 912 714 974; x_wconf 89' lang='lat' dir='ltr'>nempe</span> <span class='ocrx_word' id='word_1_50' title='bbox 737 891 822 972; x_wconf 92' lang='lat' dir='ltr'>qnod</span> <span class='ocrx_word' id='word_1_51' title='bbox 845 888 987 954; x_wconf 83' lang='lat' dir='ltr'>voluerit</span> <span class='ocrx_word' id='word_1_52' title='bbox 1012 899 1140 952; x_wconf 90' lang='lat' dir='ltr'>mature</span> <span class='ocrx_word' id='word_1_53' title='bbox 1162 905 1331 952; x_wconf 85' lang='lat' dir='ltr'>occurrere</span> <span class='ocrx_word' id='word_1_54' title='bbox 1385 905 1447 966; x_wconf 92' lang='lat' dir='ltr'>que</span> <span class='ocrx_word' id='word_1_55' title='bbox 1469 886 1557 950; x_wconf 90' lang='lat' dir='ltr'>enim</span> <span class='ocrx_word' id='word_1_56' title='bbox 1581 887 1716 953; x_wconf 92' lang='lat' dir='ltr'>dubium</span> <span class='ocrx_word' id='word_1_57' title='bbox 1739 901 1799 966; x_wconf 90' lang='lat' dir='ltr'>est,</span> <span class='ocrx_word' id='word_1_58' title='bbox 1829 889 1908 971; x_wconf 91' lang='lat' dir='ltr'>quin</span> <span class='ocrx_word' id='word_1_59' title='bbox 1939 889 2063 970; x_wconf 86' lang='lat' dir='ltr'>legatos</span> <span class='ocrx_word' id='word_1_60' title='bbox 2092 907 2169 952; x_wconf 91' lang='lat' dir='ltr'>snos</span> <span class='ocrx_word' id='word_1_61' title='bbox 2198 884 2359 951; x_wconf 91' lang='lat' dir='ltr'>mittendo</span> 
     </span>
     <span class='ocr_line' id='line_1_6' title="bbox 360 970 2361 1058; baseline -0.004 -14"><span class='ocrx_word' id='word_1_62' title='bbox 360 1000 470 1044; x_wconf 90' lang='lat' dir='ltr'>eorum</span> <span class='ocrx_word' id='word_1_63' title='bbox 503 978 660 1054; x_wconf 88' lang='lat' dir='ltr'>moerori,</span> <span class='ocrx_word' id='word_1_64' title='bbox 697 978 751 1058; x_wconf 92' lang='lat' dir='ltr'>qui</span> <span class='ocrx_word' id='word_1_65' title='bbox 782 975 901 1056; x_wconf 90' lang='lat' dir='ltr'>alioqui</span> <span class='ocrx_word' id='word_1_66' title='bbox 931 971 1141 1038; x_wconf 86' lang='lat' dir='ltr'>succumbere</span> <span class='ocrx_word' id='word_1_67' title='bbox 1170 979 1332 1054; x_wconf 88' lang='lat' dir='ltr'>poterant,</span> <span class='ocrx_word' id='word_1_68' title='bbox 1385 970 1550 1036; x_wconf 74' lang='lat' dir='ltr'>studuerit</span> <span class='ocrx_word' id='word_1_69' title='bbox 1571 971 1718 1038; x_wconf 78' lang='lat' dir='ltr'>savorem</span> <span class='ocrx_word' id='word_1_70' title='bbox 1741 973 1909 1057; x_wconf 85' lang='lat' dir='ltr'>anquirere</span> <span class='ocrx_word' id='word_1_71' title='bbox 1927 973 2013 1055; x_wconf 92' lang='lat' dir='ltr'>aqud</span> <span class='ocrx_word' id='word_1_72' title='bbox 2036 994 2145 1056; x_wconf 89' lang='lat' dir='ltr'>regem</span> <span class='ocrx_word' id='word_1_73' title='bbox 2166 972 2361 1037; x_wconf 88' lang='lat' dir='ltr'>Nabuobad-</span> 
     </span>
     <span class='ocr_line' id='line_1_7' title="bbox 359 1056 2359 1146; baseline -0.004 -16"><span class='ocrx_word' id='word_1_74' title='bbox 359 1065 423 1130; x_wconf 91' lang='lat' dir='ltr'>nisi</span> <span class='ocrx_word' id='word_1_75' title='bbox 458 1063 549 1129; x_wconf 90' lang='lat' dir='ltr'>Deus</span> <span class='ocrx_word' id='word_1_76' title='bbox 583 1059 820 1146; x_wconf 90' lang='lat' dir='ltr'>quodammodo</span> <span class='ocrx_word' id='word_1_77' title='bbox 857 1079 990 1123; x_wconf 91' lang='lat' dir='ltr'>manum</span> <span class='ocrx_word' id='word_1_78' title='bbox 1024 1057 1090 1122; x_wconf 90' lang='lat' dir='ltr'>illis</span> <span class='ocrx_word' id='word_1_79' title='bbox 1124 1056 1330 1139; x_wconf 79' lang='lat' dir='ltr'>porrexisset.</span> <span class='ocrx_word' id='word_1_80' title='bbox 1386 1077 1498 1133; x_wconf 83' lang='lat' dir='ltr'>nezer,</span> <span class='ocrx_word' id='word_1_81' title='bbox 1536 1057 1630 1122; x_wconf 88' lang='lat' dir='ltr'>cuius</span> <span class='ocrx_word' id='word_1_82' title='bbox 1666 1060 1767 1124; x_wconf 90' lang='lat' dir='ltr'>etiam</span> <span class='ocrx_word' id='word_1_83' title='bbox 1806 1077 1888 1124; x_wconf 84' lang='lat' dir='ltr'>nutu</span> <span class='ocrx_word' id='word_1_84' title='bbox 1926 1057 1966 1122; x_wconf 89' lang='lat' dir='ltr'>sd</span> <span class='ocrx_word' id='word_1_85' title='bbox 2000 1059 2119 1124; x_wconf 88' lang='lat' dir='ltr'>solium</span> <span class='ocrx_word' id='word_1_86' title='bbox 2151 1069 2359 1140; x_wconf 85' lang='lat' dir='ltr'>pervenerat.</span> 
     </span>
     <span class='ocr_line' id='line_1_8' title="bbox 361 1140 2360 1228; baseline -0.006 -11"><span class='ocrx_word' id='word_1_87' title='bbox 361 1149 490 1217; x_wconf 84' lang='lat' dir='ltr'>Scimus</span> <span class='ocrx_word' id='word_1_88' title='bbox 513 1148 600 1214; x_wconf 90' lang='lat' dir='ltr'>enim</span> <span class='ocrx_word' id='word_1_89' title='bbox 623 1148 758 1214; x_wconf 89' lang='lat' dir='ltr'>orndnm</span> <span class='ocrx_word' id='word_1_90' title='bbox 787 1144 928 1209; x_wconf 90' lang='lat' dir='ltr'>dolorem</span> <span class='ocrx_word' id='word_1_91' title='bbox 959 1164 1029 1208; x_wconf 93' lang='lat' dir='ltr'>esse</span> <span class='ocrx_word' id='word_1_92' title='bbox 1060 1142 1223 1207; x_wconf 88' lang='lat' dir='ltr'>difficilem</span> <span class='ocrx_word' id='word_1_93' title='bbox 1254 1141 1333 1205; x_wconf 90' lang='lat' dir='ltr'>tole·</span> <span class='ocrx_word' id='word_1_94' title='bbox 1384 1140 1500 1224; x_wconf 80' lang='lat' dir='ltr'><strong>Neque</strong></span> <span class='ocrx_word' id='word_1_95' title='bbox 1529 1143 1616 1207; x_wconf 90' lang='lat' dir='ltr'>enim</span> <span class='ocrx_word' id='word_1_96' title='bbox 1646 1155 1757 1210; x_wconf 89' lang='lat' dir='ltr'>tantae</span> <span class='ocrx_word' id='word_1_97' title='bbox 1790 1155 1860 1210; x_wconf 88' lang='lat' dir='ltr'>erat</span> <span class='ocrx_word' id='word_1_98' title='bbox 1887 1144 2057 1228; x_wconf 89' lang='lat' dir='ltr'>dignitatis</span> <span class='ocrx_word' id='word_1_99' title='bbox 2085 1153 2123 1208; x_wconf 92' lang='lat' dir='ltr'>ut</span> <span class='ocrx_word' id='word_1_100' title='bbox 2149 1165 2209 1208; x_wconf 90' lang='lat' dir='ltr'>rex</span> <span class='ocrx_word' id='word_1_101' title='bbox 2237 1145 2360 1210; x_wconf 89' lang='lat' dir='ltr'>eonsti-</span> 
     </span>
     <span class='ocr_line' id='line_1_9' title="bbox 360 1225 2361 1312; baseline -0.004 -11"><span class='ocrx_word' id='word_1_102' title='bbox 360 1249 451 1302; x_wconf 88' lang='lat' dir='ltr'>ratn:</span> <span class='ocrx_word' id='word_1_103' title='bbox 482 1241 514 1298; x_wconf 91' lang='lat' dir='ltr'>et</span> <span class='ocrx_word' id='word_1_104' title='bbox 536 1234 615 1299; x_wconf 87' lang='lat' dir='ltr'>bine</span> <span class='ocrx_word' id='word_1_105' title='bbox 637 1235 733 1297; x_wconf 83' lang='lat' dir='ltr'>atium</span> <span class='ocrx_word' id='word_1_106' title='bbox 765 1230 946 1306; x_wconf 79' lang='lat' dir='ltr'>translatio,</span> <span class='ocrx_word' id='word_1_107' title='bbox 976 1249 1077 1311; x_wconf 92' lang='lat' dir='ltr'>quum</span> <span class='ocrx_word' id='word_1_108' title='bbox 1101 1239 1218 1294; x_wconf 85' lang='lat' dir='ltr'>vocant</span> <span class='ocrx_word' id='word_1_109' title='bbox 1246 1225 1332 1290; x_wconf 90' lang='lat' dir='ltr'>dolo-</span> <span class='ocrx_word' id='word_1_110' title='bbox 1384 1235 1544 1307; x_wconf 88' lang='lat' dir='ltr'>tueretur,</span> <span class='ocrx_word' id='word_1_111' title='bbox 1574 1231 1725 1310; x_wconf 83' lang='lat' dir='ltr'>quamvis</span> <span class='ocrx_word' id='word_1_112' title='bbox 1747 1239 1833 1296; x_wconf 89' lang='lat' dir='ltr'>esset</span> <span class='ocrx_word' id='word_1_113' title='bbox 1854 1251 1896 1294; x_wconf 90' lang='lat' dir='ltr'>ex</span> <span class='ocrx_word' id='word_1_114' title='bbox 1919 1231 2043 1295; x_wconf 89' lang='lat' dir='ltr'>semine</span> <span class='ocrx_word' id='word_1_115' title='bbox 2066 1229 2167 1312; x_wconf 88' lang='lat' dir='ltr'>regin,</span> <span class='ocrx_word' id='word_1_116' title='bbox 2194 1229 2258 1294; x_wconf 89' lang='lat' dir='ltr'>nisi</span> <span class='ocrx_word' id='word_1_117' title='bbox 2281 1230 2361 1310; x_wconf 88' lang='lat' dir='ltr'>quia</span> 
     </span>
     <span class='ocr_line' id='line_1_10' title="bbox 361 1310 2360 1398; baseline -0.005 -11"><span class='ocrx_word' id='word_1_118' title='bbox 361 1341 431 1387; x_wconf 88' lang='lat' dir='ltr'>rem</span> <span class='ocrx_word' id='word_1_119' title='bbox 455 1320 617 1386; x_wconf 88' lang='lat' dir='ltr'>acerbum.</span> <span class='ocrx_word' id='word_1_120' title='bbox 661 1319 744 1383; x_wconf 78' lang='lat' dir='ltr'>Erat</span> <span class='ocrx_word' id='word_1_121' title='bbox 773 1319 860 1382; x_wconf 90' lang='lat' dir='ltr'>enim</span> <span class='ocrx_word' id='word_1_122' title='bbox 892 1316 1020 1381; x_wconf 88' lang='lat' dir='ltr'>novitas</span> <span class='ocrx_word' id='word_1_123' title='bbox 1048 1313 1202 1393; x_wconf 90' lang='lat' dir='ltr'>molesta,</span> <span class='ocrx_word' id='word_1_124' title='bbox 1231 1333 1331 1394; x_wconf 91' lang='lat' dir='ltr'>quum</span> <span class='ocrx_word' id='word_1_125' title='bbox 1385 1310 1664 1379; x_wconf 80' lang='lat' dir='ltr'>Nebuobedneser</span> <span class='ocrx_word' id='word_1_126' title='bbox 1697 1318 1825 1398; x_wconf 85' lang='lat' dir='ltr'>putavit</span> <span class='ocrx_word' id='word_1_127' title='bbox 1857 1316 1918 1380; x_wconf 91' lang='lat' dir='ltr'>sibi</span> <span class='ocrx_word' id='word_1_128' title='bbox 1952 1315 2014 1379; x_wconf 87' lang='lat' dir='ltr'>boe</span> <span class='ocrx_word' id='word_1_129' title='bbox 2046 1315 2115 1379; x_wconf 87' lang='lat' dir='ltr'>Iure</span> <span class='ocrx_word' id='word_1_130' title='bbox 2148 1314 2360 1380; x_wconf 89' lang='lat' dir='ltr'>commodius.</span> 
     </span>
     <span class='ocr_line' id='line_1_11' title="bbox 360 1397 2361 1484; baseline -0.004 -12"><span class='ocrx_word' id='word_1_131' title='bbox 360 1407 521 1473; x_wconf 81' lang='lat' dir='ltr'>violenter</span> <span class='ocrx_word' id='word_1_132' title='bbox 543 1415 575 1468; x_wconf 89' lang='lat' dir='ltr'>et</span> <span class='ocrx_word' id='word_1_133' title='bbox 604 1404 711 1469; x_wconf 90' lang='lat' dir='ltr'>subito</span> <span class='ocrx_word' id='word_1_134' title='bbox 733 1403 871 1467; x_wconf 86' lang='lat' dir='ltr'>extructi</span> <span class='ocrx_word' id='word_1_135' title='bbox 894 1401 1031 1465; x_wconf 84' lang='lat' dir='ltr'>fuissent</span> <span class='ocrx_word' id='word_1_136' title='bbox 1053 1420 1072 1464; x_wconf 94' lang='lat' dir='ltr'>e</span> <span class='ocrx_word' id='word_1_137' title='bbox 1094 1399 1214 1481; x_wconf 90' lang='lat' dir='ltr'>qnietis</span> <span class='ocrx_word' id='word_1_138' title='bbox 1237 1397 1332 1462; x_wconf 91' lang='lat' dir='ltr'>nidis.</span> <span class='ocrx_word' id='word_1_139' title='bbox 1385 1397 1470 1462; x_wconf 91' lang='lat' dir='ltr'>Nsm</span> <span class='ocrx_word' id='word_1_140' title='bbox 1493 1400 1522 1464; x_wconf 93' lang='lat' dir='ltr'>si</span> <span class='ocrx_word' id='word_1_141' title='bbox 1549 1419 1645 1483; x_wconf 90' lang='lat' dir='ltr'>quem</span> <span class='ocrx_word' id='word_1_142' title='bbox 1674 1413 1839 1484; x_wconf 83' lang='lat' dir='ltr'>satrapam</span> <span class='ocrx_word' id='word_1_143' title='bbox 1867 1401 2077 1482; x_wconf 79' lang='lat' dir='ltr'>imposuisset</span> <span class='ocrx_word' id='word_1_144' title='bbox 2099 1400 2237 1476; x_wconf 90' lang='lat' dir='ltr'>Iudaeis,</span> <span class='ocrx_word' id='word_1_145' title='bbox 2265 1400 2361 1464; x_wconf 84' lang='lat' dir='ltr'>facile</span> 
     </span>
     <span class='ocr_line' id='line_1_12' title="bbox 360 1483 2360 1573; baseline -0.005 -16"><span class='ocrx_word' id='word_1_146' title='bbox 360 1493 457 1557; x_wconf 66' lang='lat' dir='ltr'>[Iuno</span> <span class='ocrx_word' id='word_1_147' title='bbox 488 1491 591 1573; x_wconf 91' lang='lat' dir='ltr'>igitur</span> <span class='ocrx_word' id='word_1_148' title='bbox 624 1489 727 1554; x_wconf 88' lang='lat' dir='ltr'>voluit</span> <span class='ocrx_word' id='word_1_149' title='bbox 760 1486 916 1551; x_wconf 81' lang='lat' dir='ltr'>Ieremias</span> <span class='ocrx_word' id='word_1_150' title='bbox 948 1487 1036 1568; x_wconf 88' lang='lat' dir='ltr'>ipsos</span> <span class='ocrx_word' id='word_1_151' title='bbox 1069 1485 1181 1549; x_wconf 90' lang='lat' dir='ltr'>solari:</span> <span class='ocrx_word' id='word_1_152' title='bbox 1215 1483 1332 1547; x_wconf 87' lang='lat' dir='ltr'>deinde</span> <span class='ocrx_word' id='word_1_153' title='bbox 1385 1484 1546 1549; x_wconf 83' lang='lat' dir='ltr'>concitata</span> <span class='ocrx_word' id='word_1_154' title='bbox 1568 1485 1683 1550; x_wconf 83' lang='lat' dir='ltr'>fuisset</span> <span class='ocrx_word' id='word_1_155' title='bbox 1705 1488 1836 1553; x_wconf 88' lang='lat' dir='ltr'>seditio:</span> <span class='ocrx_word' id='word_1_156' title='bbox 1868 1487 1973 1550; x_wconf 87' lang='lat' dir='ltr'>voluit</span> <span class='ocrx_word' id='word_1_157' title='bbox 1999 1488 2101 1569; x_wconf 87' lang='lat' dir='ltr'>igitur</span> <span class='ocrx_word' id='word_1_158' title='bbox 2127 1485 2258 1550; x_wconf 88' lang='lat' dir='ltr'>illorum</span> <span class='ocrx_word' id='word_1_159' title='bbox 2287 1487 2360 1550; x_wconf 81' lang='lat' dir='ltr'>sni·</span> 
     </span>
     <span class='ocr_line' id='line_1_13' title="bbox 361 1569 2361 1658; baseline -0.003 -16"><span class='ocrx_word' id='word_1_160' title='bbox 361 1578 494 1642; x_wconf 77' lang='lat' dir='ltr'>videbat</span> <span class='ocrx_word' id='word_1_161' title='bbox 511 1575 602 1658; x_wconf 86' lang='lat' dir='ltr'>alios,</span> <span class='ocrx_word' id='word_1_162' title='bbox 624 1577 679 1657; x_wconf 93' lang='lat' dir='ltr'>qui</span> <span class='ocrx_word' id='word_1_163' title='bbox 699 1573 804 1638; x_wconf 88' lang='lat' dir='ltr'>relicti</span> <span class='ocrx_word' id='word_1_164' title='bbox 823 1573 954 1637; x_wconf 87' lang='lat' dir='ltr'>Inerant</span> <span class='ocrx_word' id='word_1_165' title='bbox 975 1573 1008 1636; x_wconf 94' lang='lat' dir='ltr'>in</span> <span class='ocrx_word' id='word_1_166' title='bbox 1028 1569 1158 1648; x_wconf 89' lang='lat' dir='ltr'>Iudaea,</span> <span class='ocrx_word' id='word_1_167' title='bbox 1176 1581 1333 1652; x_wconf 87' lang='lat' dir='ltr'>satagere,</span> <span class='ocrx_word' id='word_1_168' title='bbox 1385 1589 1454 1634; x_wconf 92' lang='lat' dir='ltr'>mos</span> <span class='ocrx_word' id='word_1_169' title='bbox 1477 1570 1584 1653; x_wconf 88' lang='lat' dir='ltr'>aliqua</span> <span class='ocrx_word' id='word_1_170' title='bbox 1606 1593 1646 1635; x_wconf 93' lang='lat' dir='ltr'>ex</span> <span class='ocrx_word' id='word_1_171' title='bbox 1669 1586 1761 1654; x_wconf 86' lang='lat' dir='ltr'>parte</span> <span class='ocrx_word' id='word_1_172' title='bbox 1783 1572 1921 1656; x_wconf 88' lang='lat' dir='ltr'>placare,</span> <span class='ocrx_word' id='word_1_173' title='bbox 1944 1572 2019 1654; x_wconf 90' lang='lat' dir='ltr'>quia</span> <span class='ocrx_word' id='word_1_174' title='bbox 2041 1571 2161 1636; x_wconf 87' lang='lat' dir='ltr'>sciebat</span> <span class='ocrx_word' id='word_1_175' title='bbox 2183 1572 2257 1652; x_wconf 92' lang='lat' dir='ltr'>plus</span> <span class='ocrx_word' id='word_1_176' title='bbox 2278 1573 2361 1636; x_wconf 86' lang='lat' dir='ltr'>satis</span> 
     </span>
     <span class='ocr_line' id='line_1_14' title="bbox 361 1653 2361 1741; baseline -0.004 -13"><span class='ocrx_word' id='word_1_177' title='bbox 361 1673 396 1728; x_wconf 92' lang='grc' dir='ltr'>ιι</span> <span class='ocrx_word' id='word_1_178' title='bbox 416 1662 520 1727; x_wconf 89' lang='lat' dir='ltr'>multa</span> <span class='ocrx_word' id='word_1_179' title='bbox 543 1661 677 1726; x_wconf 87' lang='lat' dir='ltr'>consilia</span> <span class='ocrx_word' id='word_1_180' title='bbox 698 1658 878 1724; x_wconf 86' lang='lat' dir='ltr'>identidem</span> <span class='ocrx_word' id='word_1_181' title='bbox 901 1658 1034 1741; x_wconf 89' lang='lat' dir='ltr'>agitare.</span> <span class='ocrx_word' id='word_1_182' title='bbox 1079 1655 1226 1721; x_wconf 84' lang='lat' dir='ltr'>Necdum</span> <span class='ocrx_word' id='word_1_183' title='bbox 1245 1655 1332 1718; x_wconf 89' lang='lat' dir='ltr'>anim</span> <span class='ocrx_word' id='word_1_184' title='bbox 1385 1653 1528 1736; x_wconf 91' lang='lat' dir='ltr'>alioquin</span> <span class='ocrx_word' id='word_1_185' title='bbox 1549 1677 1620 1721; x_wconf 90' lang='lat' dir='ltr'>esse</span> <span class='ocrx_word' id='word_1_186' title='bbox 1650 1660 1857 1740; x_wconf 79' lang='lat' dir='ltr'>praefractos.</span> <span class='ocrx_word' id='word_1_187' title='bbox 1903 1656 2071 1740; x_wconf 79' lang='lat' dir='ltr'>Quidquid</span> <span class='ocrx_word' id='word_1_188' title='bbox 2100 1659 2151 1732; x_wconf 91' lang='lat' dir='ltr'>sit,</span> <span class='ocrx_word' id='word_1_189' title='bbox 2181 1653 2361 1722; x_wconf 81' lang='lat' dir='ltr'>Zedeohias</span> 
     </span>
     <span class='ocr_line' id='line_1_15' title="bbox 361 1741 2361 1825; baseline -0.004 -12"><span class='ocrx_word' id='word_1_190' title='bbox 361 1747 540 1814; x_wconf 88' lang='lat' dir='ltr'>stabilitum</span> <span class='ocrx_word' id='word_1_191' title='bbox 574 1746 682 1811; x_wconf 88' lang='lat' dir='ltr'>iuerat</span> <span class='ocrx_word' id='word_1_192' title='bbox 715 1743 895 1810; x_wconf 85' lang='lat' dir='ltr'>Zedeobiae</span> <span class='ocrx_word' id='word_1_193' title='bbox 927 1761 1083 1824; x_wconf 90' lang='lat' dir='ltr'>regnum:</span> <span class='ocrx_word' id='word_1_194' title='bbox 1118 1751 1150 1806; x_wconf 90' lang='lat' dir='ltr'>et</span> <span class='ocrx_word' id='word_1_195' title='bbox 1183 1748 1334 1824; x_wconf 87' lang='lat' dir='ltr'>poterant</span> <span class='ocrx_word' id='word_1_196' title='bbox 1386 1743 1533 1823; x_wconf 87' lang='lat' dir='ltr'>precario</span> <span class='ocrx_word' id='word_1_197' title='bbox 1566 1749 1695 1807; x_wconf 88' lang='lat' dir='ltr'>tantum</span> <span class='ocrx_word' id='word_1_198' title='bbox 1725 1743 1964 1819; x_wconf 81' lang='lat' dir='ltr'>dominabatur,</span> <span class='ocrx_word' id='word_1_199' title='bbox 1994 1764 2062 1807; x_wconf 92' lang='lat' dir='ltr'>non</span> <span class='ocrx_word' id='word_1_200' title='bbox 2090 1743 2222 1825; x_wconf 84' lang='lat' dir='ltr'>privata</span> <span class='ocrx_word' id='word_1_201' title='bbox 2249 1741 2361 1824; x_wconf 86' lang='lat' dir='ltr'>aliqua</span> 
     </span>
     <span class='ocr_line' id='line_1_16' title="bbox 361 1828 2362 1913; baseline -0.004 -14"><span class='ocrx_word' id='word_1_202' title='bbox 361 1854 436 1899; x_wconf 90' lang='lat' dir='ltr'>eum</span> <span class='ocrx_word' id='word_1_203' title='bbox 458 1843 675 1906; x_wconf 88' lang='lat' dir='ltr'>contemnere,</span> <span class='ocrx_word' id='word_1_204' title='bbox 703 1841 736 1894; x_wconf 90' lang='lat' dir='ltr'>et</span> <span class='ocrx_word' id='word_1_205' title='bbox 756 1841 909 1913; x_wconf 91' lang='lat' dir='ltr'>appetere</span> <span class='ocrx_word' id='word_1_206' title='bbox 931 1847 1061 1910; x_wconf 88' lang='lat' dir='ltr'>semper</span> <span class='ocrx_word' id='word_1_207' title='bbox 1089 1847 1199 1909; x_wconf 86' lang='lat' dir='ltr'>regem</span> <span class='ocrx_word' id='word_1_208' title='bbox 1226 1846 1332 1890; x_wconf 90' lang='lat' dir='ltr'>sunm.</span> <span class='ocrx_word' id='word_1_209' title='bbox 1387 1829 1547 1909; x_wconf 90' lang='lat' dir='ltr'>potantia,</span> <span class='ocrx_word' id='word_1_210' title='bbox 1585 1849 1648 1892; x_wconf 91' lang='lat' dir='ltr'>non</span> <span class='ocrx_word' id='word_1_211' title='bbox 1683 1831 1823 1912; x_wconf 87' lang='lat' dir='ltr'>propriis</span> <span class='ocrx_word' id='word_1_212' title='bbox 1859 1829 1991 1912; x_wconf 90' lang='lat' dir='ltr'>opibus,</span> <span class='ocrx_word' id='word_1_213' title='bbox 2030 1828 2085 1894; x_wconf 92' lang='lat' dir='ltr'>sed</span> <span class='ocrx_word' id='word_1_214' title='bbox 2123 1829 2275 1911; x_wconf 90' lang='lat' dir='ltr'>queniam</span> <span class='ocrx_word' id='word_1_215' title='bbox 2313 1828 2362 1892; x_wconf 87' lang='lat' dir='ltr'>ita</span> 
     </span>
     <span class='ocr_line' id='line_1_17' title="bbox 362 1911 2361 2002; baseline -0.004 -19"><span class='ocrx_word' id='word_1_216' title='bbox 362 1917 474 1999; x_wconf 80' lang='lat' dir='ltr'>Quum</span> <span class='ocrx_word' id='word_1_217' title='bbox 498 1938 576 2002; x_wconf 91' lang='lat' dir='ltr'>ergo</span> <span class='ocrx_word' id='word_1_218' title='bbox 598 1916 687 1981; x_wconf 91' lang='lat' dir='ltr'>domi</span> <span class='ocrx_word' id='word_1_219' title='bbox 709 1936 762 1981; x_wconf 89' lang='lat' dir='ltr'>res</span> <span class='ocrx_word' id='word_1_220' title='bbox 784 1926 894 1980; x_wconf 91' lang='lat' dir='ltr'>essent</span> <span class='ocrx_word' id='word_1_221' title='bbox 916 1914 996 1978; x_wconf 88' lang='lat' dir='ltr'>adeo</span> <span class='ocrx_word' id='word_1_222' title='bbox 1025 1914 1185 1987; x_wconf 84' lang='lat' dir='ltr'>contusae,</span> <span class='ocrx_word' id='word_1_223' title='bbox 1216 1923 1248 1975; x_wconf 95' lang='lat' dir='ltr'>et</span> <span class='ocrx_word' id='word_1_224' title='bbox 1276 1911 1334 1974; x_wconf 92' lang='lat' dir='ltr'>mi·</span> <span class='ocrx_word' id='word_1_225' title='bbox 1387 1913 1502 1977; x_wconf 88' lang='lat' dir='ltr'>victori</span> <span class='ocrx_word' id='word_1_226' title='bbox 1524 1913 1698 1995; x_wconf 90' lang='lat' dir='ltr'>placuerat.</span> <span class='ocrx_word' id='word_1_227' title='bbox 1734 1916 1825 1980; x_wconf 86' lang='lat' dir='ltr'>Misit</span> <span class='ocrx_word' id='word_1_228' title='bbox 1847 1917 1948 1998; x_wconf 89' lang='lat' dir='ltr'>igitur</span> <span class='ocrx_word' id='word_1_229' title='bbox 1969 1936 2046 1980; x_wconf 91' lang='lat' dir='ltr'>suos</span> <span class='ocrx_word' id='word_1_230' title='bbox 2068 1914 2203 1998; x_wconf 85' lang='lat' dir='ltr'>legatos,</span> <span class='ocrx_word' id='word_1_231' title='bbox 2227 1924 2264 1976; x_wconf 93' lang='lat' dir='ltr'>ut</span> <span class='ocrx_word' id='word_1_232' title='bbox 2286 1934 2361 1996; x_wconf 90' lang='lat' dir='ltr'>pro-</span> 
     </span>
     <span class='ocr_line' id='line_1_18' title="bbox 362 1997 2361 2084; baseline -0.003 -15"><span class='ocrx_word' id='word_1_233' title='bbox 362 2006 426 2070; x_wconf 90' lang='lat' dir='ltr'>seri</span> <span class='ocrx_word' id='word_1_234' title='bbox 461 2003 592 2069; x_wconf 88' lang='lat' dir='ltr'>exsules</span> <span class='ocrx_word' id='word_1_235' title='bbox 625 2005 658 2066; x_wconf 92' lang='lat' dir='ltr'>in</span> <span class='ocrx_word' id='word_1_236' title='bbox 693 2003 798 2082; x_wconf 90' lang='lat' dir='ltr'>prima</span> <span class='ocrx_word' id='word_1_237' title='bbox 828 2000 884 2065; x_wconf 92' lang='lat' dir='ltr'>illa</span> <span class='ocrx_word' id='word_1_238' title='bbox 925 1999 1167 2082; x_wconf 88' lang='lat' dir='ltr'>perturbatione</span> <span class='ocrx_word' id='word_1_239' title='bbox 1199 1997 1334 2080; x_wconf 86' lang='lat' dir='ltr'>gravius</span> <span class='ocrx_word' id='word_1_240' title='bbox 1387 1997 1531 2063; x_wconf 88' lang='lat' dir='ltr'>mitteret</span> <span class='ocrx_word' id='word_1_241' title='bbox 1563 2000 1673 2063; x_wconf 90' lang='lat' dir='ltr'>omnia</span> <span class='ocrx_word' id='word_1_242' title='bbox 1702 2000 1872 2084; x_wconf 90' lang='lat' dir='ltr'>obsequia,</span> <span class='ocrx_word' id='word_1_243' title='bbox 1906 2012 1940 2064; x_wconf 93' lang='grc' dir='ltr'>ιι</span> <span class='ocrx_word' id='word_1_244' title='bbox 1968 2000 2173 2082; x_wconf 86' lang='lat' dir='ltr'>experiretur</span> <span class='ocrx_word' id='word_1_245' title='bbox 2202 1999 2361 2080; x_wconf 88' lang='lat' dir='ltr'>quidnam</span> 
     </span>
     <span class='ocr_line' id='line_1_19' title="bbox 362 2083 2360 2173; baseline -0.004 -18"><span class='ocrx_word' id='word_1_246' title='bbox 362 2089 596 2173; x_wconf 78' lang='lat' dir='ltr'>affligerentur,</span> <span class='ocrx_word' id='word_1_247' title='bbox 619 2089 776 2168; x_wconf 84' lang='lat' dir='ltr'>Ieremias</span> <span class='ocrx_word' id='word_1_248' title='bbox 798 2084 948 2151; x_wconf 87' lang='lat' dir='ltr'>adhibuit</span> <span class='ocrx_word' id='word_1_249' title='bbox 978 2084 1210 2167; x_wconf 86' lang='lat' dir='ltr'>tempestivum</span> <span class='ocrx_word' id='word_1_250' title='bbox 1232 2103 1334 2146; x_wconf 90' lang='lat' dir='ltr'>reme·</span> <span class='ocrx_word' id='word_1_251' title='bbox 1386 2083 1446 2147; x_wconf 92' lang='lat' dir='ltr'>sibi</span> <span class='ocrx_word' id='word_1_252' title='bbox 1471 2085 1634 2166; x_wconf 90' lang='lat' dir='ltr'>agendum</span> <span class='ocrx_word' id='word_1_253' title='bbox 1657 2096 1745 2150; x_wconf 87' lang='lat' dir='ltr'>esset</span> <span class='ocrx_word' id='word_1_254' title='bbox 1766 2088 1800 2150; x_wconf 95' lang='lat' dir='ltr'>in</span> <span class='ocrx_word' id='word_1_255' title='bbox 1831 2089 1978 2151; x_wconf 87' lang='lat' dir='ltr'>intornm</span> <span class='ocrx_word' id='word_1_256' title='bbox 2010 2099 2148 2167; x_wconf 88' lang='lat' dir='ltr'>tempus.</span> <span class='ocrx_word' id='word_1_257' title='bbox 2194 2083 2360 2164; x_wconf 78' lang='lat' dir='ltr'>Quoniam</span> 
     </span>
     <span class='ocr_line' id='line_1_20' title="bbox 363 2167 2362 2256; baseline -0.003 -17"><span class='ocrx_word' id='word_1_258' title='bbox 363 2175 463 2240; x_wconf 89' lang='lat' dir='ltr'>dium.</span> <span class='ocrx_word' id='word_1_259' title='bbox 508 2173 601 2239; x_wconf 86' lang='lat' dir='ltr'>Haeo</span> <span class='ocrx_word' id='word_1_260' title='bbox 630 2173 733 2256; x_wconf 86' lang='lat' dir='ltr'>igitur</span> <span class='ocrx_word' id='word_1_261' title='bbox 761 2174 845 2236; x_wconf 90' lang='lat' dir='ltr'>ratio</span> <span class='ocrx_word' id='word_1_262' title='bbox 876 2183 925 2238; x_wconf 90' lang='grc' dir='ltr'>ιιι</span> <span class='ocrx_word' id='word_1_263' title='bbox 954 2190 1012 2235; x_wconf 89' lang='lat' dir='ltr'>our</span> <span class='ocrx_word' id='word_1_264' title='bbox 1040 2181 1168 2252; x_wconf 90' lang='lat' dir='ltr'>tempus</span> <span class='ocrx_word' id='word_1_265' title='bbox 1198 2168 1253 2233; x_wconf 90' lang='lat' dir='ltr'>bie</span> <span class='ocrx_word' id='word_1_266' title='bbox 1279 2167 1333 2232; x_wconf 93' lang='lat' dir='ltr'>de·</span> <span class='ocrx_word' id='word_1_267' title='bbox 1386 2187 1465 2252; x_wconf 87' lang='lat' dir='ltr'>ergo</span> <span class='ocrx_word' id='word_1_268' title='bbox 1496 2190 1560 2234; x_wconf 93' lang='lat' dir='ltr'>non</span> <span class='ocrx_word' id='word_1_269' title='bbox 1591 2172 1725 2254; x_wconf 86' lang='lat' dir='ltr'>optabat</span> <span class='ocrx_word' id='word_1_270' title='bbox 1757 2173 1899 2237; x_wconf 89' lang='lat' dir='ltr'>reditum</span> <span class='ocrx_word' id='word_1_271' title='bbox 1922 2170 2106 2250; x_wconf 85' lang='lat' dir='ltr'>leoboniae,</span> <span class='ocrx_word' id='word_1_272' title='bbox 2138 2170 2288 2254; x_wconf 87' lang='lat' dir='ltr'>permisit</span> <span class='ocrx_word' id='word_1_273' title='bbox 2321 2181 2362 2234; x_wconf 90' lang='lat' dir='ltr'>nt</span> 
     </span>
     <span class='ocr_line' id='line_1_21' title="bbox 361 2253 2361 2344; baseline -0.003 -18"><span class='ocrx_word' id='word_1_274' title='bbox 361 2261 479 2344; x_wconf 90' lang='lat' dir='ltr'>signet.</span> <span class='ocrx_word' id='word_1_275' title='bbox 533 2259 664 2325; x_wconf 83' lang='lat' dir='ltr'>Scimus</span> <span class='ocrx_word' id='word_1_276' title='bbox 696 2271 834 2322; x_wconf 90' lang='lat' dir='ltr'>matrem</span> <span class='ocrx_word' id='word_1_277' title='bbox 868 2255 1041 2322; x_wconf 87' lang='lat' dir='ltr'>leoboniae</span> <span class='ocrx_word' id='word_1_278' title='bbox 1068 2255 1164 2320; x_wconf 90' lang='lat' dir='ltr'>simul</span> <span class='ocrx_word' id='word_1_279' title='bbox 1193 2274 1267 2321; x_wconf 90' lang='lat' dir='ltr'>eum</span> <span class='ocrx_word' id='word_1_280' title='bbox 1297 2273 1334 2318; x_wconf 91' lang='lat' dir='ltr'>eo</span> <span class='ocrx_word' id='word_1_281' title='bbox 1386 2253 1486 2337; x_wconf 88' lang='lat' dir='ltr'>legati</span> <span class='ocrx_word' id='word_1_282' title='bbox 1520 2256 1617 2320; x_wconf 91' lang='lat' dir='ltr'>simul</span> <span class='ocrx_word' id='word_1_283' title='bbox 1651 2257 1774 2321; x_wconf 83' lang='lat' dir='ltr'>ferrent</span> <span class='ocrx_word' id='word_1_284' title='bbox 1807 2256 1926 2322; x_wconf 90' lang='lat' dir='ltr'>librum</span> <span class='ocrx_word' id='word_1_285' title='bbox 1960 2257 2133 2335; x_wconf 87' lang='lat' dir='ltr'>Ieremias,</span> <span class='ocrx_word' id='word_1_286' title='bbox 2173 2275 2238 2320; x_wconf 91' lang='lat' dir='ltr'>non</span> <span class='ocrx_word' id='word_1_287' title='bbox 2273 2255 2361 2338; x_wconf 91' lang='lat' dir='ltr'>qnod</span> 
     </span>
     <span class='ocr_line' id='line_1_22' title="bbox 360 2340 2360 2427; baseline -0.004 -16"><span class='ocrx_word' id='word_1_288' title='bbox 360 2347 461 2412; x_wconf 85' lang='lat' dir='ltr'>inisse</span> <span class='ocrx_word' id='word_1_289' title='bbox 483 2344 675 2411; x_wconf 88' lang='lat' dir='ltr'>abductam:</span> <span class='ocrx_word' id='word_1_290' title='bbox 703 2354 736 2408; x_wconf 88' lang='lat' dir='ltr'>et</span> <span class='ocrx_word' id='word_1_291' title='bbox 758 2351 891 2408; x_wconf 83' lang='lat' dir='ltr'>vocatur</span> <span class='ocrx_word' id='word_1_292' title='bbox 912 2355 1044 2420; x_wconf 55' lang='lat' dir='ltr'>numu,</span> <span class='ocrx_word' id='word_1_293' title='bbox 1075 2342 1150 2424; x_wconf 89' lang='lat' dir='ltr'>quia</span> <span class='ocrx_word' id='word_1_294' title='bbox 1178 2340 1239 2404; x_wconf 87' lang='lat' dir='ltr'>etsi</span> <span class='ocrx_word' id='word_1_295' title='bbox 1267 2359 1334 2403; x_wconf 94' lang='lat' dir='ltr'>non</span> <span class='ocrx_word' id='word_1_296' title='bbox 1386 2340 1526 2406; x_wconf 89' lang='lat' dir='ltr'>libenter</span> <span class='ocrx_word' id='word_1_297' title='bbox 1547 2354 1678 2425; x_wconf 91' lang='lat' dir='ltr'>pareret</span> <span class='ocrx_word' id='word_1_298' title='bbox 1692 2342 1774 2408; x_wconf 90' lang='lat' dir='ltr'>Deo.</span> <span class='ocrx_word' id='word_1_299' title='bbox 1808 2343 1882 2408; x_wconf 90' lang='lat' dir='ltr'>Non</span> <span class='ocrx_word' id='word_1_300' title='bbox 1905 2343 1966 2407; x_wconf 87' lang='lat' dir='ltr'>fuit</span> <span class='ocrx_word' id='word_1_301' title='bbox 1987 2344 2089 2427; x_wconf 90' lang='lat' dir='ltr'>igitur</span> <span class='ocrx_word' id='word_1_302' title='bbox 2112 2342 2173 2407; x_wconf 92' lang='lat' dir='ltr'>boo</span> <span class='ocrx_word' id='word_1_303' title='bbox 2194 2342 2360 2406; x_wconf 89' lang='lat' dir='ltr'>sincerum</span> 
     </span>
     <span class='ocr_line' id='line_1_23' title="bbox 359 2424 2359 2514; baseline -0.003 -18"><span class='ocrx_word' id='word_1_304' title='bbox 359 2432 491 2514; x_wconf 85' lang='lat' dir='ltr'>proprie</span> <span class='ocrx_word' id='word_1_305' title='bbox 514 2433 627 2513; x_wconf 88' lang='lat' dir='ltr'>regina</span> <span class='ocrx_word' id='word_1_306' title='bbox 649 2438 729 2504; x_wconf 91' lang='lat' dir='ltr'>erat,</span> <span class='ocrx_word' id='word_1_307' title='bbox 757 2429 986 2494; x_wconf 87' lang='lat' dir='ltr'>dominabatur</span> <span class='ocrx_word' id='word_1_308' title='bbox 1008 2434 1117 2491; x_wconf 91' lang='lat' dir='ltr'>tamen</span> <span class='ocrx_word' id='word_1_309' title='bbox 1140 2424 1236 2490; x_wconf 90' lang='lat' dir='ltr'>simul</span> <span class='ocrx_word' id='word_1_310' title='bbox 1259 2445 1333 2490; x_wconf 89' lang='lat' dir='ltr'>oum</span> <span class='ocrx_word' id='word_1_311' title='bbox 1386 2427 1517 2507; x_wconf 90' lang='lat' dir='ltr'>pietatis</span> <span class='ocrx_word' id='word_1_312' title='bbox 1540 2428 1696 2504; x_wconf 92' lang='lat' dir='ltr'>studium,</span> <span class='ocrx_word' id='word_1_313' title='bbox 1723 2427 1779 2493; x_wconf 91' lang='lat' dir='ltr'>sed</span> <span class='ocrx_word' id='word_1_314' title='bbox 1807 2431 1883 2510; x_wconf 90' lang='lat' dir='ltr'>qnia</span> <span class='ocrx_word' id='word_1_315' title='bbox 1909 2429 2046 2510; x_wconf 89' lang='lat' dir='ltr'>putabat</span> <span class='ocrx_word' id='word_1_316' title='bbox 2074 2429 2135 2492; x_wconf 92' lang='lat' dir='ltr'>sibi</span> <span class='ocrx_word' id='word_1_317' title='bbox 2169 2426 2238 2491; x_wconf 85' lang='lat' dir='ltr'>fore</span> <span class='ocrx_word' id='word_1_318' title='bbox 2268 2427 2359 2508; x_wconf 90' lang='lat' dir='ltr'>utile,</span> 
     </span>
     <span class='ocr_line' id='line_1_24' title="bbox 360 2509 2360 2595; baseline -0.003 -13"><span class='ocrx_word' id='word_1_319' title='bbox 360 2516 437 2582; x_wconf 89' lang='lat' dir='ltr'>filio.</span> <span class='ocrx_word' id='word_1_320' title='bbox 478 2528 595 2584; x_wconf 66' lang='lat' dir='ltr'>nmmo</span> <span class='ocrx_word' id='word_1_321' title='bbox 621 2515 828 2579; x_wconf 85' lang='lat' dir='ltr'>transierunt</span> <span class='ocrx_word' id='word_1_322' title='bbox 849 2515 1032 2578; x_wconf 90' lang='lat' dir='ltr'>eunnebos:</span> <span class='ocrx_word' id='word_1_323' title='bbox 1057 2509 1112 2576; x_wconf 90' lang='lat' dir='ltr'>sed</span> <span class='ocrx_word' id='word_1_324' title='bbox 1136 2511 1238 2575; x_wconf 90' lang='lat' dir='ltr'>malni</span> <span class='ocrx_word' id='word_1_325' title='bbox 1261 2531 1331 2574; x_wconf 85' lang='lat' dir='ltr'>ver·</span> <span class='ocrx_word' id='word_1_326' title='bbox 1386 2514 1413 2576; x_wconf 91' lang='lat' dir='ltr'>si</span> <span class='ocrx_word' id='word_1_327' title='bbox 1447 2511 1560 2577; x_wconf 88' lang='lat' dir='ltr'>Iudaei</span> <span class='ocrx_word' id='word_1_328' title='bbox 1590 2524 1760 2578; x_wconf 91' lang='lat' dir='ltr'>manerent</span> <span class='ocrx_word' id='word_1_329' title='bbox 1792 2515 1894 2595; x_wconf 90' lang='lat' dir='ltr'>quieti</span> <span class='ocrx_word' id='word_1_330' title='bbox 1924 2515 1959 2578; x_wconf 95' lang='lat' dir='ltr'>in</span> <span class='ocrx_word' id='word_1_331' title='bbox 1990 2513 2156 2579; x_wconf 88' lang='lat' dir='ltr'>Chaldaea</span> <span class='ocrx_word' id='word_1_332' title='bbox 2184 2532 2288 2592; x_wconf 91' lang='lat' dir='ltr'>usqne</span> <span class='ocrx_word' id='word_1_333' title='bbox 2318 2512 2360 2576; x_wconf 89' lang='lat' dir='ltr'>ad</span> 
     </span>
     <span class='ocr_line' id='line_1_25' title="bbox 361 2596 2360 2684; baseline -0.002 -18"><span class='ocrx_word' id='word_1_334' title='bbox 361 2612 431 2666; x_wconf 89' lang='lat' dir='ltr'>tere</span> <span class='ocrx_word' id='word_1_335' title='bbox 453 2622 620 2684; x_wconf 86' lang='lat' dir='ltr'>proceres:</span> <span class='ocrx_word' id='word_1_336' title='bbox 644 2611 678 2664; x_wconf 90' lang='lat' dir='ltr'>et</span> <span class='ocrx_word' id='word_1_337' title='bbox 699 2599 773 2664; x_wconf 92' lang='lat' dir='ltr'>ideo</span> <span class='ocrx_word' id='word_1_338' title='bbox 796 2598 927 2664; x_wconf 88' lang='lat' dir='ltr'>additur</span> <span class='ocrx_word' id='word_1_339' title='bbox 949 2619 1067 2663; x_wconf 91' lang='lat' dir='ltr'>nomen</span> <span class='ocrx_word' id='word_1_340' title='bbox 1090 2609 1167 2664; x_wconf 64' lang='grc' dir='ltr'>ἰιι</span> <span class='ocrx_word' id='word_1_341' title='bbox 1191 2596 1252 2662; x_wconf 89' lang='lat' dir='ltr'>hoe</span> <span class='ocrx_word' id='word_1_342' title='bbox 1274 2603 1333 2674; x_wconf 88' lang='lat' dir='ltr'>est,</span> <span class='ocrx_word' id='word_1_343' title='bbox 1387 2609 1524 2662; x_wconf 90' lang='lat' dir='ltr'>mortem</span> <span class='ocrx_word' id='word_1_344' title='bbox 1547 2599 1731 2664; x_wconf 83' lang='lat' dir='ltr'>IeobonIae.</span> <span class='ocrx_word' id='word_1_345' title='bbox 1776 2598 1832 2666; x_wconf 82' lang='lat' dir='ltr'>Sic</span> <span class='ocrx_word' id='word_1_346' title='bbox 1854 2601 1941 2684; x_wconf 86' lang='lat' dir='ltr'>enim</span> <span class='ocrx_word' id='word_1_347' title='bbox 1964 2600 2116 2682; x_wconf 86' lang='lat' dir='ltr'>sperabat</span> <span class='ocrx_word' id='word_1_348' title='bbox 2146 2598 2261 2663; x_wconf 89' lang='lat' dir='ltr'>stabile</span> <span class='ocrx_word' id='word_1_349' title='bbox 2291 2599 2360 2662; x_wconf 82' lang='lat' dir='ltr'>iore</span> 
     </span>
     <span class='ocr_line' id='line_1_26' title="bbox 361 2683 2361 2768; baseline -0.003 -15"><span class='ocrx_word' id='word_1_350' title='bbox 361 2687 458 2753; x_wconf 87' lang='lat' dir='ltr'>aulici</span> <span class='ocrx_word' id='word_1_351' title='bbox 478 2686 531 2752; x_wconf 83' lang='lat' dir='ltr'>vel</span> <span class='ocrx_word' id='word_1_352' title='bbox 554 2705 713 2768; x_wconf 86' lang='lat' dir='ltr'>proceres,</span> <span class='ocrx_word' id='word_1_353' title='bbox 742 2686 798 2766; x_wconf 92' lang='lat' dir='ltr'>qui</span> <span class='ocrx_word' id='word_1_354' title='bbox 827 2685 982 2767; x_wconf 91' lang='lat' dir='ltr'>populum</span> <span class='ocrx_word' id='word_1_355' title='bbox 1011 2683 1247 2766; x_wconf 77' lang='lat' dir='ltr'>gubernabant,</span> <span class='ocrx_word' id='word_1_356' title='bbox 1277 2702 1333 2744; x_wconf 90' lang='lat' dir='ltr'>ne·</span> <span class='ocrx_word' id='word_1_357' title='bbox 1386 2683 1447 2746; x_wconf 93' lang='lat' dir='ltr'>sibi</span> <span class='ocrx_word' id='word_1_358' title='bbox 1470 2705 1618 2766; x_wconf 87' lang='lat' dir='ltr'>regnum,</span> <span class='ocrx_word' id='word_1_359' title='bbox 1642 2683 1771 2766; x_wconf 91' lang='lat' dir='ltr'>quando</span> <span class='ocrx_word' id='word_1_360' title='bbox 1793 2685 1848 2750; x_wconf 93' lang='lat' dir='ltr'>ille</span> <span class='ocrx_word' id='word_1_361' title='bbox 1871 2695 1943 2750; x_wconf 90' lang='lat' dir='ltr'>erat</span> <span class='ocrx_word' id='word_1_362' title='bbox 1964 2686 2057 2768; x_wconf 89' lang='lat' dir='ltr'>qnasi</span> <span class='ocrx_word' id='word_1_363' title='bbox 2088 2683 2245 2748; x_wconf 89' lang='lat' dir='ltr'>aemulus.</span> <span class='ocrx_word' id='word_1_364' title='bbox 2290 2683 2361 2748; x_wconf 86' lang='lat' dir='ltr'>Neo</span> 
     </span>
     <span class='ocr_line' id='line_1_27' title="bbox 360 2766 2360 2855; baseline -0.003 -18"><span class='ocrx_word' id='word_1_365' title='bbox 360 2792 424 2855; x_wconf 89' lang='lat' dir='ltr'>que</span> <span class='ocrx_word' id='word_1_366' title='bbox 443 2773 557 2837; x_wconf 92' lang='lat' dir='ltr'>urbem</span> <span class='ocrx_word' id='word_1_367' title='bbox 578 2770 684 2850; x_wconf 90' lang='lat' dir='ltr'>modo,</span> <span class='ocrx_word' id='word_1_368' title='bbox 701 2770 757 2834; x_wconf 91' lang='lat' dir='ltr'>sed</span> <span class='ocrx_word' id='word_1_369' title='bbox 779 2780 881 2836; x_wconf 88' lang='lat' dir='ltr'>totam</span> <span class='ocrx_word' id='word_1_370' title='bbox 902 2769 1067 2834; x_wconf 87' lang='lat' dir='ltr'>Iudaeam.</span> <span class='ocrx_word' id='word_1_371' title='bbox 1104 2767 1207 2832; x_wconf 81' lang='lat' dir='ltr'>Addit</span> <span class='ocrx_word' id='word_1_372' title='bbox 1224 2766 1332 2843; x_wconf 89' lang='lat' dir='ltr'>etiam,</span> <span class='ocrx_word' id='word_1_373' title='bbox 1386 2766 1521 2832; x_wconf 88' lang='lat' dir='ltr'>dubium</span> <span class='ocrx_word' id='word_1_374' title='bbox 1542 2781 1593 2834; x_wconf 90' lang='lat' dir='ltr'>est</span> <span class='ocrx_word' id='word_1_375' title='bbox 1614 2771 1692 2851; x_wconf 94' lang='lat' dir='ltr'>quin</span> <span class='ocrx_word' id='word_1_376' title='bbox 1711 2770 1988 2844; x_wconf 81' lang='lat' dir='ltr'>Nabuebadneaer</span> <span class='ocrx_word' id='word_1_377' title='bbox 2006 2771 2146 2835; x_wconf 84' lang='lat' dir='ltr'>voluerit</span> <span class='ocrx_word' id='word_1_378' title='bbox 2163 2771 2256 2852; x_wconf 89' lang='lat' dir='ltr'>quasi</span> <span class='ocrx_word' id='word_1_379' title='bbox 2274 2789 2360 2834; x_wconf 91' lang='lat' dir='ltr'>oom-</span> 
     </span>
     <span class='ocr_line' id='line_1_28' title="bbox 361 2853 2360 2940; baseline -0.004 -15"><span class='ocrx_word' id='word_1_380' title='bbox 361 2858 498 2940; x_wconf 78' lang='lat' dir='ltr'>urtificea</span> <span class='ocrx_word' id='word_1_381' title='bbox 516 2864 543 2923; x_wconf 93' lang='grc' dir='ltr'>ιι</span> <span class='ocrx_word' id='word_1_382' title='bbox 560 2857 735 2940; x_wconf 72' lang='grc' dir='ltr'>ιιιιριινιι,</span> <span class='ocrx_word' id='word_1_383' title='bbox 759 2856 835 2939; x_wconf 91' lang='lat' dir='ltr'>quia</span> <span class='ocrx_word' id='word_1_384' title='bbox 853 2854 1132 2921; x_wconf 83' lang='lat' dir='ltr'>Nabuobadnener</span> <span class='ocrx_word' id='word_1_385' title='bbox 1149 2855 1262 2918; x_wconf 92' lang='lat' dir='ltr'>florem</span> <span class='ocrx_word' id='word_1_386' title='bbox 1281 2853 1334 2917; x_wconf 89' lang='lat' dir='ltr'>de·</span> <span class='ocrx_word' id='word_1_387' title='bbox 1385 2855 1468 2936; x_wconf 90' lang='lat' dir='ltr'>pedo</span> <span class='ocrx_word' id='word_1_388' title='bbox 1490 2867 1600 2919; x_wconf 88' lang='lat' dir='ltr'>tenere</span> <span class='ocrx_word' id='word_1_389' title='bbox 1619 2857 1790 2940; x_wconf 86' lang='lat' dir='ltr'>religatum</span> <span class='ocrx_word' id='word_1_390' title='bbox 1809 2856 2013 2933; x_wconf 83' lang='lat' dir='ltr'>Zedeebiam,</span> <span class='ocrx_word' id='word_1_391' title='bbox 2037 2875 2138 2940; x_wconf 92' lang='lat' dir='ltr'>quum</span> <span class='ocrx_word' id='word_1_392' title='bbox 2160 2865 2270 2938; x_wconf 89' lang='lat' dir='ltr'>posset</span> <span class='ocrx_word' id='word_1_393' title='bbox 2291 2855 2360 2919; x_wconf 91' lang='lat' dir='ltr'>sin·</span> 
     </span>
     <span class='ocr_line' id='line_1_29' title="bbox 360 2938 2359 3026; baseline -0.002 -18"><span class='ocrx_word' id='word_1_394' title='bbox 360 2943 496 3026; x_wconf 87' lang='lat' dir='ltr'>legerat.</span> <span class='ocrx_word' id='word_1_395' title='bbox 542 2941 750 3025; x_wconf 83' lang='lat' dir='ltr'>Spoliaveret</span> <span class='ocrx_word' id='word_1_396' title='bbox 766 2943 853 3006; x_wconf 91' lang='lat' dir='ltr'>enim</span> <span class='ocrx_word' id='word_1_397' title='bbox 874 2941 987 3006; x_wconf 89' lang='lat' dir='ltr'>urbem</span> <span class='ocrx_word' id='word_1_398' title='bbox 1006 2938 1176 3016; x_wconf 85' lang='lat' dir='ltr'>nobilibus,</span> <span class='ocrx_word' id='word_1_399' title='bbox 1201 2939 1334 3021; x_wconf 90' lang='lat' dir='ltr'>nequis</span> <span class='ocrx_word' id='word_1_400' title='bbox 1387 2940 1472 3024; x_wconf 91' lang='lat' dir='ltr'>gulis</span> <span class='ocrx_word' id='word_1_401' title='bbox 1495 2939 1608 3006; x_wconf 87' lang='lat' dir='ltr'>diebus</span> <span class='ocrx_word' id='word_1_402' title='bbox 1630 2943 1802 3006; x_wconf 88' lang='lat' dir='ltr'>restituere</span> <span class='ocrx_word' id='word_1_403' title='bbox 1828 2943 1863 3006; x_wconf 92' lang='lat' dir='ltr'>in</span> <span class='ocrx_word' id='word_1_404' title='bbox 1894 2943 2069 3025; x_wconf 84' lang='lat' dir='ltr'>pristInum</span> <span class='ocrx_word' id='word_1_405' title='bbox 2100 2951 2222 3006; x_wconf 89' lang='lat' dir='ltr'>statum</span> <span class='ocrx_word' id='word_1_406' title='bbox 2245 2939 2359 3006; x_wconf 90' lang='lat' dir='ltr'>leobo-</span> 
     </span>
     <span class='ocr_line' id='line_1_30' title="bbox 362 3024 2358 3112; baseline -0.002 -19"><span class='ocrx_word' id='word_1_407' title='bbox 362 3029 537 3094; x_wconf 89' lang='lat' dir='ltr'>autoritate</span> <span class='ocrx_word' id='word_1_408' title='bbox 559 3028 697 3112; x_wconf 88' lang='lat' dir='ltr'>polleret</span> <span class='ocrx_word' id='word_1_409' title='bbox 715 3029 802 3092; x_wconf 90' lang='lat' dir='ltr'>inter</span> <span class='ocrx_word' id='word_1_410' title='bbox 823 3027 971 3104; x_wconf 90' lang='lat' dir='ltr'>Iudaeos,</span> <span class='ocrx_word' id='word_1_411' title='bbox 995 3027 1049 3109; x_wconf 91' lang='lat' dir='ltr'>qui</span> <span class='ocrx_word' id='word_1_412' title='bbox 1069 3025 1205 3091; x_wconf 89' lang='lat' dir='ltr'>auderet</span> <span class='ocrx_word' id='word_1_413' title='bbox 1226 3024 1334 3088; x_wconf 90' lang='lat' dir='ltr'>moliri</span> <span class='ocrx_word' id='word_1_414' title='bbox 1387 3030 1484 3104; x_wconf 90' lang='lat' dir='ltr'>niam,</span> <span class='ocrx_word' id='word_1_415' title='bbox 1507 3027 1602 3092; x_wconf 88' lang='lat' dir='ltr'>sicuti</span> <span class='ocrx_word' id='word_1_416' title='bbox 1625 3048 1700 3092; x_wconf 89' lang='lat' dir='ltr'>eum</span> <span class='ocrx_word' id='word_1_417' title='bbox 1729 3027 1860 3093; x_wconf 91' lang='lat' dir='ltr'>tenebat</span> <span class='ocrx_word' id='word_1_418' title='bbox 1889 3028 2046 3092; x_wconf 89' lang='lat' dir='ltr'>exsulem.</span> <span class='ocrx_word' id='word_1_419' title='bbox 2092 3027 2188 3092; x_wconf 89' lang='lat' dir='ltr'>Nune</span> <span class='ocrx_word' id='word_1_420' title='bbox 2211 3047 2286 3110; x_wconf 90' lang='lat' dir='ltr'>ergo</span> <span class='ocrx_word' id='word_1_421' title='bbox 2309 3028 2358 3090; x_wconf 93' lang='lat' dir='ltr'>in-</span> 
     </span>
     <span class='ocr_line' id='line_1_31' title="bbox 362 3112 2360 3196; baseline -0.001 -18"><span class='ocrx_word' id='word_1_422' title='bbox 362 3135 415 3178; x_wconf 90' lang='lat' dir='ltr'>res</span> <span class='ocrx_word' id='word_1_423' title='bbox 437 3134 558 3179; x_wconf 82' lang='lat' dir='ltr'>noras:</span> <span class='ocrx_word' id='word_1_424' title='bbox 589 3112 705 3180; x_wconf 88' lang='lat' dir='ltr'>deinde</span> <span class='ocrx_word' id='word_1_425' title='bbox 728 3113 882 3196; x_wconf 91' lang='lat' dir='ltr'>quidquid</span> <span class='ocrx_word' id='word_1_426' title='bbox 906 3125 975 3177; x_wconf 89' lang='lat' dir='ltr'>erat</span> <span class='ocrx_word' id='word_1_427' title='bbox 998 3112 1175 3194; x_wconf 92' lang='lat' dir='ltr'>pretiosum</span> <span class='ocrx_word' id='word_1_428' title='bbox 1198 3119 1255 3175; x_wconf 89' lang='lat' dir='ltr'>ant</span> <span class='ocrx_word' id='word_1_429' title='bbox 1277 3130 1333 3173; x_wconf 92' lang='lat' dir='ltr'>ex·</span> <span class='ocrx_word' id='word_1_430' title='bbox 1387 3112 1563 3194; x_wconf 89' lang='lat' dir='ltr'>telligimus</span> <span class='ocrx_word' id='word_1_431' title='bbox 1581 3133 1639 3178; x_wconf 90' lang='lat' dir='ltr'>our</span> <span class='ocrx_word' id='word_1_432' title='bbox 1658 3134 1723 3178; x_wconf 94' lang='lat' dir='ltr'>non</span> <span class='ocrx_word' id='word_1_433' title='bbox 1743 3114 1945 3196; x_wconf 89' lang='lat' dir='ltr'>prohibuerit</span> <span class='ocrx_word' id='word_1_434' title='bbox 1960 3113 2139 3178; x_wconf 83' lang='lat' dir='ltr'>Zedoohias</span> <span class='ocrx_word' id='word_1_435' title='bbox 2159 3133 2199 3176; x_wconf 91' lang='grc' dir='ltr'>ιιι</span> <span class='ocrx_word' id='word_1_436' title='bbox 2218 3112 2360 3176; x_wconf 84' lang='lat' dir='ltr'>ferretur</span> 
     </span>
     <span class='ocr_line' id='line_1_32' title="bbox 362 3196 2362 3283; baseline -0.001 -21"><span class='ocrx_word' id='word_1_437' title='bbox 362 3197 518 3281; x_wconf 91' lang='lat' dir='ltr'>quisitum</span> <span class='ocrx_word' id='word_1_438' title='bbox 538 3199 725 3272; x_wconf 88' lang='lat' dir='ltr'>abstulerat,</span> <span class='ocrx_word' id='word_1_439' title='bbox 749 3209 787 3262; x_wconf 90' lang='lat' dir='ltr'>ut</span> <span class='ocrx_word' id='word_1_440' title='bbox 806 3219 848 3263; x_wconf 91' lang='lat' dir='ltr'>ne</span> <span class='ocrx_word' id='word_1_441' title='bbox 866 3198 1047 3281; x_wconf 88' lang='lat' dir='ltr'>sculptores</span> <span class='ocrx_word' id='word_1_442' title='bbox 1062 3196 1191 3279; x_wconf 92' lang='lat' dir='ltr'>quidam</span> <span class='ocrx_word' id='word_1_443' title='bbox 1208 3201 1241 3262; x_wconf 91' lang='lat' dir='ltr'>et</span> <span class='ocrx_word' id='word_1_444' title='bbox 1256 3196 1335 3261; x_wconf 88' lang='lat' dir='ltr'>arti·</span> <span class='ocrx_word' id='word_1_445' title='bbox 1386 3198 1439 3264; x_wconf 89' lang='lat' dir='ltr'>bio</span> <span class='ocrx_word' id='word_1_446' title='bbox 1462 3198 1544 3262; x_wconf 88' lang='lat' dir='ltr'>liber</span> <span class='ocrx_word' id='word_1_447' title='bbox 1561 3198 1720 3265; x_wconf 85' lang='lat' dir='ltr'>Ieremias</span> <span class='ocrx_word' id='word_1_448' title='bbox 1739 3199 1779 3265; x_wconf 92' lang='lat' dir='ltr'>ad</span> <span class='ocrx_word' id='word_1_449' title='bbox 1797 3200 1960 3283; x_wconf 86' lang='lat' dir='ltr'>captivos:</span> <span class='ocrx_word' id='word_1_450' title='bbox 1984 3201 2058 3282; x_wconf 87' lang='lat' dir='ltr'>qnia</span> <span class='ocrx_word' id='word_1_451' title='bbox 2081 3199 2204 3264; x_wconf 89' lang='lat' dir='ltr'>seilicet</span> <span class='ocrx_word' id='word_1_452' title='bbox 2225 3196 2362 3279; x_wconf 87' lang='lat' dir='ltr'>putabat</span> 
     </span>
     <span class='ocr_line' id='line_1_33' title="bbox 362 3282 2362 3367; baseline -0.001 -19"><span class='ocrx_word' id='word_1_453' title='bbox 362 3285 440 3348; x_wconf 84' lang='lat' dir='ltr'>ficas</span> <span class='ocrx_word' id='word_1_454' title='bbox 462 3283 670 3366; x_wconf 88' lang='lat' dir='ltr'>relinqueret.</span> <span class='ocrx_word' id='word_1_455' title='bbox 713 3283 811 3348; x_wconf 90' lang='lat' dir='ltr'>Nuno</span> <span class='ocrx_word' id='word_1_456' title='bbox 834 3285 992 3365; x_wconf 82' lang='lat' dir='ltr'>seqnitur,</span> <span class='ocrx_word' id='word_1_457' title='bbox 1386 3282 1466 3348; x_wconf 90' lang='lat' dir='ltr'>illud</span> <span class='ocrx_word' id='word_1_458' title='bbox 1489 3283 1551 3350; x_wconf 88' lang='lat' dir='ltr'>sibi</span> <span class='ocrx_word' id='word_1_459' title='bbox 1573 3305 1643 3350; x_wconf 88' lang='lat' dir='ltr'>esse</span> <span class='ocrx_word' id='word_1_460' title='bbox 1665 3286 1746 3351; x_wconf 90' lang='lat' dir='ltr'>utile</span> <span class='ocrx_word' id='word_1_461' title='bbox 1768 3285 1809 3350; x_wconf 91' lang='lat' dir='ltr'>ad</span> <span class='ocrx_word' id='word_1_462' title='bbox 1832 3285 2045 3367; x_wconf 89' lang='lat' dir='ltr'>tranquillam</span> <span class='ocrx_word' id='word_1_463' title='bbox 2072 3284 2166 3367; x_wconf 90' lang='lat' dir='ltr'>regni</span> <span class='ocrx_word' id='word_1_464' title='bbox 2187 3303 2362 3348; x_wconf 84' lang='lat' dir='ltr'>conserva-</span> 
     </span>
     <span class='ocr_line' id='line_1_34' title="bbox 1388 3369 2362 3454; baseline -0.002 -20"><span class='ocrx_word' id='word_1_465' title='bbox 1388 3371 1520 3435; x_wconf 89' lang='lat' dir='ltr'>tionem.</span> <span class='ocrx_word' id='word_1_466' title='bbox 1572 3369 1674 3435; x_wconf 85' lang='lat' dir='ltr'>Aliud</span> <span class='ocrx_word' id='word_1_467' title='bbox 1707 3381 1814 3436; x_wconf 90' lang='lat' dir='ltr'>autem</span> <span class='ocrx_word' id='word_1_468' title='bbox 1845 3372 2006 3454; x_wconf 85' lang='lat' dir='ltr'>spectavit</span> <span class='ocrx_word' id='word_1_469' title='bbox 2032 3381 2163 3436; x_wconf 86' lang='lat' dir='ltr'>sanetus</span> <span class='ocrx_word' id='word_1_470' title='bbox 2193 3369 2362 3451; x_wconf 58' lang='lat' dir='ltr'>propbeta</span> 
     </span>
    </p>

    <p class='ocr_par' dir='ltr' id='par_1_3' title="bbox 361 3450 2363 4138">
     <span class='ocr_line' id='line_1_35' title="bbox 449 3450 2361 3540; baseline -0.001 -21"><span class='ocrx_word' id='word_1_471' title='bbox 449 3454 480 3519; x_wconf 84' lang='lat'>3.</span> <span class='ocrx_word' id='word_1_472' title='bbox 503 3453 568 3519; x_wconf 87' lang='lat' dir='ltr'>Per</span> <span class='ocrx_word' id='word_1_473' title='bbox 588 3473 718 3519; x_wconf 82' lang='lat' dir='ltr'>monum</span> <span class='ocrx_word' id='word_1_474' title='bbox 738 3451 879 3518; x_wconf 80' lang='grc' dir='ltr'>Ειιιιιι</span> <span class='ocrx_word' id='word_1_475' title='bbox 904 3452 968 3534; x_wconf 76' lang='lat' dir='ltr'>filii</span> <span class='ocrx_word' id='word_1_476' title='bbox 990 3450 1130 3535; x_wconf 74' lang='lat' dir='ltr'>Septen,</span> <span class='ocrx_word' id='word_1_477' title='bbox 1158 3458 1187 3517; x_wconf 87' lang='grc' dir='ltr'>ιι</span> <span class='ocrx_word' id='word_1_478' title='bbox 1215 3453 1335 3519; x_wconf 64' lang='lat' dir='ltr'>Gamo</span> <span class='ocrx_word' id='word_1_479' title='bbox 1388 3455 1463 3537; x_wconf 90' lang='lat' dir='ltr'>qnia</span> <span class='ocrx_word' id='word_1_480' title='bbox 1485 3454 1589 3520; x_wconf 85' lang='lat' dir='ltr'>voluit</span> <span class='ocrx_word' id='word_1_481' title='bbox 1610 3455 1720 3534; x_wconf 88' lang='lat' dir='ltr'>libere,</span> <span class='ocrx_word' id='word_1_482' title='bbox 1751 3477 1816 3520; x_wconf 93' lang='lat' dir='ltr'>non</span> <span class='ocrx_word' id='word_1_483' title='bbox 1843 3458 2037 3539; x_wconf 88' lang='lat' dir='ltr'>ingratiam</span> <span class='ocrx_word' id='word_1_484' title='bbox 2067 3457 2165 3540; x_wconf 85' lang='lat' dir='ltr'>regis,</span> <span class='ocrx_word' id='word_1_485' title='bbox 2194 3453 2252 3519; x_wconf 90' lang='lat' dir='ltr'>sed</span> <span class='ocrx_word' id='word_1_486' title='bbox 2282 3475 2361 3536; x_wconf 95' lang='lat' dir='ltr'>qno·</span> 
     </span>
     <span class='ocr_line' id='line_1_36' title="bbox 361 3537 2362 3624; baseline -0.002 -17"><span class='ocrx_word' id='word_1_487' title='bbox 361 3541 432 3607; x_wconf 82' lang='lat' dir='ltr'>riae</span> <span class='ocrx_word' id='word_1_488' title='bbox 450 3540 514 3622; x_wconf 82' lang='lat' dir='ltr'>filii</span> <span class='ocrx_word' id='word_1_489' title='bbox 535 3539 695 3616; x_wconf 80' lang='lat' dir='ltr'>Helelsiae,</span> <span class='ocrx_word' id='word_1_490' title='bbox 723 3560 799 3622; x_wconf 83' lang='lat' dir='ltr'>quoe</span> <span class='ocrx_word' id='word_1_491' title='bbox 819 3539 949 3605; x_wconf 75' lang='grc' dir='ltr'>ιιιιινιι</span> <span class='ocrx_word' id='word_1_492' title='bbox 971 3537 1142 3604; x_wconf 83' lang='grc' dir='ltr'>Ζιιιιιιιιι</span> <span class='ocrx_word' id='word_1_493' title='bbox 1162 3559 1219 3604; x_wconf 81' lang='lat' dir='ltr'>rec</span> <span class='ocrx_word' id='word_1_494' title='bbox 1240 3539 1334 3604; x_wconf 82' lang='lat' dir='ltr'>Ieluc·</span> <span class='ocrx_word' id='word_1_495' title='bbox 1388 3542 1476 3604; x_wconf 91' lang='lat' dir='ltr'>niam</span> <span class='ocrx_word' id='word_1_496' title='bbox 1488 3539 1587 3605; x_wconf 83' lang='lat' dir='ltr'>Deus</span> <span class='ocrx_word' id='word_1_497' title='bbox 1608 3543 1654 3606; x_wconf 91' lang='lat' dir='ltr'>ita</span> <span class='ocrx_word' id='word_1_498' title='bbox 1676 3542 1860 3618; x_wconf 89' lang='lat' dir='ltr'>mandabat,</span> <span class='ocrx_word' id='word_1_499' title='bbox 1891 3541 2062 3607; x_wconf 90' lang='lat' dir='ltr'>ostendere</span> <span class='ocrx_word' id='word_1_500' title='bbox 2082 3561 2179 3624; x_wconf 88' lang='lat' dir='ltr'>qnam</span> <span class='ocrx_word' id='word_1_501' title='bbox 2203 3538 2362 3604; x_wconf 90' lang='lat' dir='ltr'>diuturna</span> 
     </span>
     <span class='ocr_line' id='line_1_37' title="bbox 362 3623 2363 3711; baseline -0.002 -17"><span class='ocrx_word' id='word_1_502' title='bbox 362 3625 427 3694; x_wconf 81' lang='grc' dir='ltr'>ιιι</span> <span class='ocrx_word' id='word_1_503' title='bbox 447 3627 491 3692; x_wconf 86' lang='lat' dir='ltr'>ed</span> <span class='ocrx_word' id='word_1_504' title='bbox 514 3623 781 3691; x_wconf 79' lang='grc' dir='ltr'>Νιιιιιιιιιιιν</span> <span class='ocrx_word' id='word_1_505' title='bbox 805 3645 906 3709; x_wconf 76' lang='lat' dir='ltr'>repom</span> <span class='ocrx_word' id='word_1_506' title='bbox 927 3623 1112 3708; x_wconf 72' lang='lat' dir='ltr'>Babylonis,</span> <span class='ocrx_word' id='word_1_507' title='bbox 1134 3623 1334 3709; x_wconf 62' lang='lat' dir='ltr'>Baquates,</span> <span class='ocrx_word' id='word_1_508' title='bbox 1387 3626 1498 3690; x_wconf 83' lang='lat' dir='ltr'>lutura</span> <span class='ocrx_word' id='word_1_509' title='bbox 1521 3640 1606 3692; x_wconf 89' lang='lat' dir='ltr'>esset</span> <span class='ocrx_word' id='word_1_510' title='bbox 1628 3629 1809 3710; x_wconf 87' lang='lat' dir='ltr'>eaptivitas.</span> <span class='ocrx_word' id='word_1_511' title='bbox 1854 3625 2010 3710; x_wconf 88' lang='lat' dir='ltr'>Optasset</span> <span class='ocrx_word' id='word_1_512' title='bbox 2032 3627 2163 3711; x_wconf 90' lang='lat' dir='ltr'>quidam</span> <span class='ocrx_word' id='word_1_513' title='bbox 2183 3624 2363 3690; x_wconf 82' lang='grc' dir='ltr'>Ζιιιιιιιιι</span> 
     </span>
     <span class='ocr_line' id='line_1_38' title="bbox 362 3710 2363 3795; baseline -0.002 -17"><span class='ocrx_word' id='word_1_514' title='bbox 362 3713 499 3794; x_wconf 78' lang='lat' dir='ltr'>dicendo,</span> <span class='ocrx_word' id='word_1_515' title='bbox 1386 3713 1532 3793; x_wconf 92' lang='lat' dir='ltr'>permitti</span> <span class='ocrx_word' id='word_1_516' title='bbox 1554 3710 1693 3776; x_wconf 89' lang='lat' dir='ltr'>liberum</span> <span class='ocrx_word' id='word_1_517' title='bbox 1714 3714 1855 3778; x_wconf 88' lang='lat' dir='ltr'>reditum</span> <span class='ocrx_word' id='word_1_518' title='bbox 1878 3714 2057 3786; x_wconf 91' lang='lat' dir='ltr'>exsulibus,</span> <span class='ocrx_word' id='word_1_519' title='bbox 2085 3712 2162 3795; x_wconf 89' lang='lat' dir='ltr'>qnia</span> <span class='ocrx_word' id='word_1_520' title='bbox 2184 3711 2363 3776; x_wconf 87' lang='lat' dir='ltr'>manebant</span> 
     </span>
     <span class='ocr_line' id='line_1_39' title="bbox 449 3794 2361 3882; baseline -0.001 -22"><span class='ocrx_word' id='word_1_521' title='bbox 449 3797 480 3862; x_wconf 83' lang='lat'>4.</span> <span class='ocrx_word' id='word_1_522' title='bbox 513 3795 567 3862; x_wconf 81' lang='lat' dir='ltr'>Sic</span> <span class='ocrx_word' id='word_1_523' title='bbox 598 3797 674 3862; x_wconf 86' lang='lat' dir='ltr'>dicit</span> <span class='ocrx_word' id='word_1_524' title='bbox 707 3795 844 3860; x_wconf 82' lang='grc' dir='ltr'>Ιιιιιιιιι</span> <span class='ocrx_word' id='word_1_525' title='bbox 876 3795 1072 3874; x_wconf 64' lang='lat' dir='ltr'>meatuum,</span> <span class='ocrx_word' id='word_1_526' title='bbox 1103 3794 1193 3862; x_wconf 81' lang='lat' dir='ltr'>Deae</span> <span class='ocrx_word' id='word_1_527' title='bbox 1220 3796 1335 3877; x_wconf 84' lang='lat' dir='ltr'>Israel,</span> <span class='ocrx_word' id='word_1_528' title='bbox 1386 3795 1547 3861; x_wconf 85' lang='lat' dir='ltr'>duntaxat</span> <span class='ocrx_word' id='word_1_529' title='bbox 1569 3797 1689 3878; x_wconf 90' lang='lat' dir='ltr'>sordes,</span> <span class='ocrx_word' id='word_1_530' title='bbox 1711 3809 1745 3862; x_wconf 92' lang='grc' dir='ltr'>ιι</span> <span class='ocrx_word' id='word_1_531' title='bbox 1766 3799 1958 3882; x_wconf 89' lang='lat' dir='ltr'>quisquiliae</span> <span class='ocrx_word' id='word_1_532' title='bbox 1981 3800 2013 3862; x_wconf 92' lang='lat' dir='ltr'>in</span> <span class='ocrx_word' id='word_1_533' title='bbox 2036 3797 2176 3862; x_wconf 87' lang='lat' dir='ltr'>Iudaea:</span> <span class='ocrx_word' id='word_1_534' title='bbox 2206 3797 2268 3860; x_wconf 90' lang='lat' dir='ltr'>boo</span> <span class='ocrx_word' id='word_1_535' title='bbox 2289 3807 2361 3860; x_wconf 85' lang='lat' dir='ltr'>erat</span> 
     </span>
     <span class='ocr_line' id='line_1_40' title="bbox 363 3881 2363 3965; baseline -0.001 -19"><span class='ocrx_word' id='word_1_536' title='bbox 363 3883 528 3948; x_wconf 77' lang='grc' dir='ltr'>ιιιιιιιιι</span> <span class='ocrx_word' id='word_1_537' title='bbox 553 3883 728 3963; x_wconf 78' lang='lat' dir='ltr'>captivitati</span> <span class='ocrx_word' id='word_1_538' title='bbox 756 3901 851 3964; x_wconf 82' lang='lat' dir='ltr'>qaum</span> <span class='ocrx_word' id='word_1_539' title='bbox 880 3883 1036 3961; x_wconf 80' lang='lat' dir='ltr'>captivam</span> <span class='ocrx_word' id='word_1_540' title='bbox 1065 3881 1188 3947; x_wconf 78' lang='lat' dir='ltr'>adduci</span> <span class='ocrx_word' id='word_1_541' title='bbox 1208 3902 1225 3947; x_wconf 90' lang='lat' dir='ltr'>c</span> <span class='ocrx_word' id='word_1_542' title='bbox 1247 3883 1335 3946; x_wconf 86' lang='lat' dir='ltr'>Ieru-</span> <span class='ocrx_word' id='word_1_543' title='bbox 1387 3902 1452 3946; x_wconf 91' lang='lat' dir='ltr'>non</span> <span class='ocrx_word' id='word_1_544' title='bbox 1476 3883 1556 3948; x_wconf 88' lang='lat' dir='ltr'>satis</span> <span class='ocrx_word' id='word_1_545' title='bbox 1578 3881 1808 3950; x_wconf 87' lang='lat' dir='ltr'>honorificum:</span> <span class='ocrx_word' id='word_1_546' title='bbox 1839 3894 1872 3948; x_wconf 95' lang='lat' dir='ltr'>et</span> <span class='ocrx_word' id='word_1_547' title='bbox 1898 3887 1980 3948; x_wconf 83' lang='lat' dir='ltr'>torte</span> <span class='ocrx_word' id='word_1_548' title='bbox 2002 3886 2101 3949; x_wconf 86' lang='lat' dir='ltr'>etiam</span> <span class='ocrx_word' id='word_1_549' title='bbox 2125 3883 2186 3948; x_wconf 91' lang='lat' dir='ltr'>boo</span> <span class='ocrx_word' id='word_1_550' title='bbox 2214 3881 2363 3965; x_wconf 84' lang='lat' dir='ltr'>captavit</span> 
     </span>
     <span class='ocr_line' id='line_1_41' title="bbox 363 3965 2363 4052; baseline -0.002 -18"><span class='ocrx_word' id='word_1_551' title='bbox 363 3968 459 4034; x_wconf 80' lang='grc' dir='ltr'>ιιιιιι</span> <span class='ocrx_word' id='word_1_552' title='bbox 481 3966 683 4051; x_wconf 67' lang='grc' dir='ltr'>Βιιιιιιιιι,</span> <span class='ocrx_word' id='word_1_553' title='bbox 1387 3989 1488 4049; x_wconf 91' lang='lat' dir='ltr'>quum</span> <span class='ocrx_word' id='word_1_554' title='bbox 1519 3968 1644 4052; x_wconf 90' lang='lat' dir='ltr'>legatos</span> <span class='ocrx_word' id='word_1_555' title='bbox 1673 3970 1819 4034; x_wconf 92' lang='lat' dir='ltr'>mitteret</span> <span class='ocrx_word' id='word_1_556' title='bbox 1841 3969 1882 4034; x_wconf 92' lang='lat' dir='ltr'>ad</span> <span class='ocrx_word' id='word_1_557' title='bbox 1912 3969 2207 4046; x_wconf 85' lang='lat' dir='ltr'>Nabuohadneaer,</span> <span class='ocrx_word' id='word_1_558' title='bbox 2236 3988 2278 4032; x_wconf 92' lang='lat' dir='ltr'>ne</span> <span class='ocrx_word' id='word_1_559' title='bbox 2308 3965 2363 4031; x_wconf 92' lang='lat' dir='ltr'>de·</span> 
     </span>
     <span class='ocr_line' id='line_1_42' title="bbox 449 4049 2362 4138; baseline -0.003 -18"><span class='ocrx_word' id='word_1_560' title='bbox 449 4052 480 4120; x_wconf 82' lang='lat'>5.</span> <span class='ocrx_word' id='word_1_561' title='bbox 507 4051 681 4133; x_wconf 76' lang='lat' dir='ltr'>Aedificote</span> <span class='ocrx_word' id='word_1_562' title='bbox 702 4053 817 4135; x_wconf 82' lang='lat' dir='ltr'>domos,</span> <span class='ocrx_word' id='word_1_563' title='bbox 847 4049 1079 4117; x_wconf 75' lang='lat' dir='ltr'>ctiatmbitate:</span> <span class='ocrx_word' id='word_1_564' title='bbox 1102 4053 1244 4136; x_wconf 81' lang='lat' dir='ltr'>plantate</span> <span class='ocrx_word' id='word_1_565' title='bbox 1265 4053 1334 4120; x_wconf 79' lang='lat' dir='ltr'>bor·</span> <span class='ocrx_word' id='word_1_566' title='bbox 1386 4054 1501 4119; x_wconf 85' lang='lat' dir='ltr'>formis</span> <span class='ocrx_word' id='word_1_567' title='bbox 1523 4065 1674 4120; x_wconf 90' lang='lat' dir='ltr'>maneret</span> <span class='ocrx_word' id='word_1_568' title='bbox 1691 4055 1902 4138; x_wconf 84' lang='lat' dir='ltr'>Ierosolyma,</span> <span class='ocrx_word' id='word_1_569' title='bbox 1926 4055 1981 4120; x_wconf 92' lang='lat' dir='ltr'>sed</span> <span class='ocrx_word' id='word_1_570' title='bbox 2002 4065 2224 4120; x_wconf 85' lang='lat' dir='ltr'>reverteretur</span> <span class='ocrx_word' id='word_1_571' title='bbox 2246 4051 2362 4118; x_wconf 87' lang='lat' dir='ltr'>saltem</span> 
     </span>
    </p>

    <p class='ocr_par' dir='ltr' id='par_1_4' title="bbox 362 4138 2367 4652">
     <span class='ocr_line' id='line_1_43' title="bbox 362 4138 2363 4224; baseline -0.002 -18"><span class='ocrx_word' id='word_1_572' title='bbox 362 4145 417 4224; x_wconf 84' lang='lat' dir='ltr'>tos,</span> <span class='ocrx_word' id='word_1_573' title='bbox 437 4146 464 4205; x_wconf 96' lang='grc' dir='ltr'>ιι</span> <span class='ocrx_word' id='word_1_574' title='bbox 486 4138 628 4204; x_wconf 78' lang='grc' dir='ltr'>ιοιιιιιιι</span> <span class='ocrx_word' id='word_1_575' title='bbox 648 4138 773 4221; x_wconf 76' lang='lat' dir='ltr'>fraedae</span> <span class='ocrx_word' id='word_1_576' title='bbox 793 4157 906 4204; x_wconf 81' lang='lat' dir='ltr'>corum.</span> <span class='ocrx_word' id='word_1_577' title='bbox 1387 4140 1496 4222; x_wconf 89' lang='lat' dir='ltr'>aliqua</span> <span class='ocrx_word' id='word_1_578' title='bbox 1518 4161 1593 4222; x_wconf 87' lang='lat' dir='ltr'>pars</span> <span class='ocrx_word' id='word_1_579' title='bbox 1616 4141 1782 4224; x_wconf 85' lang='lat' dir='ltr'>exsulum:</span> <span class='ocrx_word' id='word_1_580' title='bbox 1814 4140 1930 4205; x_wconf 88' lang='lat' dir='ltr'>deinde</span> <span class='ocrx_word' id='word_1_581' title='bbox 1957 4148 1995 4204; x_wconf 91' lang='lat' dir='ltr'>ut</span> <span class='ocrx_word' id='word_1_582' title='bbox 2022 4151 2132 4205; x_wconf 89' lang='lat' dir='ltr'>essent</span> <span class='ocrx_word' id='word_1_583' title='bbox 2153 4141 2208 4221; x_wconf 88' lang='lat' dir='ltr'>qni</span> <span class='ocrx_word' id='word_1_584' title='bbox 2240 4149 2363 4204; x_wconf 87' lang='lat' dir='ltr'>terram</span> 
     </span>
     <span class='ocr_line' id='line_1_44' title="bbox 450 4222 2365 4307; baseline -0.002 -17"><span class='ocrx_word' id='word_1_585' title='bbox 450 4226 480 4291; x_wconf 90' lang='grc'>6.</span> <span class='ocrx_word' id='word_1_586' title='bbox 511 4224 651 4306; x_wconf 83' lang='lat' dir='ltr'>Accipite</span> <span class='ocrx_word' id='word_1_587' title='bbox 672 4243 797 4302; x_wconf 81' lang='grc' dir='ltr'>ιιινιι,</span> <span class='ocrx_word' id='word_1_588' title='bbox 826 4226 1014 4306; x_wconf 80' lang='lat' dir='ltr'>etpencrcte</span> <span class='ocrx_word' id='word_1_589' title='bbox 1032 4222 1116 4304; x_wconf 76' lang='lat' dir='ltr'>filios</span> <span class='ocrx_word' id='word_1_590' title='bbox 1137 4229 1164 4288; x_wconf 90' lang='grc' dir='ltr'>ιι</span> <span class='ocrx_word' id='word_1_591' title='bbox 1183 4225 1336 4306; x_wconf 74' lang='lat' dir='ltr'>filiaeset</span> <span class='ocrx_word' id='word_1_592' title='bbox 1387 4224 1540 4303; x_wconf 88' lang='lat' dir='ltr'>colerent,</span> <span class='ocrx_word' id='word_1_593' title='bbox 1568 4246 1650 4307; x_wconf 89' lang='lat' dir='ltr'>quae</span> <span class='ocrx_word' id='word_1_594' title='bbox 1672 4227 1740 4291; x_wconf 83' lang='lat' dir='ltr'>iere</span> <span class='ocrx_word' id='word_1_595' title='bbox 1769 4225 1890 4290; x_wconf 86' lang='lat' dir='ltr'>nudata</span> <span class='ocrx_word' id='word_1_596' title='bbox 1918 4235 1990 4291; x_wconf 89' lang='lat' dir='ltr'>erat</span> <span class='ocrx_word' id='word_1_597' title='bbox 2018 4227 2087 4292; x_wconf 90' lang='lat' dir='ltr'>snis</span> <span class='ocrx_word' id='word_1_598' title='bbox 2115 4225 2249 4291; x_wconf 87' lang='lat' dir='ltr'>colonis.</span> <span class='ocrx_word' id='word_1_599' title='bbox 2296 4222 2365 4288; x_wconf 86' lang='lat' dir='ltr'>Sed</span> 
     </span>
     <span class='ocr_line' id='line_1_45' title="bbox 363 4308 2364 4394; baseline -0.001 -18"><span class='ocrx_word' id='word_1_600' title='bbox 363 4311 491 4392; x_wconf 81' lang='lat' dir='ltr'>occipite</span> <span class='ocrx_word' id='word_1_601' title='bbox 506 4310 585 4391; x_wconf 72' lang='lat' dir='ltr'>filiis</span> <span class='ocrx_word' id='word_1_602' title='bbox 601 4311 713 4375; x_wconf 76' lang='grc' dir='ltr'>ιιιινιι</span> <span class='ocrx_word' id='word_1_603' title='bbox 728 4329 851 4393; x_wconf 66' lang='lat' dir='ltr'>aceres</span> <span class='ocrx_word' id='word_1_604' title='bbox 873 4308 1007 4390; x_wconf 72' lang='lat' dir='ltr'>attilius</span> <span class='ocrx_word' id='word_1_605' title='bbox 1027 4313 1145 4374; x_wconf 77' lang='grc' dir='ltr'>ιιιινιι</span> <span class='ocrx_word' id='word_1_606' title='bbox 1163 4309 1233 4375; x_wconf 80' lang='lat' dir='ltr'>dote</span> <span class='ocrx_word' id='word_1_607' title='bbox 1253 4331 1334 4392; x_wconf 80' lang='lat' dir='ltr'>nup·</span> <span class='ocrx_word' id='word_1_608' title='bbox 1388 4308 1544 4375; x_wconf 86' lang='lat' dir='ltr'>Ieremias</span> <span class='ocrx_word' id='word_1_609' title='bbox 1574 4311 1658 4392; x_wconf 93' lang='lat' dir='ltr'>quod</span> <span class='ocrx_word' id='word_1_610' title='bbox 1690 4312 1825 4376; x_wconf 89' lang='lat' dir='ltr'>minime</span> <span class='ocrx_word' id='word_1_611' title='bbox 1857 4321 1988 4394; x_wconf 86' lang='lat' dir='ltr'>gratum</span> <span class='ocrx_word' id='word_1_612' title='bbox 2021 4311 2144 4378; x_wconf 90' lang='lat' dir='ltr'>sciebat</span> <span class='ocrx_word' id='word_1_613' title='bbox 2177 4331 2248 4375; x_wconf 88' lang='lat' dir='ltr'>esse</span> <span class='ocrx_word' id='word_1_614' title='bbox 2281 4310 2364 4392; x_wconf 87' lang='lat' dir='ltr'>regi,</span> 
     </span>
     <span class='ocr_line' id='line_1_46' title="bbox 363 4393 2367 4480; baseline -0.002 -18"><span class='ocrx_word' id='word_1_615' title='bbox 363 4401 429 4462; x_wconf 82' lang='lat' dir='ltr'>tum</span> <span class='ocrx_word' id='word_1_616' title='bbox 449 4395 539 4474; x_wconf 79' lang='lat' dir='ltr'>ciria,</span> <span class='ocrx_word' id='word_1_617' title='bbox 567 4399 755 4478; x_wconf 81' lang='lat' dir='ltr'>etpcnereat</span> <span class='ocrx_word' id='word_1_618' title='bbox 778 4395 862 4476; x_wconf 73' lang='lat' dir='ltr'>filice</span> <span class='ocrx_word' id='word_1_619' title='bbox 884 4399 911 4460; x_wconf 88' lang='lat' dir='ltr'>et</span> <span class='ocrx_word' id='word_1_620' title='bbox 936 4393 1032 4472; x_wconf 76' lang='lat' dir='ltr'>filiae,</span> <span class='ocrx_word' id='word_1_621' title='bbox 1061 4399 1089 4458; x_wconf 89' lang='grc' dir='ltr'>ιι</span> <span class='ocrx_word' id='word_1_622' title='bbox 1115 4396 1238 4460; x_wconf 71' lang='lat' dir='ltr'>eecce</span> <span class='ocrx_word' id='word_1_623' title='bbox 1266 4395 1336 4480; x_wconf 85' lang='grc' dir='ltr'>(ιιι</span> <span class='ocrx_word' id='word_1_624' title='bbox 1387 4399 1595 4478; x_wconf 89' lang='lat' dir='ltr'>pronuntiat,</span> <span class='ocrx_word' id='word_1_625' title='bbox 1632 4417 1747 4479; x_wconf 88' lang='lat' dir='ltr'>nempe</span> <span class='ocrx_word' id='word_1_626' title='bbox 1780 4397 1903 4462; x_wconf 82' lang='lat' dir='ltr'>frustra</span> <span class='ocrx_word' id='word_1_627' title='bbox 1940 4398 2064 4480; x_wconf 88' lang='lat' dir='ltr'>sperari</span> <span class='ocrx_word' id='word_1_628' title='bbox 2101 4395 2260 4472; x_wconf 89' lang='lat' dir='ltr'>reditum,</span> <span class='ocrx_word' id='word_1_629' title='bbox 2297 4393 2367 4459; x_wconf 89' lang='lat' dir='ltr'>nisi</span> 
     </span>
     <span class='ocr_line' id='line_1_47' title="bbox 363 4480 2366 4567; baseline -0.002 -20"><span class='ocrx_word' id='word_1_630' title='bbox 363 4480 643 4564; x_wconf 88' lang='lat' dir='ltr'>multiplicamini)</span> <span class='ocrx_word' id='word_1_631' title='bbox 666 4481 743 4564; x_wconf 86' lang='lat' dir='ltr'>illic,</span> <span class='ocrx_word' id='word_1_632' title='bbox 765 4485 792 4546; x_wconf 88' lang='grc' dir='ltr'>ιι</span> <span class='ocrx_word' id='word_1_633' title='bbox 813 4501 851 4546; x_wconf 83' lang='grc' dir='ltr'>ιι</span> <span class='ocrx_word' id='word_1_634' title='bbox 872 4480 1071 4546; x_wconf 81' lang='lat' dir='ltr'>minuamini.</span> <span class='ocrx_word' id='word_1_635' title='bbox 1387 4483 1490 4546; x_wconf 88' lang='lat' dir='ltr'>finitis</span> <span class='ocrx_word' id='word_1_636' title='bbox 1521 4485 1730 4565; x_wconf 84' lang='lat' dir='ltr'>septuaginta</span> <span class='ocrx_word' id='word_1_637' title='bbox 1759 4484 1864 4548; x_wconf 91' lang='lat' dir='ltr'>annis.</span> <span class='ocrx_word' id='word_1_638' title='bbox 1908 4482 2071 4548; x_wconf 82' lang='lat' dir='ltr'>Videmus</span> <span class='ocrx_word' id='word_1_639' title='bbox 2103 4503 2182 4567; x_wconf 84' lang='lat' dir='ltr'>ergo</span> <span class='ocrx_word' id='word_1_640' title='bbox 2210 4489 2249 4546; x_wconf 91' lang='lat' dir='ltr'>ut</span> <span class='ocrx_word' id='word_1_641' title='bbox 2278 4480 2366 4545; x_wconf 93' lang='lat' dir='ltr'>nibil</span> 
     </span>
     <span class='ocr_line' id='line_1_48' title="bbox 1388 4569 2363 4652; baseline 0 -21"><span class='ocrx_word' id='word_1_642' title='bbox 1388 4569 1540 4651; x_wconf 86' lang='lat' dir='ltr'>loquutus</span> <span class='ocrx_word' id='word_1_643' title='bbox 1563 4569 1606 4632; x_wconf 89' lang='lat' dir='ltr'>sit</span> <span class='ocrx_word' id='word_1_644' title='bbox 1635 4569 1669 4632; x_wconf 93' lang='lat' dir='ltr'>in</span> <span class='ocrx_word' id='word_1_645' title='bbox 1701 4570 1786 4652; x_wconf 90' lang='lat' dir='ltr'>regis</span> <span class='ocrx_word' id='word_1_646' title='bbox 1816 4569 1975 4652; x_wconf 83' lang='lat' dir='ltr'>gratiam:</span> <span class='ocrx_word' id='word_1_647' title='bbox 2007 4571 2133 4634; x_wconf 89' lang='lat' dir='ltr'>interea</span> <span class='ocrx_word' id='word_1_648' title='bbox 2162 4581 2272 4633; x_wconf 89' lang='lat' dir='ltr'>tamen</span> <span class='ocrx_word' id='word_1_649' title='bbox 2303 4586 2363 4631; x_wconf 84' lang='lat' dir='ltr'>rex</span> 
     </span>
    </p>

    <p class='ocr_par' dir='ltr' id='par_1_5' title="bbox 301 4649 2370 5424">
     <span class='ocr_line' id='line_1_49' title="bbox 449 4649 2366 4738; baseline -0.001 -22"><span class='ocrx_word' id='word_1_650' title='bbox 449 4649 542 4716; x_wconf 87' lang='lat' dir='ltr'>Haeo</span> <span class='ocrx_word' id='word_1_651' title='bbox 564 4671 693 4717; x_wconf 90' lang='lat' dir='ltr'>summa</span> <span class='ocrx_word' id='word_1_652' title='bbox 714 4663 764 4717; x_wconf 94' lang='grc' dir='ltr'>ιιι</span> <span class='ocrx_word' id='word_1_653' title='bbox 785 4651 965 4736; x_wconf 86' lang='lat' dir='ltr'>legationis,</span> <span class='ocrx_word' id='word_1_654' title='bbox 996 4673 1093 4734; x_wconf 92' lang='lat' dir='ltr'>quam</span> <span class='ocrx_word' id='word_1_655' title='bbox 1122 4651 1210 4717; x_wconf 88' lang='lat' dir='ltr'>haud</span> <span class='ocrx_word' id='word_1_656' title='bbox 1240 4653 1336 4718; x_wconf 91' lang='lat' dir='ltr'>dubie</span> <span class='ocrx_word' id='word_1_657' title='bbox 1388 4675 1453 4719; x_wconf 94' lang='lat' dir='ltr'>non</span> <span class='ocrx_word' id='word_1_658' title='bbox 1475 4672 1572 4737; x_wconf 85' lang='lat' dir='ltr'>segre</span> <span class='ocrx_word' id='word_1_659' title='bbox 1595 4655 1707 4718; x_wconf 90' lang='lat' dir='ltr'>tulerit</span> <span class='ocrx_word' id='word_1_660' title='bbox 1728 4655 1866 4737; x_wconf 85' lang='lat' dir='ltr'>perferri</span> <span class='ocrx_word' id='word_1_661' title='bbox 1893 4655 1964 4718; x_wconf 89' lang='lat' dir='ltr'>eius</span> <span class='ocrx_word' id='word_1_662' title='bbox 1986 4654 2157 4738; x_wconf 87' lang='lat' dir='ltr'>epistolam</span> <span class='ocrx_word' id='word_1_663' title='bbox 2180 4653 2221 4718; x_wconf 89' lang='lat' dir='ltr'>ad</span> <span class='ocrx_word' id='word_1_664' title='bbox 2244 4651 2366 4717; x_wconf 90' lang='lat' dir='ltr'>sedan·</span> 
     </span>
     <span class='ocr_line' id='line_1_50' title="bbox 364 4735 2368 4888; baseline 0 -86"><span class='ocrx_word' id='word_1_665' title='bbox 364 4737 513 4888; x_wconf 63' lang='lat' dir='ltr'>pluribus</span> <span class='ocrx_word' id='word_1_666' title='bbox 540 4735 647 4802; x_wconf 85' lang='lat' dir='ltr'>verbis</span> <span class='ocrx_word' id='word_1_667' title='bbox 675 4738 876 4820; x_wconf 85' lang='lat' dir='ltr'>explicuerat</span> <span class='ocrx_word' id='word_1_668' title='bbox 903 4737 1077 4821; x_wconf 89' lang='lat' dir='ltr'>propbeta:</span> <span class='ocrx_word' id='word_1_669' title='bbox 1107 4738 1164 4802; x_wconf 89' lang='lat' dir='ltr'>sed</span> <span class='ocrx_word' id='word_1_670' title='bbox 1194 4737 1337 4804; x_wconf 84' lang='lat' dir='ltr'>breviter</span> <span class='ocrx_word' id='word_1_671' title='bbox 1388 4741 1446 4804; x_wconf 91' lang='lat' dir='ltr'>dos</span> <span class='ocrx_word' id='word_1_672' title='bbox 1468 4759 1582 4804; x_wconf 90' lang='lat' dir='ltr'>omnes</span> <span class='ocrx_word' id='word_1_673' title='bbox 1604 4751 1720 4814; x_wconf 88' lang='lat' dir='ltr'>motus,</span> <span class='ocrx_word' id='word_1_674' title='bbox 1751 4751 1784 4804; x_wconf 92' lang='lat' dir='ltr'>at</span> <span class='ocrx_word' id='word_1_675' title='bbox 1811 4739 2005 4805; x_wconf 84' lang='lat' dir='ltr'>fraenandos</span> <span class='ocrx_word' id='word_1_676' title='bbox 2031 4761 2144 4805; x_wconf 91' lang='lat' dir='ltr'>omnes</span> <span class='ocrx_word' id='word_1_677' title='bbox 2167 4759 2280 4804; x_wconf 88' lang='lat' dir='ltr'>eorum</span> <span class='ocrx_word' id='word_1_678' title='bbox 2304 4739 2368 4802; x_wconf 90' lang='lat' dir='ltr'>im·</span> 
     </span>
     <span class='ocr_line' id='line_1_51' title="bbox 389 4823 2368 4909; baseline 0.002 -23"><span class='ocrx_word' id='word_1_679' title='bbox 389 4823 418 4888; x_wconf 93' lang='lat' dir='ltr'>io</span> <span class='ocrx_word' id='word_1_680' title='bbox 445 4823 678 4906; x_wconf 82' lang='lat' dir='ltr'>perstringitur</span> <span class='ocrx_word' id='word_1_681' title='bbox 700 4824 785 4905; x_wconf 91' lang='lat' dir='ltr'>quod</span> <span class='ocrx_word' id='word_1_682' title='bbox 808 4823 939 4906; x_wconf 85' lang='lat' dir='ltr'>scripsit</span> <span class='ocrx_word' id='word_1_683' title='bbox 968 4824 1009 4888; x_wconf 93' lang='lat' dir='ltr'>ad</span> <span class='ocrx_word' id='word_1_684' title='bbox 1036 4823 1192 4907; x_wconf 85' lang='lat' dir='ltr'>captivos,</span> <span class='ocrx_word' id='word_1_685' title='bbox 1220 4845 1336 4908; x_wconf 90' lang='lat' dir='ltr'>nempe</span> <span class='ocrx_word' id='word_1_686' title='bbox 1387 4833 1493 4908; x_wconf 90' lang='lat' dir='ltr'>petus,</span> <span class='ocrx_word' id='word_1_687' title='bbox 1522 4825 1577 4907; x_wconf 89' lang='lat' dir='ltr'>qui</span> <span class='ocrx_word' id='word_1_688' title='bbox 1600 4825 1719 4906; x_wconf 89' lang='lat' dir='ltr'>alioqui</span> <span class='ocrx_word' id='word_1_689' title='bbox 1745 4825 1884 4890; x_wconf 86' lang='lat' dir='ltr'>inissent</span> <span class='ocrx_word' id='word_1_690' title='bbox 1905 4826 2044 4890; x_wconf 92' lang='lat' dir='ltr'>nimium</span> <span class='ocrx_word' id='word_1_691' title='bbox 2068 4825 2222 4909; x_wconf 90' lang='lat' dir='ltr'>propensi</span> <span class='ocrx_word' id='word_1_692' title='bbox 2244 4824 2286 4889; x_wconf 88' lang='grc' dir='ltr'>ιι</span> <span class='ocrx_word' id='word_1_693' title='bbox 2308 4843 2368 4889; x_wconf 84' lang='lat' dir='ltr'>res</span> 
     </span>
     <span class='ocr_line' id='line_1_52' title="bbox 365 4908 2369 4993; baseline -0 -19"><span class='ocrx_word' id='word_1_694' title='bbox 365 4920 402 4974; x_wconf 90' lang='lat' dir='ltr'>ut</span> <span class='ocrx_word' id='word_1_695' title='bbox 425 4909 545 4991; x_wconf 90' lang='lat' dir='ltr'>quietis</span> <span class='ocrx_word' id='word_1_696' title='bbox 568 4908 686 4974; x_wconf 89' lang='lat' dir='ltr'>animis</span> <span class='ocrx_word' id='word_1_697' title='bbox 709 4911 890 4990; x_wconf 83' lang='lat' dir='ltr'>perferrent</span> <span class='ocrx_word' id='word_1_698' title='bbox 909 4909 1060 4975; x_wconf 85' lang='lat' dir='ltr'>exsilium</span> <span class='ocrx_word' id='word_1_699' title='bbox 1079 4930 1180 4991; x_wconf 89' lang='lat' dir='ltr'>usque</span> <span class='ocrx_word' id='word_1_700' title='bbox 1198 4910 1238 4975; x_wconf 90' lang='lat' dir='ltr'>ad</span> <span class='ocrx_word' id='word_1_701' title='bbox 1258 4923 1337 4974; x_wconf 89' lang='lat' dir='ltr'>tem·</span> <span class='ocrx_word' id='word_1_702' title='bbox 1387 4931 1500 4976; x_wconf 84' lang='lat' dir='ltr'>noras.</span> <span class='ocrx_word' id='word_1_703' title='bbox 1545 4909 1638 4976; x_wconf 87' lang='lat' dir='ltr'>Haec</span> <span class='ocrx_word' id='word_1_704' title='bbox 1659 4910 1744 4974; x_wconf 90' lang='lat' dir='ltr'>ratio</span> <span class='ocrx_word' id='word_1_705' title='bbox 1767 4920 1817 4976; x_wconf 92' lang='lat' dir='ltr'>est</span> <span class='ocrx_word' id='word_1_706' title='bbox 1844 4911 2121 4991; x_wconf 84' lang='lat' dir='ltr'>circumstantiae,</span> <span class='ocrx_word' id='word_1_707' title='bbox 2152 4931 2254 4993; x_wconf 88' lang='lat' dir='ltr'>quum</span> <span class='ocrx_word' id='word_1_708' title='bbox 2284 4908 2369 4974; x_wconf 88' lang='lat' dir='ltr'>dicit</span> 
     </span>
     <span class='ocr_line' id='line_1_53' title="bbox 301 4994 2368 5081; baseline -0.001 -19"><span class='ocrx_word' id='word_1_709' title='bbox 301 5055 304 5062; x_wconf 93' lang='lat'><em>.</em></span> <span class='ocrx_word' id='word_1_710' title='bbox 365 5014 427 5077; x_wconf 91' lang='lat' dir='ltr'>pus</span> <span class='ocrx_word' id='word_1_711' title='bbox 456 4994 673 5072; x_wconf 90' lang='lat' dir='ltr'>liberationis,</span> <span class='ocrx_word' id='word_1_712' title='bbox 706 5014 773 5058; x_wconf 92' lang='lat' dir='ltr'>non</span> <span class='ocrx_word' id='word_1_713' title='bbox 802 4995 898 5076; x_wconf 90' lang='lat' dir='ltr'>quale</span> <span class='ocrx_word' id='word_1_714' title='bbox 931 4994 1196 5077; x_wconf 80' lang='lat' dir='ltr'>imaginabantur</span> <span class='ocrx_word' id='word_1_715' title='bbox 1230 4995 1336 5078; x_wconf 89' lang='lat' dir='ltr'>multi,</span> <span class='ocrx_word' id='word_1_716' title='bbox 1387 4995 1787 5075; x_wconf 56' lang='lat' dir='ltr'>commemorasset</span> <span class='ocrx_word' id='word_1_717' title='bbox 1816 4997 1997 5081; x_wconf 89' lang='lat' dir='ltr'>epistolam,</span> <span class='ocrx_word' id='word_1_718' title='bbox 2022 5017 2086 5079; x_wconf 84' lang='lat' dir='ltr'>per</span> <span class='ocrx_word' id='word_1_719' title='bbox 2113 5016 2245 5062; x_wconf 82' lang='grc' dir='ltr'>ιιιιιιι</span> <span class='ocrx_word' id='word_1_720' title='bbox 2266 4995 2368 5060; x_wconf 74' lang='lat' dir='ltr'>Etm-</span> 
     </span>
     <span class='ocr_line' id='line_1_54' title="bbox 365 5079 2370 5168; baseline 0.001 -24"><span class='ocrx_word' id='word_1_721' title='bbox 365 5080 422 5145; x_wconf 88' lang='lat' dir='ltr'>sed</span> <span class='ocrx_word' id='word_1_722' title='bbox 456 5080 541 5163; x_wconf 89' lang='lat' dir='ltr'>quod</span> <span class='ocrx_word' id='word_1_723' title='bbox 574 5081 667 5145; x_wconf 89' lang='lat' dir='ltr'>Deus</span> <span class='ocrx_word' id='word_1_724' title='bbox 704 5080 910 5162; x_wconf 85' lang='lat' dir='ltr'>praefixerat.</span> <span class='ocrx_word' id='word_1_725' title='bbox 965 5079 1100 5145; x_wconf 86' lang='lat' dir='ltr'>Celebre</span> <span class='ocrx_word' id='word_1_726' title='bbox 1136 5082 1223 5145; x_wconf 91' lang='lat' dir='ltr'>enim</span> <span class='ocrx_word' id='word_1_727' title='bbox 1257 5092 1336 5147; x_wconf 90' lang='lat' dir='ltr'>tune</span> <span class='ocrx_word' id='word_1_728' title='bbox 1387 5081 1446 5148; x_wconf 79' lang='grc' dir='ltr'>ιιι</span> <span class='ocrx_word' id='word_1_729' title='bbox 1467 5087 1495 5147; x_wconf 83' lang='grc' dir='ltr'>ιι</span> <span class='ocrx_word' id='word_1_730' title='bbox 1519 5080 1701 5148; x_wconf 78' lang='lat' dir='ltr'>Gummice.</span> <span class='ocrx_word' id='word_1_731' title='bbox 1748 5081 1794 5146; x_wconf 80' lang='grc' dir='ltr'>ιιι</span> <span class='ocrx_word' id='word_1_732' title='bbox 1815 5083 1912 5148; x_wconf 91' lang='lat' dir='ltr'>simul</span> <span class='ocrx_word' id='word_1_733' title='bbox 1940 5083 2091 5168; x_wconf 87' lang='lat' dir='ltr'>adiungit</span> <span class='ocrx_word' id='word_1_734' title='bbox 2118 5083 2233 5148; x_wconf 82' lang='lat' dir='ltr'>missos</span> <span class='ocrx_word' id='word_1_735' title='bbox 2261 5081 2370 5163; x_wconf 74' lang='lat' dir='ltr'>faisse</span> 
     </span>
     <span class='ocr_line' id='line_1_55' title="bbox 365 5164 2370 5254; baseline 0 -26"><span class='ocrx_word' id='word_1_736' title='bbox 365 5175 437 5230; x_wconf 93' lang='lat' dir='ltr'>erat</span> <span class='ocrx_word' id='word_1_737' title='bbox 458 5165 648 5232; x_wconf 86' lang='lat' dir='ltr'>vatioinium</span> <span class='ocrx_word' id='word_1_738' title='bbox 671 5166 840 5245; x_wconf 88' lang='lat' dir='ltr'>Ieremias,</span> <span class='ocrx_word' id='word_1_739' title='bbox 870 5186 975 5247; x_wconf 92' lang='lat' dir='ltr'>neque</span> <span class='ocrx_word' id='word_1_740' title='bbox 997 5174 1124 5230; x_wconf 89' lang='lat' dir='ltr'>tantum</span> <span class='ocrx_word' id='word_1_741' title='bbox 1148 5167 1183 5230; x_wconf 94' lang='lat' dir='ltr'>in</span> <span class='ocrx_word' id='word_1_742' title='bbox 1206 5164 1336 5246; x_wconf 88' lang='lat' dir='ltr'>Iudaea,</span> <span class='ocrx_word' id='word_1_743' title='bbox 1387 5189 1409 5234; x_wconf 91' lang='grc' dir='ltr'>ι</span> <span class='ocrx_word' id='word_1_744' title='bbox 1431 5167 1582 5234; x_wconf 81' lang='grc' dir='ltr'>Ζιιιιιιιι</span> <span class='ocrx_word' id='word_1_745' title='bbox 1606 5167 1809 5252; x_wconf 78' lang='lat' dir='ltr'>Babylonem,</span> <span class='ocrx_word' id='word_1_746' title='bbox 1842 5190 1961 5254; x_wconf 91' lang='lat' dir='ltr'>nempe</span> <span class='ocrx_word' id='word_1_747' title='bbox 1989 5179 2029 5235; x_wconf 92' lang='lat' dir='ltr'>ut</span> <span class='ocrx_word' id='word_1_748' title='bbox 2057 5170 2226 5252; x_wconf 87' lang='lat' dir='ltr'>placarent</span> <span class='ocrx_word' id='word_1_749' title='bbox 2251 5185 2370 5251; x_wconf 88' lang='lat' dir='ltr'>regem</span> 
     </span>
     <span class='ocr_line' id='line_1_56' title="bbox 365 5250 2369 5336; baseline -0.001 -20"><span class='ocrx_word' id='word_1_750' title='bbox 365 5251 422 5316; x_wconf 90' lang='grc' dir='ltr'>ιιι</span> <span class='ocrx_word' id='word_1_751' title='bbox 438 5250 623 5316; x_wconf 86' lang='lat' dir='ltr'>innotuerat</span> <span class='ocrx_word' id='word_1_752' title='bbox 639 5253 737 5316; x_wconf 89' lang='lat' dir='ltr'>etiam</span> <span class='ocrx_word' id='word_1_753' title='bbox 753 5252 898 5336; x_wconf 87' lang='lat' dir='ltr'>captivis,</span> <span class='ocrx_word' id='word_1_754' title='bbox 922 5270 1040 5333; x_wconf 91' lang='lat' dir='ltr'>nempe</span> <span class='ocrx_word' id='word_1_755' title='bbox 1055 5251 1207 5316; x_wconf 91' lang='lat' dir='ltr'>exsilium</span> <span class='ocrx_word' id='word_1_756' title='bbox 1223 5273 1335 5316; x_wconf 90' lang='lat' dir='ltr'>eorum</span> <span class='ocrx_word' id='word_1_757' title='bbox 1389 5253 1680 5332; x_wconf 85' lang='lat' dir='ltr'>Nabuehadneaer,</span> <span class='ocrx_word' id='word_1_758' title='bbox 1711 5253 1765 5318; x_wconf 85' lang='lat' dir='ltr'>rel</span> <span class='ocrx_word' id='word_1_759' title='bbox 1794 5253 1909 5320; x_wconf 91' lang='lat' dir='ltr'>saltem</span> <span class='ocrx_word' id='word_1_760' title='bbox 1938 5264 1977 5320; x_wconf 90' lang='lat' dir='ltr'>nt</span> <span class='ocrx_word' id='word_1_761' title='bbox 2005 5255 2153 5320; x_wconf 79' lang='lat' dir='ltr'>foverent</span> <span class='ocrx_word' id='word_1_762' title='bbox 2182 5253 2253 5319; x_wconf 89' lang='lat' dir='ltr'>aius</span> <span class='ocrx_word' id='word_1_763' title='bbox 2280 5251 2369 5318; x_wconf 87' lang='lat' dir='ltr'>ami-</span> 
     </span>
     <span class='ocr_line' id='line_1_57' title="bbox 365 5337 2369 5424; baseline 0.001 -24"><span class='ocrx_word' id='word_1_764' title='bbox 365 5357 431 5402; x_wconf 92' lang='lat' dir='ltr'>non</span> <span class='ocrx_word' id='word_1_765' title='bbox 471 5357 566 5420; x_wconf 91' lang='lat' dir='ltr'>posse</span> <span class='ocrx_word' id='word_1_766' title='bbox 604 5337 692 5402; x_wconf 87' lang='lat' dir='ltr'>finiri</span> <span class='ocrx_word' id='word_1_767' title='bbox 729 5338 872 5404; x_wconf 82' lang='lat' dir='ltr'>breviori</span> <span class='ocrx_word' id='word_1_768' title='bbox 909 5337 1064 5418; x_wconf 90' lang='lat' dir='ltr'>temporis</span> <span class='ocrx_word' id='word_1_769' title='bbox 1100 5338 1203 5419; x_wconf 92' lang='lat' dir='ltr'>spatio</span> <span class='ocrx_word' id='word_1_770' title='bbox 1236 5359 1335 5421; x_wconf 90' lang='lat' dir='ltr'>quam</span> <span class='ocrx_word' id='word_1_771' title='bbox 1388 5339 1509 5405; x_wconf 84' lang='lat' dir='ltr'>oitIam.</span> <span class='ocrx_word' id='word_1_772' title='bbox 1554 5339 1625 5404; x_wconf 90' lang='lat' dir='ltr'>Iam</span> <span class='ocrx_word' id='word_1_773' title='bbox 1659 5339 1754 5405; x_wconf 85' lang='lat' dir='ltr'>renio</span> <span class='ocrx_word' id='word_1_774' title='bbox 1783 5338 1824 5404; x_wconf 88' lang='lat' dir='ltr'>ad</span> <span class='ocrx_word' id='word_1_775' title='bbox 1852 5341 1957 5424; x_wconf 92' lang='lat' dir='ltr'>ipsam</span> <span class='ocrx_word' id='word_1_776' title='bbox 1987 5360 2148 5406; x_wconf 88' lang='lat' dir='ltr'>summam</span> <span class='ocrx_word' id='word_1_777' title='bbox 2179 5338 2369 5404; x_wconf 87' lang='lat' dir='ltr'>doetrinae:</span> 
     </span>
    </p>
   </div>
   <div class='ocr_carea' id='block_1_3' title="bbox 0 0 2575 6132">
    <p class='ocr_par' dir='ltr' id='par_1_6' title="bbox 0 0 2575 6132">
     <span class='ocr_line' id='line_1_58' title="bbox 0 0 2575 6132; baseline 0 0"><span class='ocrx_word' id='word_1_778' title='bbox 0 0 2575 6132; x_wconf 95' lang='lat' dir='ltr'> </span> 
     </span>
    </p>
   </div>
  </div>
 </body>
</html>
