5038 6118
194 385 255 451 113
919 383 966 450 IN
990 383 1240 452 maurusii.
1284 384 1383 452 CAP.
1407 382 1469 449 XI.
2135 387 2200 454 114

193 581 303 638 tamen
321 593 435 638 omnes
452 592 495 637 ex
513 572 574 638 boe
592 571 764 657 prinoipio:
788 571 864 654 quia
882 573 1020 654 quisque
1044 573 1168 656 appetit
1219 594 1261 637 ιι
1290 572 1431 654 amplius
1459 580 1530 636 oret
1557 571 1725 638 Ieremias.
1769 569 1844 638 Ηιι
1877 593 1944 638 non
1976 571 2056 638 iaoit
2086 583 2198 642 tamen

191 657 314 724 habere
344 659 452 723 Deum
486 657 692 740 penuliarem.
742 657 795 722 Ita
822 659 861 722 ιιι
889 671 927 722 ut
954 678 1167 740 unaquaeque
1218 659 1320 740 ipsius
1344 667 1474 723 tantum
1496 676 1605 734 eausa,
1635 654 1690 723 ssd
1715 657 1825 740 potius
1847 657 1979 740 respioit
2007 666 2112 726 totam
2143 681 2198 742 po·

191 744 270 810 nrbs
291 744 425 825 adoptet
446 752 636 827 patronum:
671 741 790 809 deinde
817 741 967 826 singulae
997 745 1094 808 etiam
1117 742 1166 806 la·
1218 743 1343 824 pulum,
1378 763 1496 826 nempe
1531 751 1566 806 ut
1598 743 1706 809 soient
1734 741 1933 809 sententiam
1964 742 2005 809 de
2033 765 2068 810 ss
2095 745 2197 812 latam

191 830 301 895 miliae
323 827 385 894 sibi
404 828 565 895 labrioant
587 829 734 912 proprios
756 827 844 910 deos,
866 828 1073 911 quianullus
1092 848 1167 894 oon·
1217 849 1306 908 esse,
1336 836 1370 892 et
1398 827 1480 892 nihil
1511 827 1582 914 spei
1611 849 1683 894 esse
1712 815 1886 910 reliquum.
1932 827 2092 896 Videmus
2119 851 2197 914 ergo

78 957 81 968 ·
192 925 303 982 tentus
335 926 385 979 est
417 915 583 980 eommuni
616 913 714 979 eultu.
771 914 862 998 Ergo
899 932 1030 978 neeesse
1063 920 1114 978 est
1147 933 1167 976 a
1217 920 1256 978 ιι
1276 914 1423 996 praecise
1446 911 1590 979 ailirmet
1612 913 1703 980 Deus
1729 912 1793 980 sibi
1815 935 1885 980 esse
1906 914 1942 978 in
1964 915 2074 980 animo
2096 935 2196 998 popn·

191 999 283 1066 nobis
313 1020 416 1065 unum
443 999 553 1064 Deum
583 1020 663 1081 pure
690 993 767 1079 obli,
796 1009 855 1064 aut
880 997 1026 1065 diabolus
1054 998 1164 1064 statim
1216 999 1286 1064 lum
1310 999 1457 1081 perdere,
1480 997 1615 1081 ideoque
1638 1020 1703 1064 non
1725 1019 1797 1066 esse
1826 998 1969 1082 amplius
1995 999 2103 1066 loonm
2126 1021 2196 1083 pre-

191 1085 326 1152 induoet
352 1085 476 1151 alienos
506 1085 593 1162 deos,
623 1093 657 1149 et
679 1085 846 1151 oonlnsom
877 1086 1024 1148 turbam:
1058 1085 1104 1148 ita
1128 1093 1166 1147 ιι
1216 1085 1317 1150 sibus.
1369 1082 1436 1150 Sed
1470 1083 1648 1166 quaeritur,
1682 1104 1724 1148 an
1759 1083 1918 1166 propbeta
1950 1105 2051 1167 quum
2084 1095 2197 1168 postea

190 1172 286 1238 laoile
318 1183 472 1253 appareat
506 1191 565 1236 nos
593 1168 672 1235 dare
704 1190 824 1252 poenas
857 1169 978 1252 Impiae
1010 1169 1164 1247 levitatis,
1217 1170 1362 1252 perrexit
1389 1169 1521 1234 insuia
1554 1169 1713 1251 prsoibus,
1743 1168 1853 1236 Deum
1884 1168 2075 1236 offenderit:
2103 1169 2193 1236 vide·

190 1258 341 1340 qnoniam
373 1257 506 1320 reliotns
528 1277 548 1320 a
572 1254 664 1320 nobis
691 1256 791 1320 inerit
824 1255 895 1320 lons
927 1275 1031 1337 aquae
1058 1255 1164 1319 vivae
1215 1254 1322 1320 bimus
1344 1254 1432 1319 anim
1461 1254 1561 1320 ιιιιιι
1590 1253 1697 1320 adhue
1724 1254 1772 1320 sis
1801 1254 1955 1321 affeotnm
1985 1255 2019 1322 in
2049 1255 2197 1322 onranda

191 1342 281 1409 Dioit
309 1348 409 1407 erecto
439 1341 542 1422 fuisse
570 1339 690 1406 ιιιιιια
719 1341 754 1405 ia
782 1341 995 1423 opprobrium.
1038 1339 1166 1404 ¹Posset
1215 1339 1325 1422 populi
1347 1339 1464 1416 saluts,
1494 1352 1532 1403 ut
1557 1359 1622 1404 non
1645 1339 1808 1405 destiterit
1829 1339 1940 1406 Deum
1968 1341 2104 1423 presari.
2149 1342 2196 1408 Et

189 1427 250 1493 hoo
273 1428 313 1492 ad
339 1428 444 1492 Deum
469 1427 593 1508 relsrri,
623 1425 707 1508 quod
738 1425 862 1492 soilioet
888 1446 1024 1509 gravem
1047 1434 1163 1490 oontu·
1215 1426 1299 1507 quod
1322 1424 1363 1490 de
1385 1425 1526 1490 Ieremia
1552 1423 1681 1504 dieitur,
1710 1426 1853 1507 pertinet
1883 1426 1982 1490 etiam
2009 1426 2050 1492 ad
2079 1447 2194 1494 omnes

190 1513 320 1578 meliam
346 1511 417 1576 Deo
446 1511 628 1588 intulerint,
661 1511 815 1593 qnoniam
848 1511 1061 1594 opposuerint
1090 1531 1164 1592 pro-
1215 1510 1305 1575 alios.
1349 1509 1452 1594 Atqui
1474 1509 1587 1576 fideles
1609 1529 1738 1591 semper
1755 1519 1893 1576 orarunt
1911 1532 1970 1593 pro
1987 1511 2194 1594 impetranda

189 1599 266 1663 lana
288 1617 347 1662 sua
368 1597 483 1662 altaria
505 1597 602 1662 unioo
624 1594 709 1679 quod
727 1597 820 1661 Deus
843 1597 904 1662 sibi
926 1597 1008 1680 erigi
1030 1597 1064 1660 in
1085 1607 1164 1660 tem·
1214 1597 1321 1668 venia,
1355 1595 1507 1679 quamvis
1534 1616 1587 1660 res
1614 1595 1656 1660 ad
1689 1603 1874 1662 extremum
1909 1617 2013 1680 usque
2042 1596 2195 1664 redaotae

212 1684 244 1748 lo
273 1685 421 1749 iusserat.
477 1681 545 1749 Sed
578 1692 688 1746 ooaeta
720 1693 806 1748 esset
838 1682 896 1747 illa
927 1681 1162 1764 interpretatio.
1215 1692 1333 1748 essent.
1378 1681 1445 1748 Sed
1474 1681 1652 1746 notandum
1682 1690 1731 1746 est
1753 1679 1862 1746 Deum
1892 1681 1949 1747 ubi
1977 1683 2023 1746 ita
2052 1681 2196 1765 simpliei

228 1769 310 1833 elius
332 1789 410 1852 ergo
433 1770 586 1834 eonvenit
608 1766 669 1831 boe
691 1767 814 1833 referre
831 1767 871 1832 ad
891 1767 1058 1851 populum,
1077 1766 1163 1850 quod
1215 1767 1435 1848 prohibitione
1477 1767 1596 1850 utitur,
1641 1785 1737 1848 saepe
1777 1787 1895 1831 asuers
1934 1786 2068 1832 suornm
2108 1776 2192 1845 rota,

189 1854 314 1920 soilioet
343 1855 405 1918 sibi
433 1853 549 1918 altaria
576 1853 719 1917 erexerit
749 1854 785 1918 ιι
812 1851 1037 1935 opprobrium:
1072 1851 1164 1935 quasi
1215 1851 1490 1935 quemadmodum
1531 1850 1669 1934 legimns
1708 1849 1749 1916 ds
1788 1849 1952 1918 Samuele.
2009 1852 2071 1918 Ille
2105 1851 2194 1918 enim

189 1940 319 2017 dIoeret,
338 1938 477 2004 Iudaeos
492 1938 553 2014 sibi
569 1938 669 2002 luisse
684 1947 814 2002 autores
828 1936 991 2002 malorum
1009 1938 1165 2017 omnium,
1215 1938 1342 2003 etiamsi
1359 1946 1567 2019 eognososret
1585 1959 1627 2002 ex
1641 1956 1697 2001 ore
1713 1937 1776 2002 Dei
1793 1935 1927 2002 Saulem
1942 1956 2013 2004 essa
2030 1938 2194 2014 reieetum,

190 2035 227 2088 ut
256 2024 411 2090 deberent
445 2024 507 2088 hoo
536 2044 614 2089 suas
646 2023 807 2104 impietati
841 2034 1009 2104 ueneptum
1041 2024 1165 2088 relsrre
1216 2043 1281 2087 non
1303 2021 1378 2088 ideo
1402 2034 1512 2088 tamen
1534 2021 1661 2088 destitit
1690 2041 1802 2088 amore
1830 2022 1937 2105 ipsum
1969 2023 2131 2105 prosequi,
2162 2031 2196 2088 ιι

189 2131 291 2192 quum
309 2110 474 2175 Dominus
495 2129 633 2191 poenam
655 2111 782 2191 exiget:
805 2109 897 2190 quasi
916 2107 1049 2190 ditaret,
1072 2108 1164 2174 Deua
1216 2127 1274 2192 pro
1297 2109 1368 2190 ipso
1390 2108 1478 2190 apud
1500 2106 1608 2172 Deum
1631 2107 1844 2173 intsrssdere.
1888 2107 1955 2174 Sed
1977 2109 2113 2174 minime
2136 2108 2195 2173 du·

190 2195 322 2279 qnidam
346 2216 403 2259 vos
425 2194 597 2277 eastigabit
621 2205 656 2257 ut
677 2193 770 2276 digni
792 2195 885 2259 estis:
909 2193 965 2258 sed
989 2193 1164 2259 adsoribite
1216 2194 1305 2259 bium
1328 2202 1379 2259 ιιι
1400 2194 1480 2276 quin
1503 2192 1681 2275 prophetae
1704 2193 1909 2275 respexerint
1926 2193 2098 2260 eonsilium
2121 2193 2195 2272 Dei,

189 2281 283 2347 vobis
312 2280 391 2362 ipsis
421 2285 524 2344 totam
555 2280 702 2362 eulpam:
734 2279 888 2362 qnoniam
923 2279 1047 2357 altaria,
1082 2299 1164 2362 qnae
1216 2279 1301 2361 quod
1323 2281 1390 2344 iam
1412 2279 1590 2362 attigimus.
1634 2277 1799 2358 Quoniam
1823 2299 1903 2362 ergo
1925 2276 2018 2344 Deus
2040 2300 2106 2344 non
2130 2278 2198 2361 pri·

189 2366 340 2431 manibus
363 2366 482 2431 vestris
504 2376 612 2430 ereata
633 2373 720 2442 sont,
743 2365 859 2431 osdent
881 2365 974 2430 vobis
995 2364 1030 2429 ιι
1049 2385 1164 2446 oppro-
1216 2365 1318 2431 vatim
1341 2364 1497 2447 loquutus
1518 2374 1569 2429 est
1591 2362 1749 2430 Ieremias
1773 2383 1881 2439 saura,
1903 2362 1960 2430 sed
1980 2363 2100 2446 populi,
2121 2364 2197 2430 ideo

190 2451 294 2516 brium
319 2463 352 2516 et
374 2451 540 2534 pudorem.
585 2450 732 2515 Tandem
756 2449 915 2533 adiungit,
945 2450 1001 2514 Aa
1021 2449 1165 2533 suffitum
1217 2450 1377 2532 propheta
1416 2471 1481 2515 nen
1522 2447 1727 2516 damnandus
1758 2461 1809 2515 est
1841 2448 1897 2514 vel
1931 2449 2102 2528 audatiae,
2143 2449 2195 2516 vel

189 2538 376 2619 offerendam
397 2535 496 2604 Boni.
537 2536 611 2600 Non
635 2536 768 2600 dubium
792 2545 843 2600 est
864 2535 942 2619 quin
965 2535 1166 2618 quaesierint
1216 2535 1421 2612 temeritatis,
1446 2535 1495 2600 rel
1518 2533 1638 2601 stultae
1667 2535 1905 2615 obstinationis,
1930 2535 1982 2600 rel
2012 2535 2196 2602 inonnside·

189 2643 354 2688 summnm
383 2622 509 2687 Deum:
543 2620 598 2686 sed
627 2623 783 2701 quoniam
816 2620 986 2705 fingebant
1015 2621 1078 2687 sibi
1108 2641 1164 2702 pa·
1216 2622 1280 2686 rati
1312 2621 1385 2695 aeli,
1418 2641 1518 2703 quum
1552 2631 1664 2702 postea
1696 2632 1847 2704 praeatus
1869 2629 1929 2699 est,
1962 2621 2042 2703 quia
2072 2621 2197 2687 solebat

189 2713 322 2789 tronus,
354 2708 411 2791 qui
440 2717 552 2774 essent
584 2707 675 2789 quasi
708 2705 904 2771 mediatores
937 2727 1049 2773 eoram
1080 2703 1163 2785 Deo,
1217 2727 1282 2772 non
1306 2716 1371 2771 tam
1396 2708 1457 2772 hoo
1479 2706 1541 2773 sibi
1565 2727 1637 2772 esse
1663 2705 1797 2785 dietum,
1827 2726 1923 2789 quam
1955 2707 2110 2794 univqrso
2139 2725 2196 2788 po-

189 2793 462 2876 quemadmodum
482 2793 683 2875 platonioum
701 2790 784 2856 illud
799 2792 994 2875 figmentum
1012 2793 1164 2858 omnibus
1216 2791 1302 2875 pulo.
1348 2791 1415 2858 Sed
1437 2791 1528 2856 alind
1546 2790 1726 2858 notandum
1748 2800 1816 2856 est:
1837 2812 1944 2875 neque
1967 2793 2055 2858 enim
2074 2793 2196 2860 vetitus

188 2879 326 2944 saeonlis
363 2880 534 2962 regnavit:
575 2877 648 2942 ideo
684 2877 844 2962 propheta
882 2877 935 2943 hio
973 2877 1164 2959 pronuntiat
1215 2887 1265 2943 ιιι
1282 2877 1439 2943 Ieremias
1460 2895 1555 2942 orare
1572 2896 1631 2959 pro
1649 2877 1805 2959 reliqniis,
1829 2876 1891 2942 bno
1912 2883 1973 2954 ιιι,
1996 2896 2056 2959 pro
2073 2877 2195 2953 eleotis.

188 2965 290 3030 fuisso
310 2964 377 3029 illis
400 2973 450 3028 tot
471 2965 548 3029 deos
570 2973 650 3046 quot
672 2975 767 3029 erant
796 2962 905 3042 urbes,
936 2962 1056 3028 deinde
1086 2973 1164 3045 quot
1216 2971 1250 3027 ιι
1271 2982 1330 3044 pro
1352 2962 1478 3028 semine
1499 2962 1566 3046 illo,
1590 2962 1677 3027 nude
1700 2961 1869 3028 exoritura
1897 2971 1968 3028 erat
1997 2961 2115 3028 deinde
2143 2983 2195 3030 ao·

188 3051 338 3131 oompita.
396 3049 510 3132 Neque
543 3050 631 3114 enIm
663 3048 756 3114 Dens
792 3047 937 3112 admittit
969 3048 1164 3130 sophistiuas
1216 3048 1332 3112 olesia:
1361 3047 1418 3114 sed
1442 3048 1565 3114 vetitus
1594 3056 1644 3114 ιιι
1672 3067 1765 3113 orare
1794 3068 1854 3130 pro
1888 3047 1946 3113 illo
1975 3068 2109 3132 eorpore
2137 3068 2196 3131 po·

188 3136 343 3219 argutias,
377 3135 495 3217 quibos
529 3133 612 3199 elabi
646 3153 775 3216 semper
807 3134 926 3198 volunt
958 3133 1164 3217 hypoeritas.
1217 3132 1302 3216 puli:
1326 3142 1360 3197 st
1381 3146 1469 3198 oerts
1491 3132 1533 3198 ab
1555 3153 1592 3199 eo
1616 3149 1761 3216 tempore
1791 3134 1854 3200 hoo
1884 3141 1973 3199 osrto
2003 3153 2195 3216 persuasum
2318 3167 2323 3174 ·

187 3220 274 3285 Nam
296 3221 394 3286 simul
416 3229 516 3303 atque
538 3218 738 3284 transfertur
760 3218 830 3283 eins
852 3217 959 3302 gloria
985 3220 1058 3299 alio,
1087 3238 1163 3283 oon·
1217 3218 1343 3298 habuit,
1364 3238 1430 3284 non
1453 3237 1549 3300 posse
1570 3218 1712 3301 amplius
1734 3218 1915 3286 remedium
1933 3219 2092 3298 adhiberi,
2114 3221 2196 3302 quin

187 3306 338 3388 queritur
361 3325 462 3370 novos
485 3306 562 3370 deos
583 3303 735 3370 induotos
757 3324 838 3369 esse.
883 3303 1051 3387 Sequitur,
1218 3303 1357 3386 populus
1378 3303 1559 3370 trahendus
1581 3316 1668 3369 esset
1689 3304 1725 3368 in
1744 3304 1908 3370 exsilium.
1945 3304 2073 3370 Reierri
2096 3305 2197 3389 igitur

1216 3389 1278 3454 hoo
1305 3387 1402 3454 debet
1429 3388 1470 3454 ad
1499 3399 1601 3454 totam
1631 3389 1885 3454 multitudinem.
1929 3389 2063 3454 Interea
2092 3390 2197 3471 potnit

276 3475 327 3541 14.
361 3474 406 3541 El
426 3480 460 3541 la
480 3495 518 3541 ιι
539 3493 608 3542 orsa
623 3495 685 3557 pro
709 3475 827 3558 populo
857 3475 921 3554 boo,
950 3480 980 3540 st
1007 3495 1047 3540 ιιι
1075 3474 1166 3541 mlius
1217 3475 1375 3542 Ieremias
1403 3495 1461 3556 pro
1492 3475 1603 3540 sleotis
1631 3472 1696 3540 Dei
1724 3494 1834 3541 orare:
1864 3473 1981 3540 deinde
2010 3475 2108 3542 etiam
2136 3495 2194 3556 pro

183 3580 244 3644 pro
275 3562 358 3642 ipris
389 3562 568 3640 clamorem,
601 3565 630 3625 ιι
653 3561 880 3643 mammetem:
912 3562 990 3645 quin
1021 3580 1075 3644 ιιι
1104 3581 1166 3626 ιιι
1217 3579 1303 3627 nova
1324 3559 1470 3640 eeclesia,
1500 3561 1561 3625 hoe
1584 3571 1644 3636 ιιι,
1672 3581 1732 3643 pru
1754 3559 1994 3626 instauratione
2023 3559 2195 3626 eoolesiae:

187 3646 321 3712 ιιιῐιιιιι
357 3667 423 3711 ιιι
445 3644 590 3731 audiam)
612 3646 648 3710 ιιι
674 3651 810 3728 termera
835 3667 896 3728 ιιι
923 3647 1103 3714 clamabant
1124 3645 1167 3712 ad
1217 3646 1369 3730 quamvis
1387 3665 1452 3710 non
1472 3644 1621 3712 debuerit
1637 3665 1740 3724 orare,
1763 3645 1843 3729 quin
1860 3643 2024 3710 Dominus
2039 3665 2196 3728 exseque-

188 3751 235 3797 me
258 3752 322 3813 pro
357 3733 409 3797 rel
432 3732 542 3815 snper)
564 3731 649 3797 stolo
670 3751 729 3797 sao
750 3729 864 3816 (snper
885 3733 1060 3798 afflietione
1081 3731 1164 3816 sua).
1218 3741 1310 3797 retur
1333 3729 1520 3808 vindiotam,
1550 3751 1633 3813 qnae
1659 3731 1725 3796 iam
1749 3733 1795 3796 sio
1817 3730 1903 3812 apud
1934 3731 2043 3813 ipsum
2065 3730 2196 3798 deor-eta

1217 3828 1298 3895 erat,
1321 3825 1446 3880 utnon
1470 3826 1579 3899 posset
1596 3814 1672 3882 ullis
1695 3815 1844 3899 precibus
1861 3816 1959 3880 flesti.
1997 3815 2094 3880 Nune
2117 3838 2195 3901 ergo

273 3903 320 3969 Ut
340 3902 528 3986 intelligant
550 3901 662 3966 ludaei
685 3908 807 3968 sertam
830 3902 958 3968 sladem
979 3905 1111 3979 instare,
1133 3911 1166 3968 et
1218 3913 1368 3968 tenemus
1393 3901 1492 3967 buius
1521 3901 1583 3968 loei
1608 3922 1751 3977 sensum,
1785 3922 1903 3985 nempe
1931 3900 2017 3984 qnod
2037 3900 2194 3968 Ieremias

186 3987 296 4053 Deum
320 4008 385 4052 non
406 3987 477 4052 iore
499 3987 564 4053 illis
590 3986 792 4070 planabilem,
821 3991 953 4053 vetatur
974 3989 1072 4053 ιιιιιι
1095 3989 1165 4070 Ipse
1216 4007 1276 4070 pro
1298 3987 1436 4070 singulis
1458 3986 1646 4053 bominibus
1667 3985 1810 4070 quotidie
1829 3993 1982 4068 praeatus
2003 3986 2056 4067 sit,
2078 3985 2194 4054 deinde

185 4072 345 4157 propheta
367 4092 403 4137 se
420 4072 631 4154 interponere
652 4091 712 4156 pro
734 4073 825 4154 ipsis.
862 4073 939 4138 Non
961 4072 1096 4139 dubium
1115 4082 1164 4140 ιιι
1216 4095 1275 4156 pro
1307 4073 1547 4138 instauratione
1580 4073 1748 4139 eoelesias:
1781 4085 1890 4138 ιιιιιι
1925 4071 2073 4138 debuerit
2105 4083 2193 4140 serto

186 4159 266 4240 quin
289 4157 345 4224 ubi
368 4157 421 4222 vel
448 4157 654 4224 severissime
682 4158 843 4242 arguebat
871 4159 1036 4242 populum,
1065 4159 1165 4224 simul
1215 4167 1407 4241 exspeotare
1428 4157 1551 4226 sladem
1574 4158 1665 4224 illam
1684 4157 1800 4237 exsilii,
1824 4157 1902 4242 quia
1916 4158 1979 4223 hoo
1993 4179 2103 4224 eoram
2119 4158 2193 4226 Deo

186 4243 228 4308 ad
252 4244 359 4309 Deum
375 4253 452 4308 rota
473 4261 533 4306 sua
550 4242 715 4322 direxerit,
738 4245 815 4327 quia
831 4245 985 4310 sustinuit
1000 4243 1164 4326 duplioem
1215 4245 1318 4309 lixum
1341 4252 1421 4308 erat.
1459 4242 1630 4324 Quantum
1648 4245 1764 4309 attinet
1784 4243 1828 4310 ad
1850 4244 1936 4309 hano
1958 4244 2192 4327 loquutionem,

186 4348 370 4410 personam.
415 4328 526 4409 Quum
549 4328 636 4393 enim
667 4329 702 4394 in
731 4330 876 4395 medium
905 4330 1067 4414 prodibat,
1096 4331 1164 4398 illio
1216 4331 1267 4395 Ne
1287 4329 1377 4398 ionas
1400 4349 1462 4410 pro
1489 4330 1573 4413 ipsis
1598 4329 1764 4395 ιιιιιινιιι
1793 4338 1827 4396 ιι
1855 4329 2084 4413 praeationem,
2114 4330 2193 4396 alibi

187 4425 258 4479 erat
278 4416 373 4496 qnasi
401 4434 517 4497 praem
546 4415 693 4480 eoelestis
716 4413 889 4481 vindietas.
933 4416 1024 4500 Ergo
1053 4415 1162 4480 ιιιιιι-
1214 4415 1356 4481 diximus
1380 4415 1460 4482 duas
1483 4414 1638 4498 loquendi
1659 4415 1782 4481 formas
1804 4416 1840 4480 in
1868 4415 2010 4498 speeiem
2040 4435 2112 4481 esss
2142 4416 2191 4479 di·

187 4500 287 4564 nabat
307 4508 421 4566 eontra
448 4499 567 4582 impios
589 4509 622 4564 et
645 4501 707 4566 Dei
730 4510 979 4583 sontemptnrss.
1024 4499 1093 4566 Sed
1115 4503 1162 4565 in·
1214 4521 1334 4578 versas,
1357 4522 1441 4584 quae
1464 4513 1575 4566 tamen
1598 4501 1808 4582 eonveniunt,
1831 4500 1947 4566 tollere
1969 4500 2191 4583 preeationem

187 4594 276 4650 terea
312 4586 504 4669 snpplioitsr
540 4583 777 4665 deprsoabatur
810 4587 956 4665 veniam,
995 4595 1032 4650 ut
1071 4587 1162 4653 Dens
1213 4596 1246 4652 et
1268 4587 1434 4670 proiioere.
1480 4585 1646 4651 Diountur
1666 4607 1744 4670 ergo
1766 4587 1871 4653 saneti
1897 4586 2064 4652 interdum
2093 4587 2192 4670 proii-
2310 4664 2315 4675 Ι

187 4669 285 4732 etiam
319 4671 455 4753 perditis
477 4681 511 4735 et
533 4670 712 4754 desperatis
750 4671 935 4737 bominibus
965 4673 1161 4755 Ignososret:
1213 4691 1286 4738 esre
1316 4672 1499 4738 orationem
1529 4691 1641 4736 suam:
1675 4671 1781 4738 Undat
1809 4672 1913 4739 oratio
1943 4693 2016 4738 mea
2045 4671 2081 4736 in
2114 4692 2191 4736 oon·

187 4754 252 4820 nisi
274 4757 361 4819 enim
381 4756 497 4821 inisset
519 4755 566 4819 ita
584 4756 703 4820 anxius
721 4756 761 4821 de
779 4758 885 4822 salute
900 4756 1021 4841 populi,
1043 4765 1076 4823 et
1097 4757 1162 4823 nisi
1212 4767 1326 4841 speetu
1348 4770 1421 4823 tuo:
1451 4757 1604 4839 quoniam
1627 4757 1752 4823 seilioet
1773 4778 1869 4824 nemo
1900 4757 1962 4823 rite
1993 4757 2192 4838 compositus

187 4838 302 4905 sedulo
322 4848 455 4921 orasset,
482 4860 724 4924 supervaouum
746 4854 817 4907 erat
846 4842 1018 4926 prohibere
1040 4855 1077 4908 ut
1106 4843 1162 4908 ds-
1212 4852 1262 4910 est
1283 4843 1324 4908 ad
1346 4843 1457 4908 Deum
1479 4841 1710 4920 insonandum,
1740 4843 1807 4908 nisi
1835 4844 1891 4927 qui
1918 4844 1956 4908 in
1983 4862 2019 4907 se
2040 4841 2112 4925 ipso
2143 4849 2192 4908 est

187 4925 311 4990 sineret
339 4946 359 4990 a
388 4925 549 5009 presibua
604 4926 745 4991 Constat
776 4928 878 5010 igitur
905 4929 1098 5010 prophetam
1126 4929 1162 4993 in
1213 4929 1356 4994 deieotus
1378 4939 1411 4992 st
1432 4937 1622 5010 prostratus.
1656 4927 1748 5012 llrgo
1765 4927 1920 4995 diountur
1940 4927 2057 4993 eadere
2078 4948 2192 5011 prensa

187 5018 327 5092 utroque
348 5011 447 5076 luisse
477 5010 678 5096 diligentem,
704 5032 821 5096 nempe
850 5023 887 5077 ut
916 5014 1072 5096 populum
1102 5012 1161 5078 du·
1212 5025 1400 5080 sanatorum
1439 5023 1575 5096 propter
1616 5013 1854 5079 humilitatem:
1896 5013 2051 5078 dieantur
2090 5014 2191 5080 etiam

186 5095 267 5162 riter
297 5095 486 5180 obiurgaret
513 5098 610 5164 sieuti
640 5096 816 5163 mandabat
843 5099 954 5165 Deus:
988 5110 1022 5164 et
1051 5108 1162 5164 tamen
1212 5119 1342 5164 sursum
1365 5098 1481 5179 attolli,
1503 5119 1622 5183 nempe
1644 5107 1780 5183 propter
1799 5100 1961 5165 fervorem
1979 5097 2050 5177 aeli,
2074 5097 2192 5165 deinde

186 5188 273 5246 esset
295 5180 495 5265 depreeatur,
516 5193 556 5247 ut
577 5181 669 5247 Dens
688 5181 866 5249 elementer
882 5193 997 5268 ageret
1012 5204 1088 5250 oum
1109 5185 1160 5248 in·
1213 5193 1345 5268 propter
1377 5185 1541 5252 fiduoiam.
1595 5185 1641 5250 Et
1673 5184 1761 5268 quod
1799 5204 1869 5248 rem
1902 5201 2004 5248 unam
2043 5183 2192 5266 pluribus

187 5266 305 5350 dignis.
350 5267 423 5334 Ηιι
453 5274 503 5332 ast
530 5289 644 5334 unum.
688 5268 759 5333 Iam
790 5289 867 5353 ergo
888 5269 981 5335 Deus
1010 5269 1163 5352 prohibet
1215 5269 1322 5344 verbis
1344 5273 1470 5354 repetit,
1493 5291 1561 5336 non
1583 5280 1673 5336 earet
1701 5267 1860 5354 pondere:
1888 5269 1968 5352 qnia
1996 5271 2191 5336 tantundem

292 5368 514 5440 ιιιιιοιιι
541 5369 797 5426 aafflrrrr.
1968 5371 1987 5424 a
