5158 6124
232 447 295 514 485
935 448 983 514 IN
1005 445 1256 512 IEREMIAM.
1302 445 1400 512 ΟΔΡ.
1424 445 1536 511 XXV.
2173 455 2238 523 486

318 636 416 702 Nune
448 635 597 718 pluribus
627 635 735 702 verbis
766 636 908 718 explieat
937 636 1094 701 Ieremias
1124 633 1209 718 quod
1234 639 1238 729 l
1262 633 1373 710 daeos,
1404 655 1502 717 qnam
1530 634 1572 699 ad
1603 637 1754 718 profanas
1784 647 1912 722 gentes:
1947 641 2023 724 quia
2051 645 2238 726 praefectus

232 731 367 807 propter
406 721 598 788 brevitatem
639 727 767 805 potarat
798 743 871 787 ease
903 723 1088 788 obseurum.
1142 720 1208 786 Lo·
1261 721 1324 784 tuit
1355 719 1421 785 illis
1455 719 1582 799 dootor,
1616 723 1714 806 idque
1747 723 1780 788 in
1815 724 1972 804 salutem,
2007 727 2070 792 nisi
2099 729 2237 796 luissent

232 819 355 890 quutns
388 808 494 873 iuerat
528 809 567 872 de
600 809 725 874 eunetis
757 807 926 892 gentibus:
960 807 1016 873 sed
1051 806 1210 888 abruptus
1260 823 1395 888 prorsus
1429 806 1559 890 ingenio
1588 808 1732 891 perdito:
1765 808 1806 874 ad
1834 822 1949 894 gentes
1978 819 2088 878 autem
2118 815 2236 882 misena

232 896 340 961 fuerat
373 913 488 959 sermo.
545 893 628 959 Nam
662 894 821 959 haetenus
854 915 920 958 non
958 892 1065 976 palam
1100 891 1210 956 denuit
1261 891 1339 969 init,
1374 897 1411 955 ut
1443 892 1587 974 praeoiss
1620 894 1826 960 minitaretur
1858 895 1923 962 illis
1956 897 2041 981 quod
2073 899 2235 966 instabat:

233 1000 268 1046 se
302 979 438 1044 missum
473 979 573 1045 inisse
609 1001 628 1044 ι
655 977 728 1044 Deo
758 999 969 1064 praeconem,
1004 979 1060 1060 qui
1093 979 1209 1042 uitaret
1262 987 1372 1042 tamen
1400 977 1520 1043 missus
1550 977 1613 1042 fuit
1643 989 1709 1044 tam
1739 979 1780 1046 ad
1803 981 1942 1048 Iudaeos
1971 1003 2068 1066 quam
2098 985 2138 1049 ad
2162 985 2238 1052 reli·

232 1085 346 1131 omnes
373 1083 468 1148 reges
497 1075 530 1128 et
564 1063 699 1148 populos
728 1063 768 1128 ad
799 1066 869 1130 eius
897 1063 1059 1142 tribunal,
1093 1071 1127 1128 et
1156 1061 1208 1126 do·
1261 1084 1342 1146 quos
1380 1082 1509 1142 omnes,
1555 1067 1828 1146 quemadmodum
1871 1067 1969 1150 paulo
2008 1077 2083 1153 post
2121 1070 2236 1138 ordine

232 1150 402 1217 nuntiaret
427 1149 504 1234 qnid
526 1151 674 1215 futurum
697 1157 792 1217 esset.
837 1149 1002 1232 Quoniam
1025 1169 1103 1232 ergo
1125 1148 1208 1213 nihil
1261 1148 1446 1214 distinotins
1476 1149 1633 1216 ostendet.
1677 1151 1774 1219 Nune
1802 1151 1953 1218 videmus
1975 1156 2048 1238 quis
2070 1157 2113 1221 ait
2138 1157 2236 1222 huius

233 1237 299 1302 tale
329 1236 485 1320 attigerat
513 1237 673 1320 propheta
695 1257 802 1302 sermo
825 1237 881 1301 ille
899 1243 1025 1320 potarat
1047 1254 1118 1300 asse
1141 1253 1208 1298 am·
1261 1233 1427 1300 doetrinae
1460 1235 1551 1312 finis,
1583 1247 1616 1300 et
1649 1258 1807 1320 quaenam
1843 1238 1985 1305 utilitas:
2019 1248 2057 1306 ut
2086 1243 2237 1308 nonniliet

232 1321 362 1406 biguue.
408 1321 506 1388 Nune
534 1343 612 1406 argo
642 1323 785 1386 affirmat
814 1324 874 1389 sibi
897 1327 1085 1407 portentum
1107 1319 1208 1385 fuisse
1260 1318 1359 1385 fidem
1388 1320 1537 1402 proximo
1561 1321 1716 1389 vatininio
1737 1321 1903 1400 Ieremias,
1938 1324 2042 1408 primo
2064 1327 2236 1410 visionem,

232 1408 365 1476 oalioem
403 1428 421 1471 e
458 1429 559 1472 manu
595 1407 677 1488 Dei,
718 1430 813 1492 quem
853 1411 1044 1491 propinaret
1082 1405 1208 1471 eunetis
1260 1426 1343 1488 quaa
1382 1405 1490 1472 oblata
1523 1407 1630 1473 iuerat
1663 1409 1829 1492 proponit:
1872 1410 1987 1476 deinde
2025 1420 2167 1479 testatur
2201 1437 2236 1480 se

233 1495 396 1580 gentibus.
440 1491 604 1558 Videmus
625 1514 704 1578 ergo
726 1494 809 1559 nihil
833 1495 886 1560 hio
909 1513 1033 1558 novum
1056 1491 1128 1570 dini,
1151 1489 1208 1556 aed
1262 1491 1343 1556 nihil
1377 1491 1494 1557 afferre
1527 1492 1710 1576 proprium,
1749 1489 1807 1558 sed
1840 1502 1969 1562 tantum
2004 1518 2129 1563 morem
2163 1499 2236 1566 Deo

232 1579 427 1664 prophetam
463 1599 533 1644 esse
566 1581 659 1661 qnasi
686 1580 901 1663 interpretem
932 1577 1019 1644 illius
1048 1577 1208 1643 brevioris
1261 1599 1388 1660 gerere,
1422 1586 1455 1641 et
1485 1575 1627 1643 fideliter
1659 1580 1802 1661 perferre
1836 1581 1905 1646 eius
1934 1582 2102 1660 mandata,
2138 1585 2235 1650 tertio

232 1665 389 1732 vatioinii.
431 1665 535 1730 Porro
556 1685 619 1746 quo
643 1666 715 1748 plus
737 1664 891 1748 ponderis
913 1664 1032 1730 habeat
1050 1665 1207 1742 doctrina,
1261 1663 1422 1746 signifinat
1451 1683 1486 1727 se
1518 1684 1583 1728 non
1607 1672 1732 1730 tantum
1757 1668 1954 1748 praesentum
1979 1689 2049 1733 asse
2072 1669 2235 1736 duetorem

232 1753 374 1816 retertur
403 1750 496 1815 visio.
543 1749 596 1816 Sir
623 1751 702 1815 milri
723 1753 806 1816 dixit
827 1749 964 1816 Inhorrui
984 1750 1074 1817 Deae
1096 1749 1209 1830 Ιινιιι,
1260 1761 1294 1814 et
1320 1747 1514 1832 magistrum
1546 1749 1699 1815 eoolesiae
1729 1752 1803 1826 Dei,
1839 1750 1896 1816 sed
1926 1761 2040 1818 testem
2071 1755 2236 1822 vindictae

233 1836 348 1919 inquit,
381 1835 476 1901 Sarrae
504 1836 630 1903 colinam
656 1837 724 1902 vini
752 1838 936 1902 iracundiae
956 1836 1052 1902 haias
1073 1855 1089 1901 e
1109 1855 1208 1902 mana
1260 1836 1330 1900 eius
1353 1835 1510 1899 adversus
1534 1855 1646 1900 omnes
1667 1835 1814 1918 populos.
1861 1837 2029 1922 Sequitur,

232 1943 309 1988 meo.
354 1921 510 1988 Diximus
539 1921 613 1987 aliis
643 1921 722 1988 lonis
753 1943 817 1986 non
844 1923 902 1988 abs
929 1943 965 1987 re
987 1921 1206 1988 nommendari
1597 1951 1598 1956 ¹

233 2009 385 2074 effaetum
416 2006 582 2073 doetrinae
606 2008 831 2090 propheticae:
859 2007 986 2073 ntideo
1009 2028 1120 2072 servos
1142 2006 1205 2072 Dei
1346 2007 1395 2071 16.
1425 2004 1469 2071 Et
1496 2005 1612 2090 didani,
1646 2011 1674 2072 at
1701 2011 1894 2087 mweonuir,
1927 2013 1954 2072 et
1985 2011 2148 2076 insaniant
2178 2011 2233 2098 (ad

229 2094 276 2159 ita
305 2094 435 2173 armari,
466 2114 503 2159 an
525 2093 552 2158 si
575 2104 689 2176 parata
709 2103 795 2159 esset
817 2114 930 2159 eorum
953 2092 1099 2158 omnium
1124 2113 1206 2175 quae
1259 2094 1395 2158 verbum
1423 2092 1597 2176 legendum
1628 2101 1721 2169 esset,
1750 2093 1871 2170 bibant,
1904 2105 1936 2158 et
1964 2094 2231 2163 inebriabuntur:

229 2179 402 2264 proferunt
434 2181 635 2263 exaequatio.
691 2180 857 2244 Diountur
894 2180 955 2244 hao
988 2179 1113 2244 ratione
1148 2201 1204 2243 ax·
1257 2185 1308 2244 est
1331 2179 1419 2243 enim
1443 2178 1562 2262 ubique
1580 2190 1589 2242 t
1608 2179 1845 2245 oonversivum.
1892 2177 1958 2246 Sed
1982 2183 2090 2264 potius
2113 2182 2233 2250 resolvi

230 2285 379 2350 pugnare
410 2265 518 2340 urbes,
550 2265 704 2332 dinuntur
733 2276 881 2330 avertere
909 2284 1020 2348 regna,
1050 2264 1205 2347 quoniam
1258 2263 1354 2330 debat
1381 2262 1496 2346 oopula
1522 2263 1557 2327 in
1586 2263 1781 2348 partinulam
1808 2262 1951 2348 finalem,
1986 2277 2024 2330 ut
2047 2266 2168 2345 bibant,
2199 2279 2233 2334 et

229 2361 342 2418 tantus
365 2359 415 2416 ast
437 2350 605 2416 hominum
628 2357 753 2434 stupor,
775 2359 814 2415 ιιι
828 2351 900 2415 Deo
917 2351 1017 2415 fidem
1036 2349 1204 2434 abrogent,
1257 2349 1468 2432 inebrientur,
1498 2357 1532 2414 et
1561 2348 1741 2435 insaniant)
1770 2371 1791 2415 a
1818 2348 1900 2431 (orie
1923 2351 2037 2434 pauit,
2067 2371 2157 2434 ιιοιι
2178 2373 2232 2438 epo
2255 2397 2257 2402 -

230 2437 294 2504 nisi
317 2437 410 2520 quasi
432 2438 466 2500 in
489 2458 559 2501 ram
582 2447 786 2520 praesentem
810 2435 939 2501 adduoti
962 2437 1093 2501 fuerint.
1138 2434 1205 2503 Sed
1256 2437 1344 2501 mitto
1365 2436 1401 2501 ia
1421 2435 1522 2500 medio
1544 2435 1685 2517 ipsomet
1707 2434 1807 2520 (inter
1828 2434 1942 2523 ipsos).

232 2522 386 2608 quoniam
418 2521 499 2588 haee
530 2521 608 2588 alibi
638 2523 740 2588 fusius
770 2523 924 2600 traotavi,
957 2543 1044 2588 nuno
1076 2532 1203 2586 tantum

230 2609 426 2693 perstringo.
464 2609 552 2674 Dioit
573 2609 674 2692 igitur
695 2608 758 2674 aiii
773 2608 1068 2690 porrectamfaisse
1082 2607 1205 2674 culmem
1343 2607 1409 2674 Hio
1437 2605 1596 2690 propheta
1625 2605 1730 2690 magis
1759 2605 1904 2673 innuleat
1932 2607 2019 2692 qnod
2049 2618 2126 2676 ante
2149 2610 2232 2675 dixi-

231 2715 366 2760 emuaa
389 2693 469 2759 Dei:
498 2694 615 2778 quibus
646 2695 756 2758 verbis
785 2695 949 2777 significat
976 2715 1011 2759 aa
1043 2715 1108 2758 non
1131 2715 1204 2778 pro·
1257 2715 1341 2772 mus,
1371 2713 1488 2776 nempe
1517 2713 1583 2757 non
1612 2713 1683 2758 esse
1705 2712 1808 2757 vanos
1831 2704 1983 2772 terrores,
2015 2716 2114 2780 quum
2137 2717 2231 2779 prae·

231 2780 301 2846 dire
323 2780 355 2844 in
379 2778 532 2862 medinm,
556 2783 593 2844 ut
611 2780 740 2844 territet
755 2799 814 2844 suo
833 2780 967 2845 arbitrio
983 2788 1050 2846 tam
1068 2778 1205 2845 Iudaeos
1258 2779 1335 2845 dinit
1350 2779 1413 2844 Dei
1435 2777 1555 2844 iudiaia
1576 2789 1692 2844 eontra
1714 2797 1829 2842 omnes
1852 2779 1997 2861 populos,
2021 2781 2117 2847 aienti
2137 2801 2230 2846 vone-

231 2887 328 2950 quam
363 2864 443 2930 alias
476 2871 606 2950 gentes,
640 2865 697 2930 aad
732 2863 871 2930 fideliter
904 2865 1090 2950 promulget
1119 2865 1204 2948 qnod
1257 2886 1331 2930 mus
1347 2866 1452 2930 minas
1468 2863 1618 2946 pueriles,
1640 2883 1723 2946 quae
1738 2883 1804 2928 non
1820 2863 1942 2929 habent
1957 2886 2051 2929 snum
2068 2866 2231 2931 effaetum.

231 2952 415 3017 iniunotum
438 2962 496 3015 est.
542 2949 671 3016 Deinde
693 2950 858 3034 signifieat
879 2950 989 3016 Deum
1012 2950 1094 3016 nihil
1117 2969 1205 3016 nuno
1258 2949 1325 3018 Sed
1353 2950 1510 3033 propheta
1540 2949 1593 3014 hio
1623 2948 1781 3027 affirmat,
1814 2948 1996 3031 quamlibet
2017 2951 2231 3035 parvinaoiter

230 3037 401 3122 loquutum
431 3057 517 3116 asae,
549 3036 634 3118 quod
665 3056 731 3101 non
759 3035 851 3100 brevi
881 3035 1014 3119 exsequi
1043 3036 1139 3102 velit:
1172 3046 1204 3101 et
1256 3037 1412 3102 resistant
1439 3043 1472 3100 et
1492 3033 1607 3099 Iudaei
1629 3043 1662 3099 at
1684 3033 1740 3099 alii
1762 3055 1884 3114 omnes,
1916 3055 1982 3100 non
2006 3057 2099 3120 posse
2121 3045 2231 3103 tamen

230 3124 293 3190 hoa
321 3121 517 3205 intelligitur
545 3122 677 3187 nomine
700 3122 818 3188 oalieis.
864 3121 970 3186 Vooat
992 3121 1117 3187 uuluae
1137 3121 1205 3186 viai
1257 3124 1400 3208 effugere
1429 3119 1513 3186 hano
1544 3120 1785 3195 nenessitatem,
1818 3121 1896 3204 quin
1919 3121 2010 3188 Deua
2039 3121 2160 3188 vindex
2189 3121 2231 3188 sit

229 3207 360 3292 sororia,
384 3207 437 3273 vel
460 3206 655 3274 iranundiao.
688 3207 782 3272 Haeo
805 3205 996 3289 metaphora
1017 3205 1205 3288 frequenter
1257 3209 1413 3275 omnium.
1462 3204 1599 3273 Iuhetnr
1631 3227 1709 3291 ergo
1741 3206 1903 3291 propheta
1935 3229 2065 3274 sumere
2098 3208 2231 3274 ualioam

231 3295 373 3362 oaourrit
395 3292 480 3377 apud
504 3292 690 3376 prophetas,
713 3292 769 3359 sed
788 3293 916 3358 diverso
934 3313 1042 3357 senso.
1077 3292 1205 3356 Dioitnr
1257 3303 1290 3359 et
1319 3293 1503 3377 propinare.
1546 3291 1614 3360 Sed
1640 3301 1793 3375 poterant
1815 3291 1922 3357 adhue
1945 3292 2085 3360 obiioare
2107 3293 2231 3374 Iudaei,

232 3380 319 3446 enim
350 3378 525 3463 aliquando
553 3379 715 3444 inebriare
740 3379 832 3444 Deus
861 3399 962 3460 quum
991 3377 1206 3461 obstupefacit
1259 3378 1296 3447 si
1325 3378 1454 3463 quidem
1487 3377 1578 3444 nobis
1611 3378 1739 3461 plaeeat
1772 3378 1905 3445 oalinem
1937 3399 2067 3445 sumere
2089 3403 2108 3445 e
2131 3401 2232 3446 manu

232 3465 392 3541 homines,
422 3472 456 3528 at
485 3485 572 3531 nuno
596 3463 697 3549 adigit
719 3464 759 3529 ad
783 3465 954 3538 insaniam,
987 3483 1075 3529 nuuo
1096 3469 1205 3529 autem
1258 3472 1330 3530 tua:
1362 3463 1420 3529 eed
1451 3463 1528 3548 quid
1558 3464 1587 3530 si
1620 3463 1828 3547 respuimus?
1870 3463 1949 3546 quid
1983 3465 2011 3530 si
2044 3465 2231 3547 proiinimue

231 3553 343 3634 privat
372 3550 537 3617 oommoni
564 3571 663 3615 sensu
695 3555 729 3616 et
757 3549 984 3632 intelligentia,
1018 3557 1055 3614 ut
1084 3549 1206 3614 similes
1258 3549 1344 3634 quod
1367 3549 1461 3615 nohis
1483 3549 1654 3633 propinas?
1699 3548 1790 3613 Dieit
1811 3549 1913 3632 igitur
1935 3550 2102 3633 propheta,
2128 3550 2232 3615 velint

231 3639 300 3703 sint
328 3636 522 3718 penudibns:
556 3637 613 3702 sed
644 3635 762 3702 dieitur
784 3635 929 3700 externis
952 3635 1099 3702 nladibus
1120 3636 1207 3719 ipsos
1258 3637 1381 3714 nolint,
1419 3641 1529 3700 tamen
1568 3635 1701 3701 oalinem
1738 3646 1926 3717 sumpturos
1960 3645 1997 3699 ut
2029 3634 2158 3711 bibant,
2198 3639 2232 3700 et

232 3722 405 3801 inebriare,
429 3743 528 3804 quum
551 3720 660 3787 reddit
682 3723 847 3787 attonitos.
882 3720 918 3786 Si
941 3742 1030 3788 nuno
1048 3722 1208 3804 propheta
1259 3721 1456 3786 exhauriant
1478 3719 1635 3804 quidquid
1659 3719 1856 3785 destinatum
1874 3735 1923 3785 est
1938 3720 2003 3785 illis
2022 3721 2084 3785 Dei
2101 3719 2232 3786 iuditio,

232 3809 341 3874 vietam
369 3808 555 3874 iracundiae
581 3817 678 3872 vooat
706 3807 845 3886 eladam,
876 3827 958 3889 quan
987 3815 1115 3891 potarat
1137 3827 1207 3872 esse
1267 3807 1306 3874 Ut
1335 3805 1441 3871 ιιιιιιι
1463 3825 1550 3888 argo.
1595 3805 1714 3871 Postea
1735 3805 1836 3886 addit,
1874 3803 1914 3871 Ut
1935 3809 2118 3871 moveantar
2139 3811 2167 3870 et
2185 3808 2234 3872 ia·

232 3893 338 3958 instar
366 3894 453 3977 ignis
482 3893 522 3959 ad
553 3891 803 3958 inflammandos
832 3912 945 3957 eorum
967 3893 1112 3957 omnium
1137 3892 1206 3956 ani·
1258 3892 1394 3958 sartioni.
1449 3890 1525 3956 Duo
1559 3890 1639 3956 haee
1672 3890 1773 3956 verba
1805 3901 1931 3955 eertum
1965 3898 2016 3956 est
2048 3891 2163 3956 referri
2193 3891 2233 3955 ad

233 3999 320 4058 mos,
349 3979 404 4061 qui
434 3979 503 4044 sine
534 3979 678 4062 protento
709 3979 962 4061 castigabantur.
1015 3977 1128 4042 Primo
1157 3979 1208 4041 in·
1259 3997 1382 4063 poenae
1422 3976 1629 4062 gravitatem.
1692 3975 1867 4060 Significat
1906 3976 1993 4041 enim
2034 3977 2102 4041 lora
2139 3979 2233 4060 quasi

234 4065 328 4130 sunia
363 4064 447 4128 nihil
480 4063 569 4128 alind
602 4064 778 4146 signifieat,
817 4083 916 4146 qnam
949 4062 1207 4143 desperationem
1259 4064 1437 4129 exanimes.
1490 4061 1574 4128 Nam
1609 4062 1637 4128 si
1667 4060 1759 4126 Deus
1792 4060 1968 4128 elementer
2001 4082 2059 4128 nos
2089 4063 2235 4146 castiget,

234 4147 439 4231 eorum‚'qui
460 4150 608 4215 sentiunt
631 4169 763 4214 manum
784 4148 849 4213 Dei
871 4147 932 4214 sibi
954 4169 1024 4213 esse
1046 4149 1207 4228 infestam,
1260 4171 1298 4215 ao
1316 4148 1536 4214 moderatione
1551 4155 1695 4232 paterna,
1719 4149 1898 4227 poterimue
1914 4147 2100 4231 tranquillis
2116 4148 2234 4214 animis

234 4245 333 4317 atque
362 4234 409 4298 ita
437 4236 589 4312 fremunt,
620 4243 652 4298 et
674 4234 925 4313 tumultuantur,
955 4243 987 4298 et
1009 4233 1209 4299 maledinunt
1261 4255 1319 4301 nos
1341 4244 1374 4300 et
1394 4233 1563 4312 eubiioere,
1587 4241 1619 4298 et
1641 4232 1735 4299 simol
1758 4232 1933 4318 noningere
1957 4232 1996 4299 ad
2020 4235 2090 4300 eine
2109 4234 2235 4300 miseri·

233 4333 301 4386 tam
332 4320 421 4385 noelo
451 4341 548 4403 quam
579 4327 701 4399 terrae,
735 4320 796 4385 eibi
825 4327 858 4384 et
886 4318 968 4384 Deo.
1014 4317 1087 4386 Hoo
1113 4320 1208 4384 debet
1260 4319 1417 4385 oordiam:
1449 4321 1504 4386 ubi
1527 4329 1636 4385 autem
1661 4319 1910 4396 tumultuamur,
1941 4329 1973 4384 et
1996 4319 2064 4384 iere
2087 4321 2235 4403 oogimur

234 4407 376 4490 intelligi
413 4428 472 4490 per
508 4426 626 4471 noman
665 4405 860 4472 iranundiae.
914 4405 1003 4469 Vino
1042 4414 1209 4490 eomparat
1261 4404 1302 4470 ad
1331 4406 1507 4482 insaniam,
1541 4404 1607 4470 illin
1637 4423 1768 4470 neeesse
1801 4413 1851 4469 est
1880 4405 1994 4470 sentiri
2023 4405 2235 4471 immodinum

233 4492 439 4558 iranundiam
468 4490 568 4570 illam,
598 4490 676 4573 qnia
705 4492 880 4575 rapiuntur
907 4500 1003 4555 extra
1030 4511 1065 4556 se
1087 4491 1141 4575 qui
1163 4490 1209 4556 ita
1261 4493 1416 4576 rigorem,
1451 4491 1497 4556 ita
1524 4499 1560 4555 nt
1588 4489 1681 4554 nulla
1707 4489 1750 4555 sit
1771 4511 1845 4572 spes
1869 4491 1993 4556 reniae.
2038 4491 2235 4574 Exprimere

233 4579 379 4660 peransei
394 4577 459 4643 Dei
481 4597 590 4659 mann,
615 4597 681 4640 non
705 4578 908 4660 resipisount,
932 4597 1037 4658 neque
1056 4584 1208 4660 reputant
1260 4578 1363 4661 igitur
1396 4575 1501 4642 voluit
1530 4576 1689 4660 propheta
1719 4583 1786 4640 tam
1808 4580 1933 4641 atrones
1955 4577 2024 4642 iore
2047 4575 2165 4658 nlades,
2200 4583 2236 4640 ιιι

234 4685 295 4730 sua
321 4673 454 4746 pennata
484 4664 593 4728 animo
623 4663 814 4744 composito,
850 4661 906 4728 sed
936 4683 1006 4727 sese
1035 4663 1209 4745 proiiniunt
1261 4662 1381 4746 populi,
1410 4661 1526 4744 quibus
1548 4662 1651 4726 iratus
1673 4659 1735 4726 erit
1757 4659 1858 4741 Deus,
1881 4662 1984 4727 futuri
2005 4663 2072 4726 sint
2095 4663 2235 4740 attoniti,

235 4749 277 4814 ad
310 4751 461 4815 furorem.
517 4750 681 4814 'Penemus
720 4769 810 4814 nuno
843 4769 901 4814 nur
933 4748 1091 4831 propheta
1124 4746 1209 4814 dieat
1260 4759 1294 4813 et
1326 4749 1392 4813 fere
1425 4747 1600 4813 exanimes.
1651 4745 1717 4814 Sed
1745 4747 1819 4830 plus
1850 4748 2005 4831 exprimit
2031 4767 2090 4831 per
2111 4751 2235 4828 ιιοιιιιι,

233 4833 296 4900 sibi
322 4835 429 4901 datam
460 4835 562 4918 faisse
587 4834 714 4901 colinam
742 4834 809 4899 nini
842 4835 1038 4900 iracundiae.
1091 4834 1210 4898 Postea
1262 4833 1313 4898 vel
1341 4833 1531 4912 tumultum,
1560 4837 1589 4897 at
1616 4833 1793 4916 insoniam,
1824 4834 1910 4916 quod
1940 4834 2062 4899 soilioet
2091 4833 2237 4897 sentient

235 4920 334 5001 addit,
357 4921 401 4986 El
422 4925 456 4986 ta
472 4922 615 5004 propino
635 4920 727 4986 allam
748 4921 867 4986 aucta
885 4921 1036 5004 pentibus,
1066 4921 1109 4986 ad
1131 4941 1210 5002 qaus
1262 4918 1348 4984 mala
1369 4938 1444 4984 sua:
1475 4918 1602 4983 interea
1631 4927 1739 4982 autem
1763 4925 1861 4983 erunt
1883 4919 2005 4984 similes
2028 4918 2236 5002 phrenetiois,

234 5027 288 5090 opo
319 5009 439 5071 mittum
470 5011 508 5072 te.
559 5007 624 5072 Hie
657 5027 771 5071 rursus
801 5008 972 5071 confirmat
997 5004 1082 5089 quod
1104 5025 1209 5089 nuper
1262 5005 1340 5088 quia
1369 5004 1550 5086 desperatio
1578 5004 1741 5087 opprimet
1767 5024 1882 5069 sorum
1906 5014 2030 5069 mantes
2053 5009 2087 5068 et
2109 5024 2236 5081 aeneus,

234 5093 339 5176 attigi,
369 5113 486 5175 nempe
515 5111 634 5157 munus
663 5113 760 5157 suum
790 5089 920 5174 longius
941 5091 1083 5173 extendi,
1112 5111 1209 5173 quam
1261 5099 1298 5155 ut
1330 5110 1394 5155 non
1429 5089 1554 5172 possint
1587 5089 1764 5172 quidquam
1798 5089 1912 5155 salutis
1944 5109 2091 5172 sperare,
2131 5111 2236 5174 neque

235 5187 274 5242 ut
296 5178 410 5243 dooeat
432 5179 466 5242 in
489 5177 596 5243 media
618 5179 763 5256 ecelesia,
788 5176 844 5242 aed
867 5199 902 5242 se
924 5197 1053 5259 quoque
1070 5176 1208 5242 elentum
1261 5176 1360 5241 etiam
1390 5195 1462 5240 sese
1488 5175 1647 5241 subiinere
1671 5177 1750 5254 Deo,
1781 5185 1818 5240 ιιι
1847 5174 1954 5240 solent
1982 5195 2096 5240 omnes
2119 5175 2237 5259 perditi

235 5263 335 5329 luisse
358 5281 561 5348 praeconem,
587 5263 642 5346 qui
665 5263 850 5348 promulget
872 5262 935 5326 Dei
958 5261 1078 5328 iudinia
1098 5273 1210 5328 oontra
1261 5267 1375 5327 eontra
1397 5262 1507 5326 Deum
1535 5263 1715 5345 insurgere,
1745 5267 1778 5324 et
1807 5281 1958 5326 evomere
1985 5281 2062 5327 suaa
2084 5259 2237 5345 blasphe-

236 5369 350 5414 0mnes
379 5357 503 5432 gentes.
548 5349 627 5413 Fuit
657 5350 788 5432 quidem
817 5350 912 5414 aliter
940 5348 1060 5413 missus
1091 5347 1132 5412 ad
1154 5348 1208 5413 In·
1261 5348 1353 5414 mias.
1397 5345 1496 5425 Dioit,
1525 5346 1558 5411 A
1584 5347 1666 5428 sonia
1689 5346 1792 5430 gladii
1821 5367 1910 5428 quem
1939 5367 1991 5432 epo
2013 5347 2135 5412 mittum
2157 5349 2237 5412 inter

1981 5449 2032 5503 31·
