5158 6124
211 437 274 504 377
910 444 959 509 ΙΝ
982 443 1232 509 ΙΕΒΕΜΙΑΜ.
1277 443 1376 509 ΟΑΡ.
1399 443 1516 512 xxss.
2153 449 2217 515 378

213 631 294 714 quin
324 633 487 715 propheta
513 633 663 718 designet
691 642 799 700 totum
833 653 971 718 regnum
998 632 1100 699 Israel
1134 653 1192 716 per
1244 653 1317 698 sam
1345 638 1374 699 te
1401 631 1574 716 perditores
1606 629 1677 716 (aut
1710 637 1907 699 vastatores:
1940 647 2019 702 aaut
2053 635 2217 722 significat

213 717 454 801 synecdochen,
487 719 545 785 sed
575 719 638 784 alio
667 721 733 785 fine
755 741 852 802 quam
875 720 1065 786 existimant
1087 720 1189 784 inter·
1244 719 1391 802 perdere,
1414 729 1447 783 ιι
1462 717 1609 802 redigere
1626 718 1660 783 iu
1675 717 1825 798 nihilum,
1849 729 1881 784 et
1896 739 2113 804 corrumpere,
2131 725 2217 791 uude

214 813 340 887 pratas,
370 825 487 888 nempe
509 805 584 887 quia
607 818 685 872 tuno
708 815 836 872 vastata
867 818 937 871 erat
965 815 1055 870 terra
1076 804 1188 870 Israel.
1243 824 1364 870 nomen
1391 817 1544 880 manvu,
1576 803 1662 886 quod
1691 803 1744 869 hio
1773 804 1916 891 panitur)
1944 809 2050 872 ciram
2077 814 2217 876 etarma

214 887 301 954 Nam
324 889 455 955 abducti
478 892 609 956 luerent
630 911 744 958 omues
766 891 889 958 incolae
912 892 948 956 in
971 891 1134 970 exsilium,
1157 903 1191 956 ιι
1242 891 1311 955 eirea
1333 889 1403 976 (aut
1425 891 1644 954 iustrumenta
1666 888 1791 974 bellice,
1814 911 1906 970 vasa,
1930 893 2159 980 transierunt),
2189 899 2218 962 et

213 976 348 1041 abactae
370 976 501 1042 fueraut
522 997 636 1042 omnes
657 977 807 1059 praedae,
831 977 916 1042 nihil
937 975 1098 1061 effugerat
1116 976 1189 1042 libi·
1242 977 1422 1042 rescinderet
1441 975 1615 1042 electionem
1636 975 1795 1040 cedrorum
1816 981 1944 1043 tucrum
1957 977 2032 1064 (hon
2054 987 2112 1062 est,
2134 981 2215 1048 elec-

214 1062 325 1126 dinem
359 1070 394 1128 ιι
424 1060 595 1128 saevitiam
627 1063 781 1128 hostium.
838 1062 948 1143 Quum
986 1083 1065 1147 ergo
1100 1070 1190 1127 terra
1242 1062 1543 1146 tissimasquasque
1565 1060 1678 1128 cedros
1701 1060 2026 1147 scrupolositates
2047 1065 2082 1131 io
2102 1068 2215 1150 qaeu.

213 1145 318 1212 Israel
342 1146 474 1214 redacta
496 1157 583 1214 esset
604 1148 639 1213 in
662 1148 885 1227 solitudinem,
908 1148 987 1214 dicit
1008 1147 1101 1214 Deus
1123 1169 1189 1214 non

213 1234 283 1298 iore
304 1235 366 1299 sibi
388 1235 510 1299 maiore
532 1235 567 1298 in
589 1234 693 1317 pretio
715 1233 965 1317 lerosolymam,
995 1243 1029 1299 et
1051 1254 1187 1319 regnum
1327 1232 1463 1300 Modum
1486 1232 1657 1316 exprimit,
1688 1232 1764 1315 quia
1786 1232 1978 1318 simpliciter
2007 1234 2135 1302 dixerat
2165 1238 2216 1303 iu·

213 1317 375 1399 Iehndah,
409 1339 506 1403 qnam
539 1319 637 1383 luerit
670 1329 738 1384 tota
771 1320 861 1404 regio
893 1318 1003 1385 decem
1035 1320 1189 1400 tribuum,
1243 1327 1330 1386 stare
1351 1319 1483 1384 ruinam
1507 1318 1598 1383 urbis
1619 1318 1850 1402 lerosolymae,
1875 1320 2040 1404 adiungit,
2071 1327 2217 1390 oeutaros

212 1425 296 1487 qnae
318 1413 408 1471 certe
431 1403 648 1488 amplitudine
670 1414 704 1469 et
725 1404 892 1488 opulentia
914 1405 1108 1488 praestabat.
1143 1405 1189 1470 Et
1242 1425 1307 1472 esee
1324 1406 1508 1488 perditores,
1534 1404 1708 1486 etquidem
1729 1405 1801 1471 berre
1821 1407 1922 1472 armis
1942 1407 2061 1474 bellicis
2081 1408 2214 1492 iarbae·

213 1490 275 1556 hoc
297 1491 394 1558 facile
415 1490 581 1575 colligitur
603 1511 645 1556 ex
667 1488 791 1557 verbis:
814 1511 880 1556 uon
904 1491 991 1568 dicit,
1015 1491 1064 1557 Tu
1088 1512 1123 1556 es
1144 1492 1188 1556 si·
1241 1495 1299 1575 tos,
1332 1493 1387 1572 qai
1418 1490 1621 1558 electissimas
1648 1510 1788 1573 quaeqae
1816 1492 1923 1558 cedros
1954 1493 2156 1560 sordedant:
2188 1501 2217 1562 et

212 1588 269 1642 ιιι
296 1575 442 1654 Galaad,
471 1585 570 1660 capnt
597 1576 736 1656 Libani,
765 1576 838 1656 sed,
868 1578 919 1642 Ta
946 1577 1026 1643 mibi
1050 1575 1190 1644 Guileod
1241 1577 1407 1644 woiiciarrt
1427 1578 1463 1642 io
1491 1578 1603 1661 siquem
1647 1574 1812 1642 Admonet
1840 1587 1965 1657 antem,
2000 1599 2065 1645 non
2096 1590 2212 1663 sponte

211 1668 305 1746 caput
337 1663 465 1729 Liboni.
519 1661 625 1728 Vocat
665 1671 775 1729 autem
816 1663 1050 1748 lerosolymam
1091 1671 1190 1747 caput
1243 1663 1294 1728 vel
1317 1663 1447 1745 proprio
1470 1673 1561 1728 motu
1585 1672 1740 1728 venturos
1758 1683 1829 1728 esse
1851 1663 1924 1728 illos
1941 1664 2134 1746 perditores,
2156 1667 2214 1733 sed

211 1748 345 1826 Libani,
373 1747 597 1833 quadragina
625 1747 822 1817 essetillins
854 1758 971 1814 terrae.
1015 1749 1101 1814 Nam
1132 1771 1190 1833 per
1242 1768 1360 1814 arnano
1382 1746 1446 1813 Dei
1468 1749 1643 1828 instinctu,
1673 1749 1750 1830 quia
1775 1747 1802 1813 si
1823 1757 1995 1831 putassent
2017 1749 2130 1817 ludaei
2152 1753 2215 1819 sibi

212 1845 361 1900 montem
390 1832 511 1900 Libani
541 1833 692 1917 designat
727 1834 885 1917 quidquid
918 1833 1100 1918 pretiosum
1128 1836 1189 1901 init
1243 1855 1313 1902 esse
1335 1855 1408 1900 oum
1431 1833 1607 1899 Chaldaeis
1629 1835 1807 1918 negotium,
1836 1834 1898 1899 hon
1921 1835 2005 1901 nihil
2026 1835 2066 1900 nd
2089 1839 2216 1903 exerei-

212 1919 248 1985 in
272 1932 361 1985 terra
383 1917 457 2002 illa,
487 1919 625 1984 utheri
655 1920 756 1985 allata
785 1919 849 1984 luit
870 1921 964 1987 ratio.
1007 1920 1079 1986 Iam
1103 1920 1190 2005 quod
1242 1921 1323 1985 tium
1345 1919 1491 2004 pietatis:
1518 1917 1575 1985 sed
1602 1918 1762 2002 propbeta
1793 1918 1914 1986 diserte
1939 1921 2092 2004 exprimit
2114 1921 2216 1988 Ohal·

213 2006 254 2070 ad
277 2005 406 2072 Galaad
429 2013 570 2088 spectat,
600 2026 665 2070 non
695 2005 847 2071 existimo
873 2006 974 2072 fuisse
996 2004 1110 2072 urbem
1133 2006 1190 2072 illo
1242 2006 1338 2072 dacos
1361 2005 1428 2071 fore
1450 2005 1514 2072 Dei
1536 2004 1715 2086 ministros,
1746 2006 1899 2088 quoniam
1925 2005 1966 2070 ab
1987 2008 2058 2090 ipso
2079 2007 2215 2074 excitati

210 2092 344 2156 nomine
372 2110 471 2173 quam
504 2091 559 2156 hio
589 2100 748 2157 memoret
775 2091 953 2178 propheta,
989 2091 1046 2158 sed
1082 2093 1189 2176 potius
1242 2102 1351 2172 eruut,
1373 2090 1646 2176 quemadmodum
1668 2091 1748 2156 haec
1771 2090 1921 2156 doctrina
1943 2091 2080 2158 subinde
2102 2115 2214 2160 counr-

210 2176 448 2262 aynecdochies
483 2175 710 2260 complectitur
742 2186 861 2243 terram
891 2177 951 2242 sub
978 2185 1089 2243 monte
1122 2178 1188 2257 illo,
1242 2180 1287 2243 rit
1309 2177 1394 2260 apud
1417 2177 1601 2261 propbetas.
1636 2175 1791 2258 Denique
1809 2176 1862 2242 hio
1880 2176 1945 2243 duo
1964 2178 2107 2244 notanda
2127 2187 2214 2264 sunt,

212 2263 365 2346 quoniam
394 2264 535 2329 refertus
563 2271 634 2328 erat
663 2273 697 2328 et
726 2263 839 2330 multis
861 2262 1036 2330 fructuosis
1065 2263 1189 2330 arbori·
1243 2283 1360 2347 nempe
1382 2283 1453 2328 esse
1482 2261 1516 2327 in
1546 2270 1698 2346 promptu
1719 2263 1792 2328 Deo
1819 2263 1926 2328 multa
1947 2263 2071 2343 media,
2098 2265 2215 2348 quibus

211 2349 283 2428 bus,
305 2359 340 2414 ιι
361 2348 507 2414 balsama
529 2349 731 2431 praesertim,
756 2354 790 2413 et
812 2349 928 2428 resina,
957 2357 990 2415 ιι
1013 2349 1084 2416 aliie
1106 2350 1190 2416 mul·
1242 2369 1381 2434 poenam
1403 2350 1514 2432 exigat
1535 2347 1577 2412 de
1598 2345 1739 2413 Iudaeis.
1783 2347 1869 2414 Nam
1899 2348 1977 2416 hine
1999 2359 2214 2434 contemptus,

210 2436 254 2500 tis
277 2434 389 2500 herbis
411 2433 595 2500 odoriferis:
620 2434 737 2500 deindo
759 2435 858 2500 etiam
876 2434 1086 2516 aromatibus,
1108 2457 1190 2520 qnae
1242 2436 1319 2519 qnia
1339 2436 1503 2499 somniant
1525 2433 1618 2517 impii
1641 2433 1750 2500 Deum
1773 2455 1843 2500 esse
1865 2440 2080 2512 exarmatum,
2112 2457 2217 2521 neque

212 2519 278 2586 hun
310 2540 414 2602 usque
448 2519 540 2586 illinc
573 2519 669 2586 hodie
706 2541 833 2604 qaoque
872 2518 1091 2587 advehuntur.
1145 2523 1191 2588 Et
1243 2540 1372 2604 semper
1393 2519 1515 2585 habere
1538 2518 1578 2584 ad
1601 2538 1736 2584 manum
1767 2529 1914 2602 paratam
1938 2521 2218 2604 exsequutiouem,

210 2606 283 2671 ideo
306 2605 450 2674 vidimus
472 2605 578 2689 capite
600 2615 732 2684 octavo,
761 2605 816 2671 An
844 2625 911 2671 uon
938 2615 989 2672 est
1021 2607 1132 2673 resina
1152 2608 1189 2674 in
1242 2617 1278 2672 ιι
1307 2606 1493 2688 loquuntur.
1539 2604 1706 2687 Propheta
1732 2605 1834 2689 igitur
1860 2605 2004 2672 ostendit
2031 2607 2218 2674 Chaldaeos

213 2689 380 2758 Guilese‘r
410 2690 472 2757 boc
494 2700 558 2771 est,
587 2713 629 2756 an
657 2691 740 2756 nihil
762 2691 944 2758 medicinae
972 2713 1112 2775 usquam
1137 2715 1188 2758 re·
1240 2691 1460 2776 praestolare
1483 2690 1581 2758 simul
1611 2710 1650 2756 ac
1671 2689 1852 2756 sibilaverit
1874 2692 1980 2772 Deus,
2011 2692 2062 2758 rel
2085 2693 2216 2845 signnm

209 2778 356 2860 periatur
384 2776 426 2842 ad
456 2776 637 2842 sanandam
668 2776 863 2844 ecclesiam?
897 2778 968 2842 Our
996 2779 1083 2844 iacta
1111 2789 1189 2846 tnnc
1240 2777 1376 2844 dederit.
1425 2777 1499 2842 Hoc
1529 2784 1578 2842 est
1607 2795 1718 2840 unum.
1770 2776 1898 2842 Deinde
1931 2777 2085 2843 admouet
2143 2779 2215 2844 bal·

208 2863 270 2928 luit
289 2863 411 2929 mentio
428 2863 550 2928 montis
567 2861 732 2928 Guilead?
755 2883 880 2946 nempe,
904 2863 981 2947 qnia
995 2863 1061 2929 illio
1076 2884 1188 2930 nasce·
1240 2863 1337 2929 daeos
1360 2864 1428 2928 lore
1450 2869 1608 2944 tanquam
1631 2860 1696 2925 Dei
1718 2861 1864 2946 flagella,
1892 2884 1934 2927 ne
1955 2862 2068 2929 Iudaei
2099 2866 2214 2930 confli-

71 2993 76 3000 -
208 2948 330 3015 bantur
357 2948 483 3030 optima
505 2956 664 3014 aromata:
694 2949 888 3032 praesertim
918 2957 1030 3015 autem
1057 2950 1187 3033 opobal-
1240 2958 1321 3034 gent
1343 2948 1445 3014 veluti
1468 2967 1541 3014 cnm
1563 2946 1765 3024 mortalibus,
1788 2946 1846 3012 sed
1861 2948 1967 3013 soient
1987 2969 2022 3014 se
2043 2949 2151 3014 vocari
2173 2950 2214 3015 ad

207 3055 349 3116 samum,
372 3032 488 3100 deinde
510 3034 577 3100 illic
596 3041 690 3100 eraut
710 3034 837 3099 multas
851 3033 983 3100 arbores
997 3035 1187 3117 odoriferae,
1239 3032 1438 3100 reddendam
1476 3031 1564 3098 vitae
1603 3033 1780 3116 rationem,
1820 3034 1974 3116 quoniam
2017 3035 2116 3101 nimis
2156 3035 2213 3101 diu

209 3131 241 3185 et
270 3120 398 3186 tructus
426 3119 664 3204 pretiosissimi.
709 3117 849 3185 Summa
865 3127 926 3184 ‘est
953 3119 1070 3204 igitar,
1097 3120 1187 3201 Quid
1238 3119 1375 3184 inerunt
1402 3117 1541 3184 rebelles
1569 3115 1640 3182 Deo
1667 3125 1700 3182 et
1722 3117 1791 3184 eius
1812 3118 1990 3202 prophetis.
2034 3120 2107 3186 Hoc
2136 3141 2214 3204 ergo

209 3216 242 3271 te
265 3214 362 3287 putas
385 3204 479 3272 esse?
503 3204 566 3286 vel,
588 3225 652 3288 quo
676 3205 747 3270 iura
763 3213 933 3288 tantopere
955 3205 1015 3271 tibi
1029 3206 1185 3272 confidis?
1238 3205 1381 3288 intelligi
1409 3201 1505 3269 debet
1537 3203 1599 3271 snb
1627 3203 1727 3268 verbo
1752 3206 1980 3286 praeparandi.
2026 3206 2097 3272 lam
2127 3206 2214 3289 quod

208 3312 270 3375 ego
304 3311 368 3356 non
401 3291 533 3374 peperci
564 3291 668 3356 monti
700 3289 857 3368 Guilead,
892 3297 925 3354 et
958 3299 1025 3356 tam
1059 3292 1187 3375 amplae
1239 3292 1282 3358 ad
1304 3291 1410 3356 cedros
1430 3290 1540 3356 eketae
1560 3298 1695 3374 spectat,
1718 3311 1833 3356 rursus
1854 3290 1972 3355 alludit
1989 3292 2149 3375 propheta
2171 3292 2213 3358 ad

211 3388 328 3455 terrae,
351 3395 434 3459 quae
456 3375 561 3442 multo
583 3376 796 3443 excellentior
824 3375 888 3440 init
919 3396 1016 3459 qnam
1040 3385 1076 3441 ιι
1099 3400 1187 3445 nunc
1239 3385 1384 3444 montem
1405 3376 1589 3454 Libanum,
1619 3389 1652 3440 ιι
1681 3375 1720 3439 ad
1751 3374 1880 3460 sylvam
1903 3375 2142 3461 lerosolymae,
2170 3379 2212 3444 de

209 3465 265 3529 sis.
311 3461 399 3543 Quid
422 3481 501 3546 ergo
524 3460 586 3527 sibi
609 3462 681 3527 vult
703 3460 784 3527 haec
806 3460 907 3526 stulta
925 3463 1086 3545 superbia,
1109 3463 1187 3529 dnm
1238 3484 1304 3547 qua
1325 3463 1396 3528 heri
1418 3461 1540 3528 dictum
1564 3461 1634 3527 luit.
1678 3460 1926 3527 Potesttamen
1949 3462 2011 3528 hoo
2033 3463 2149 3528 referri
2171 3463 2213 3529 ad

208 3548 270 3613 tibi
298 3547 475 3631 persuades
504 3547 600 3632 longe
630 3546 743 3613 abesse
772 3567 870 3612 omne
899 3548 1104 3630 perieulum?
1139 3549 1187 3614 Ta
1238 3550 1310 3633 ipsa
1341 3545 1498 3612 aedificia.
1542 3547 1627 3611 Nam
1656 3545 1801 3612 tabulata
1829 3555 1867 3612 ut
1897 3547 2074 3630 plurimum
2096 3548 2211 3614 Iudaei

209 3636 277 3700 eris
299 3654 378 3718 ergo
401 3632 482 3698 aridi
503 3639 652 3716 tanquam
676 3631 830 3717 Gadead,
857 3631 918 3697 hcc
945 3640 1012 3717 eet,
1043 3645 1187 3700 contem·
1216 3633 1387 3704 ,solebant
1415 3643 1585 3698 exstruere
1614 3653 1655 3696 ex
1684 3632 1783 3715 liguis
1810 3632 1970 3710 cedrinis,
2000 3632 2212 3715 quemadmo-

207 3719 300 3804 plare
322 3719 478 3787 iudicium
501 3739 609 3785 meum
633 3720 669 3784 in
691 3727 802 3784 monte
826 3716 984 3798 Guilead,
1010 3729 1045 3785 et
1066 3720 1102 3785 in
1124 3720 1187 3788 hac
1239 3722 1317 3786 dnm
1340 3719 1554 3784 aetianorum
1578 3723 1638 3782 est.
1682 3717 1772 3801 Ergo
1802 3717 1912 3785 licebit
1940 3718 2120 3784 transferre
2148 3719 2211 3786 hoc

207 3805 359 3871 horribili
382 3804 535 3870 vastitate
565 3814 673 3870 terrae
701 3803 820 3870 Israel:
851 3803 937 3870 idem
968 3804 1027 3871 tibi
1057 3808 1185 3872 contiu-
1238 3804 1279 3871 ad
1309 3801 1498 3886 splendidas
1527 3811 1561 3868 et
1587 3812 1793 3886 sumptuosae
1822 3804 1944 3869 domos.
1991 3801 2059 3869 Sed
2089 3805 2212 3888 absque

207 3903 264 3976 get
290 3889 375 3974 quod
405 3891 472 3956 illic
501 3899 593 3975 potes
627 3910 716 3955 nunu
745 3909 888 3956 cernere.
938 3889 1009 3956 Iam
1038 3899 1186 3957 tenemus
1238 3892 1345 3974 figura
1366 3889 1464 3953 etiam
1486 3907 1660 3971 possumne
1679 3890 1824 3972 accipere
1841 3888 1882 3954 de
1900 3889 2072 3954 arboribus
2089 3891 2211 3956 montis

207 3999 273 4060 qno
296 3999 394 4043 sensu
418 3976 505 4042 dicat
526 3977 697 4062 propheta,
723 3974 838 4044 Coram
860 3973 929 4040 Deo
950 3981 1043 4058 captet
1068 3975 1187 4042 Libani
1237 3975 1367 4042 Libani.
1410 3974 1494 4039 Erat
1516 3985 1625 4039 autem
1649 3973 1732 4040 illud
1755 3976 1963 4057 praecipuum
1986 3976 2130 4060 regionis
2155 3976 2212 4042 de·

210 4063 272 4129 hon
293 4073 352 4138 est,
373 4062 609 4147 lerosolymam
632 4062 750 4145 ipsam,
772 4081 855 4143 qnae
877 4058 1107 4126 dominabatur
1127 4061 1186 4128 Iri-
1237 4083 1304 4142 cue,
1324 4059 1436 4125 videre
1453 4058 1672 4126 nobilissimas
1691 4059 1823 4125 arbores
1839 4061 1874 4126 in
1893 4060 2087 4128 monteillo.
2124 4062 2213 4147 Ergo

210 4149 304 4227 bano,
325 4150 395 4230 sore
415 4149 497 4214 ιιιιιι
521 4147 667 4214 Guilead.
713 4145 842 4212 Deinde
865 4145 1033 4232 adiungit,
1058 4144 1096 4211 Si
1124 4167 1187 4214 aaa
1236 4168 1295 4231 per
1317 4144 1430 4211 cedros
1453 4144 1541 4211 haud
1565 4144 1661 4212 dubie
1693 4145 1845 4228 designat
1867 4146 2028 4230 propheta
2054 4146 2212 4231 quidquid

201 4253 337 4319 pararem
364 4239 393 4298 te
421 4235 457 4298 io
483 4233 647 4299 desertum,
697 4232 824 4298 Iterum
856 4233 943 4297 iurat
970 4233 1078 4312 Deus,
1109 4252 1184 4298 nam
1237 4241 1308 4298 erat
1340 4230 1524 4314 splendoris
1556 4230 1777 4316 lerosolymae
1817 4244 1850 4297 ιι
1889 4233 1923 4297 in
1957 4237 2025 4298 ιοιο
2062 4233 2211 4300 ιιιιιίιι.

207 4321 331 4386 suimus
354 4319 537 4402 eclipticam
556 4339 626 4384 esse
644 4319 783 4384 formam
802 4317 1026 4398 iurisiurandi,
1048 4316 1104 4383 nbi
1127 4339 1183 4384 ex·
1237 4316 1403 4401 Sequitur,

206 4407 363 4487 primitur
385 4416 514 4470 tantum
537 4403 697 4487 particula
715 4416 764 4471 nt<
786 4404 823 4480 si,
849 4403 1073 4469 subaudienda
1096 4404 1185 4469 anim

208 4499 260 4556 ιιι
282 4491 481 4574 imprecatio.
519 4490 569 4555 Ne
591 4490 760 4555 existimer
779 4487 888 4554 Deus:
912 4490 975 4569 rel,
998 4510 1056 4572 pro
1079 4488 1184 4554 nihilo
1323 4489 1352 4554 8.
1375 4487 1419 4553 Et
1440 4487 1618 4552 tramibart
1637 4491 1741 4570 qertee
1761 4487 1876 4554 multae
1901 4508 1962 4568 per
1988 4487 2095 4554 urbem
2121 4488 2213 4573 boae,

207 4576 346 4642 ducatur
364 4597 438 4641 mea
458 4577 621 4658 potentia:
645 4586 701 4638 aut
717 4596 759 4641 ne
777 4595 912 4641 censear
929 4574 1066 4658 posthac
1080 4595 1183 4640 verax
1235 4580 1263 4641 et
1284 4575 1385 4641 ecem
1406 4574 1537 4655 quisque
1558 4573 1639 4638 eooio
1660 4593 1716 4637 erra
1738 4570 1804 4656 (vir
1825 4573 1866 4637 ad
1889 4574 2011 4640 sociam
2034 4595 2146 4654 suum,
2168 4576 2209 4638 ad

207 4672 242 4726 et
269 4661 384 4727 fidelis.
432 4660 602 4745 Quidquid
630 4662 689 4734 eit,
719 4661 807 4725 iurat
838 4659 932 4726 Dens
960 4661 1067 4727 arbem
1094 4659 1184 4725 idam
1236 4658 1405 4745 verbum):
1441 4657 1508 4725 aar
1538 4657 1613 4739 feeit
1639 4657 1776 4724 Iebooole
1800 4659 1837 4723 ire
1866 4657 1946 4724 boue
1978 4660 2104 4726 modam
2136 4659 2212 4724 orbi

203 4747 275 4828 fore
298 4749 333 4812 ia
354 4748 517 4825 desertum,
539 4752 689 4828 tauquam
709 4745 801 4811 urbes
821 4766 901 4827 quae
918 4767 980 4813 reor
993 4745 1183 4812 habitantur.
1235 4745 1308 4812 baie
1328 4743 1486 4827 moqrrae?

207 4832 254 4898 ιιι
276 4834 322 4898 ita
343 4834 464 4915 optime
486 4833 561 4898 fluit
582 4839 769 4909 contextus,
800 4830 888 4913 qnod
917 4831 1040 4898 seilicet
1061 4831 1185 4896 Ieroso-
1321 4832 1352 4897 9.
1375 4829 1419 4897 Et
1440 4830 1548 4908 dicent,
1582 4827 1665 4908 Quia
1693 4827 1921 4910 dereliquerunt
1948 4829 2058 4911 foedus
2079 4827 2210 4895 Iedocce

207 4919 300 5002 lyme
322 4918 386 4984 erit
409 4917 540 4983 taudem
562 4917 680 4983 similis
702 4926 809 4982 terrae
827 4915 939 4994 Israel,
963 4917 1038 4999 qnia
1055 4917 1184 4982 Libano
1235 4916 1300 4983 Dei
1326 4918 1388 4996 sai,
1416 4920 1444 4980 et
1472 4933 1539 4980 sese
1565 4913 1761 4980 inclinarunt
1789 4935 1893 4980 coram
1921 4917 1986 4981 diis
2016 4915 2148 4995 alienia,
2181 4920 2210 4980 et

205 5023 273 5068 non
303 5005 410 5087 magis
437 5013 591 5084 parcetur
620 5022 717 5085 qnam
744 5003 848 5066 monti
878 5001 1015 5070 Galaad.
1066 5001 1183 5084 Sequi·
1234 5001 1392 5068 coluerat
1412 5020 1471 5066 eos.

205 5103 262 5153 ιιι
326 5103 405 5166 stes,

283 5110 325 5172 po
1321 5171 1475 5238 Ostendit
1507 5170 1560 5236 his
1594 5170 1703 5238 verbis
1737 5173 1896 5255 propheta
1938 5179 2139 5255 quantopere
2172 5173 2207 5236 in

294 5261 324 5326 l.
347 5258 392 5324 Et
407 5260 607 5340 praeparabo
629 5260 778 5346 (vertunt
800 5259 867 5340 alii,
891 5259 1115 5338 sanctificabo,
1147 5271 1183 5324 ιι
1234 5280 1328 5324 suam
1350 5258 1528 5342 perniciem
1552 5257 1714 5341 desipiant
1736 5256 1867 5336 Iudaei,
1898 5278 1998 5341 quum
2028 5267 2094 5323 tam
2116 5278 2208 5341 prae·

209 5347 310 5413 etiam
333 5359 405 5429 trip
428 5344 490 5410 boc
513 5346 689 5431 significat:
713 5344 915 5429 praeparabo
937 5344 1050 5430 igitur)
1072 5346 1180 5411 adve-
1236 5347 1336 5411 traete
1366 5366 1386 5411 a
1415 5365 1450 5410 se
1478 5343 1641 5427 repellunt
1670 5342 1734 5409 Dei
1764 5341 1929 5409 indicium.
1974 5342 2089 5428 Neque
2117 5344 2214 5408 enim.
