5038 6118
368 411 427 478 111
1173 405 1559 473 Puauacoctocas
2300 405 2359 468 112

366 600 458 667 hunt.
502 599 587 664 Nam
608 617 705 681 saepe
727 597 869 662 occurrit
895 596 976 661 haec
999 595 1184 679 promissio,
1214 593 1337 658 Invoco
1389 594 1466 676 quia
1487 593 1595 676 ipsum
1621 613 1687 657 uon
1709 593 1773 658 rite
1795 592 2004 672 invocabunt,
2034 593 2095 659 hoc
2117 599 2176 670 eat,
2204 591 2277 657 siue
2297 589 2358 655 fide

366 707 434 764 me,
469 692 503 749 et
538 703 598 767 ego
627 692 659 747 tc
688 681 871 747 exaudiam.
923 679 1086 760 Quamvis
1114 701 1182 745 uon
1216 678 1337 760 ubique
1390 689 1422 742 et
1444 679 1656 761 poenitentia:
1679 677 1797 744 deiude
1819 678 1905 743 idola
1928 699 1992 743 uon
2011 685 2165 761 poterunt
2182 675 2359 760 quidquam

367 779 483 837 utatur
504 767 596 833 Daue
623 768 676 833 hie
702 766 823 850 verbis,
853 776 963 830 tamen
992 765 1143 850 plurimis
1174 763 1254 830 locis
1276 765 1338 829 hoc
1388 764 1460 847 opis
1489 763 1554 828 illia
1585 763 1713 830 afferre.
1757 763 1847 831 Hinc
1875 783 1954 848 ergo
1980 764 2128 848 sequitur
2151 783 2205 827 eos
2229 781 2358 845 prorsus

368 857 454 923 idem
479 853 650 939 promittit
700 853 771 918 Iam
802 870 879 935 ergo
912 861 1020 933 poseat
1050 849 1113 915 hoc
1146 850 1248 914 videri
1282 847 1337 913 ab·
1389 849 1458 914 fore
1481 849 1678 932 desperatos.

369 940 503 1008 surdum
536 939 621 1021 quod
650 939 781 1003 ianuam
808 935 930 1002 claudit
962 935 1091 1001 miseris
1120 935 1175 1018 qui
1205 934 1338 999 adeius

368 1023 623 1094 misericordiam
665 1021 867 1106 confugiunt.
932 1020 999 1087 Sed
1045 1021 1195 1104 proximo
1241 1039 1337 1084 versu
1478 1021 1527 1085 13.
1553 1020 1637 1101 Quoia
1664 1041 1725 1100 pro
1757 1039 1884 1085 uumero
1914 1019 2042 1085 urbium
2077 1023 2205 1084 tuarum
2234 1018 2362 1099 fueruit
2495 1039 2496 1056 ι

368 1111 510 1179 ostendit
539 1109 643 1194 qualis
669 1110 800 1174 futurus
822 1106 865 1173 sit
887 1106 941 1172 hic
962 1107 1095 1174 clamor.
1139 1106 1224 1170 Nam
1247 1106 1274 1171 si
1298 1127 1338 1168 ex
1389 1106 1438 1170 dii
1464 1107 1512 1170 tui
1533 1105 1686 1180 Ιιιιιιι,
1716 1109 1745 1169 et
1761 1125 1820 1188 pro
1840 1124 1969 1169 uumuc
1986 1105 2166 1188 platearum
2188 1103 2361 1168 Ierusalem

368 1199 478 1264 auimo
508 1195 731 1278 resipuissent,
761 1199 848 1258 certe
875 1212 1045 1274 uunquam
1075 1203 1195 1276 negata
1224 1191 1338 1255 luisset
1385 1192 1540 1274 posuistis
1571 1191 1691 1256 altaria
1717 1192 1751 1256 iu
1780 1189 1988 1271 opprobrium,
2020 1190 2139 1256 altaria
2167 1190 2211 1255 ad
2237 1191 2361 1273 affarea

369 1285 417 1350 eis
458 1283 563 1347 venia.
618 1279 683 1346 Sed
722 1278 820 1360 paulo
857 1286 931 1361 poet
965 1277 1149 1343 videbimus
1182 1276 1338 1341 clamores
1389 1278 1466 1343 dum
1486 1275 1629 1358 suffitum
1651 1275 1749 1342 Baal.

368 1389 480 1434 eorum
504 1366 602 1432 ιιιιιι
624 1385 726 1449 vagos
748 1373 782 1428 et
802 1383 956 1429 erroneos
979 1371 1012 1427 et
1033 1363 1198 1428 confusos:
1229 1362 1277 1425 ita
1303 1369 1338 1424 ut

370 1475 436 1520 uon
466 1452 644 1535 dirigerent
669 1470 780 1532 preces
802 1469 878 1513 suas
901 1447 942 1513 ad
964 1445 1082 1523 Deum,
1113 1468 1216 1528 neque
1239 1446 1337 1511 etiam
1476 1446 1541 1512 Hic
1563 1445 1722 1527 prophete
1743 1444 1887 1511 ostendit
1905 1443 2043 1510 Iudaeos
2065 1465 2132 1509 nou
2151 1452 2279 1510 tautum
2297 1465 2362 1510 ιιι

369 1548 521 1605 tenerent
544 1537 629 1602 ciam
652 1555 736 1619 quae
753 1532 903 1599 omuibus
921 1531 1015 1597 uobis
1029 1544 1239 1608 monstratur,
1263 1531 1339 1614 quia
1391 1531 1630 1614 superstitionis
1659 1551 1780 1614 genere
1802 1530 1904 1596 luisse
1926 1530 2077 1613 pollutos,
2106 1529 2163 1595 ssd
2186 1530 2363 1595 hincinde

369 1626 441 1692 aine
468 1621 667 1707 poenitentia
695 1628 728 1686 et
754 1618 818 1684 fide
847 1619 1037 1702 clamarent,
1066 1615 1338 1700 quamadmodum
1392 1616 1571 1682 adscivisse
1593 1616 1723 1681 fictitios
1745 1616 1832 1692 deos,
1861 1627 1895 1681 et
1917 1616 1965 1680 ita
1986 1627 2108 1680 terram
2131 1614 2232 1681 luisse
2253 1616 2363 1698 opple·

370 1709 526 1792 sequitur.
571 1707 661 1772 Dicit
682 1705 768 1770 euim
791 1703 959 1788 propheta,
1392 1714 1471 1774 tam,
1501 1711 1534 1765 et
1555 1703 1647 1783 quasi
1677 1702 1828 1767 obrutam
1858 1701 2039 1766 innumeris
2069 1699 2362 1782 superstitionibus.

1392 1788 1482 1852 Dicit
1499 1806 1561 1868 pro
1582 1806 1710 1851 uumero
1733 1786 1860 1852 urbium
1880 1787 1982 1867 fuisse
2003 1785 2077 1850 deos
2097 1787 2133 1851 iu
2154 1807 2246 1870 repuo
2270 1785 2364 1852 Iebu·

457 1877 508 1944 12.
529 1876 573 1942 at
599 1877 686 1942 aaut
711 1874 802 1940 urbes
825 1873 976 1952 Iebudals,
1004 1873 1133 1939 ιιιιιιι
1156 1871 1340 1952 Ierusalem,
1391 1873 1464 1951 cat,
1493 1877 1521 1936 et
1546 1872 1583 1936 iu
1608 1871 1682 1954 ipsa
1707 1871 1783 1936 urbe
1810 1890 1873 1955 pro
1901 1891 2030 1936 uumero
2057 1871 2239 1952 platearum
2266 1872 2365 1952 fuisse

370 1971 397 2034 st
426 1961 601 2031 damabuut
628 1962 672 2026 ιι
702 1962 776 2027 deos
803 1960 915 2041 quta
940 1958 1005 2041 ipsi
1033 1959 1169 2042 feceruut
1188 1956 1340 2039 suffitum,
1392 1963 1490 2026 ινιιιι
1512 1957 1641 2038 auca,
1664 1976 1781 2040 nempe
1803 1961 1837 2020 ut
1858 1956 2003 2038 offerrant
2023 1957 2165 2038 suffitum
2185 1958 2252 2038 ipsi
2267 1956 2365 2021 Baal.

370 2057 398 2118 et
425 2047 577 2116 curando
598 2066 658 2112 acu
680 2043 845 2112 servabunt
866 2065 916 2110 eos
938 2045 974 2110 iu
996 2049 1131 2125 teupore
1152 2042 1340 2126 afflictionis.
1394 2044 1535 2109 Videtur
1558 2055 1665 2106 tamen
1694 2042 1803 2125 aliqua
1826 2061 1896 2107 esee
1918 2043 2157 2124 repugnantiae
2184 2045 2308 2124 species
2330 2044 2364 2104 iu

1395 2129 1512 2194 verbis.
1556 2127 1640 2192 Nam
1669 2129 1696 2191 si
1725 2126 1874 2193 colebant
1906 2146 2019 2192 omnes
2049 2147 2150 2192 uuum
2179 2126 2277 2207 Baal,
2310 2127 2366 2191 ubi

351 2219 355 2228 “
456 2216 612 2287 Ostendit
639 2234 717 2300 ergo
747 2214 800 2280 his
829 2213 939 2280 verbis
968 2212 1127 2297 propheta
1154 2235 1219 2279 uon
1243 2213 1343 2278 luisse
1395 2214 1576 2298 reperietur
1603 2211 1662 2277 illa
1684 2210 1820 2278 deorum
1849 2210 1956 2289 turba,
1985 2231 2081 2294 quam
2113 2211 2177 2278 illis
2206 2211 2366 2296 propheta

373 2327 450 2373 vero
472 2316 505 2370 et
526 2304 654 2367 sincero
676 2301 796 2366 affectu
819 2299 1060 2382 resipiscentiae
1083 2307 1194 2374 ιιιιιι,
1220 2300 1274 2381 qui
1296 2298 1344 2362 ιιι
1394 2296 1593 2382 exprobrat?
1627 2298 1774 2380 sequitur
1803 2316 1890 2380 ergo,
1919 2297 1971 2361 vel
1994 2297 2094 2361 tuisse
2124 2297 2243 2380 ubique
2266 2318 2365 2362 uuam

371 2392 554 2477 promiscue
582 2387 765 2453 clamarunt
793 2384 834 2449 ad
862 2383 971 2450 Deum
1002 2392 1035 2448 et
1062 2384 1102 2448 ad
1132 2384 1227 2448 idola.
1276 2383 1342 2448 Sed
1395 2386 1531 2450 formam
1561 2383 1812 2464 superstitionis,
1841 2381 1894 2447 rel
1917 2400 1982 2447 nou
2006 2380 2152 2446 oblatum
2175 2383 2276 2448 tuisse
2298 2382 2366 2446 sus·

373 2487 482 2562 posset
503 2473 557 2539 hic
579 2471 706 2537 moveri
726 2470 829 2534 altera
851 2471 1007 2552 quaestio,
1035 2469 1090 2551 qui
1113 2468 1281 2550 potuerint
1302 2467 1342 2531 ad
1395 2473 1489 2537 fitam
1512 2469 1568 2534 ιιι
1590 2467 1674 2532 Baal
1694 2470 1730 2533 iu
1752 2465 1903 2532 omuibus
1928 2467 2017 2533 locis.
2062 2465 2128 2533 Sed
2152 2489 2192 2530 er
2215 2467 2367 2532 hocloco

374 2563 482 2628 Deum
509 2557 604 2624 conia
629 2576 695 2635 era,
724 2564 756 2619 et
784 2554 883 2618 simul
913 2552 954 2618 ad
981 2554 1058 2618 deos
1086 2552 1233 2618 alienos?
1277 2553 1341 2617 Re·
1396 2568 1428 2620 et
1457 2555 1531 2620 aliis
1560 2553 1708 2635 pluribus
1737 2553 1889 2635 colligere
1923 2551 1999 2616 lieet
2027 2552 2128 2617 fuisse
2158 2553 2218 2618 hoc
2247 2571 2366 2617 nomeu

374 2645 509 2732 sponsio
542 2641 593 2707 lac
618 2662 647 2706 ιι
680 2645 747 2719 ιιι,
785 2637 969 2705 incredulos
1003 2635 1192 2704 turbulento
1226 2638 1343 2721 spiritu
1396 2640 1541 2725 vulgare.
1587 2639 1672 2703 Nam
1694 2638 1845 2719 quamvis
1872 2637 2002 2720 singula
2027 2637 2113 2701 idola
2135 2639 2204 2702 suis
2227 2637 2368 2701 nomini·
2497 2627 2498 2700 l

374 2732 439 2798 huc
468 2740 499 2793 et
529 2726 607 2791 illuc
629 2725 723 2806 verli,
753 2731 790 2787 ut
810 2722 892 2789 nihil
915 2733 1049 2798 certum,
1079 2731 1134 2788 aut
1156 2722 1282 2802 stabile,
1312 2731 1345 2786 et
1396 2726 1457 2792 bna
1479 2725 1633 2790 distincte
1656 2732 1819 2800 vocarent,
1844 2733 1953 2786 tamen
1976 2721 2038 2788 hoc
2060 2733 2132 2786 erat
2154 2743 2274 2788 nomen
2297 2743 2368 2808 pro·
2496 2793 2498 2828 j

374 2814 587 2899 compositum
619 2811 717 2876 etiam
744 2809 896 2874 habeant.
947 2809 1020 2875 Hoc
1049 2808 1197 2874 videmus
1226 2810 1260 2872 in
1291 2827 1345 2890 pa·
1397 2811 1557 2876 missuum
1586 2817 1619 2873 et
1642 2807 1792 2872 omuibus
1821 2826 2004 2872 commuue.
2048 2806 2138 2888 Quid
2165 2809 2253 2872 enim
2280 2808 2369 2872 aliud

375 2902 478 2988 pistis.
523 2898 674 2979 Papirtae
701 2895 845 2961 clamant
876 2893 917 2959 ad
939 2895 1057 2973 Deum,
1086 2903 1120 2958 et
1148 2894 1244 2959 simul
1272 2913 1345 2974 per·
1397 2903 1446 2962 est
1460 2893 1544 2961 Baal
1566 2913 1665 2975 quam
1688 2901 1853 2974 patronus,
1877 2891 1928 2956 vel
1951 2891 2030 2957 deus
2052 2892 2197 2968 interior,
2221 2895 2277 2976 qui
2295 2915 2370 2959 con·

375 2990 512 3053 miscent
545 3002 697 3066 magnam
731 2980 865 3046 deorum
896 2978 1035 3046 turbam.
1087 2978 1239 3046 Sciamus
1266 2999 1345 3064 ergo
1397 2981 1484 3049 eiliat
1517 2979 1658 3064 gratiam
1691 2976 1777 3061 apud
1810 2997 1975 3042 summum
2008 2976 2144 3042 Deum?
2186 2978 2369 3060 Prophetae

376 3073 409 3137 iu
433 3069 581 3136 omuibus
600 3066 776 3132 incredulis
794 3086 864 3131 esse
883 3066 975 3146 quasi
996 3065 1167 3149 vertiginis
1184 3065 1344 3147 spiritum,
1397 3087 1494 3149 saepe
1517 3073 1656 3131 utuntur
1678 3081 1815 3127 numero
1838 3061 1973 3144 plurali:
2001 3072 2120 3128 vocant
2142 3063 2270 3129 Baalim
2293 3063 2370 3129 deos

377 3157 432 3240 qui
460 3175 515 3219 ace
542 3160 672 3234 torquet
694 3151 727 3214 iu
751 3150 896 3214 diversas
917 3158 1036 3231 partes,
1060 3151 1105 3213 ita
1128 3159 1165 3213 ut
1187 3169 1275 3213 nunc
1295 3149 1346 3212 iu·
1398 3152 1548 3230 minores,
1577 3149 1630 3214 vel
1653 3150 1730 3213 deos
1752 3147 1826 3212 illos
1848 3147 2031 3228 interiores,
2066 3147 2122 3231 qui
2151 3155 2246 3212 eraut
2277 3151 2370 3231 quasi

378 3248 495 3307 vocent
515 3237 634 3315 Deum,
657 3256 743 3300 uuna
765 3242 871 3297 autem
895 3234 935 3299 ad
959 3233 1044 3298 idola
1066 3253 1126 3298 ιιι
1148 3234 1345 3317 confugiant.
1398 3237 1602 3309 mediatores,
1626 3234 1678 3298 vel
1701 3233 1819 3317 augeli.
1853 3230 1921 3298 Sed
1939 3233 2040 3298 etiam
2060 3253 2157 3316 saepe
2176 3254 2234 3317 par
2252 3256 2371 3299 nomeu

376 3322 579 3393 Naturaliter
609 3319 782 3401 rapiantur
810 3319 957 3383 homiues
986 3318 1027 3382 ad
1055 3317 1177 3396 Deum,
1205 3319 1262 3383 uhi
1291 3338 1347 3382 au·
1399 3322 1481 3386 Baal
1503 3320 1694 3402 intelligunt
1715 3317 1826 3383 omnia
1846 3317 1944 3382 idola.
1982 3317 2072 3402 Ergo
2093 3327 2146 3383 est
2167 3319 2371 3402 synecdoche

378 3411 485 3496 gnatia
508 3407 616 3488 aliqua
638 3403 828 3470 constrictos
849 3405 936 3487 ipsos
958 3409 1056 3468 tenet.
1091 3403 1252 3467 invocant
1269 3422 1347 3485 ergo
1398 3406 1434 3470 iu
1462 3406 1523 3470 hac
1549 3425 1645 3469 voce:
1679 3403 1833 3486 quoniam
1867 3402 2024 3486 propheta
2055 3403 2253 3486 generaliter
2285 3426 2372 3470 com·

378 3497 497 3574 Deum,
525 3490 582 3556 sed
611 3499 722 3573 postea
745 3508 811 3552 non
833 3489 977 3553 contenti
1000 3508 1066 3553 uuo
1087 3488 1167 3570 ipso,
1195 3488 1348 3552 seruntur
1400 3490 1575 3574 prehendit
1604 3509 1717 3552 omues
1740 3487 1826 3570 dece,
1855 3507 1939 3570 quos
1969 3487 2030 3554 eibi
2053 3487 2295 3555 fabricaverant
2316 3489 2371 3554 Iu·

378 3583 419 3647 ad
441 3601 502 3645 sua
523 3579 690 3662 figmenta,
711 3582 744 3638 et
762 3573 966 3639 accumulant
983 3572 1053 3649 sibi,
1076 3571 1347 3655 quemadmodum
1400 3575 1482 3650 daei,
1504 3575 1654 3655 quamvis
1672 3571 1803 3637 diversa
1824 3583 1933 3637 ιιιιιι
1951 3572 2079 3637 illorum
2099 3575 2241 3639 nomina.
2275 3574 2371 3655 Quod

379 3667 464 3746 dixi,
492 3665 658 3747 ingentem
690 3656 819 3723 turbam
847 3658 991 3724 deorum.
1036 3659 1109 3724 Hoc
1139 3677 1217 3741 ergo
1247 3677 1348 3740 quum
1400 3671 1508 3724 autam
1531 3656 1691 3740 propheta
1712 3657 1923 3738 reprehendit
1940 3659 1975 3723 in
1994 3657 2113 3740 populo
2135 3679 2204 3736 suo,
2223 3658 2373 3726 videmus

379 3750 477 3816 hodie
502 3749 560 3813 flat
581 3747 616 3810 iu
639 3753 771 3828 papatu,
800 3764 841 3808 ue
863 3745 1019 3808 miremur
1041 3741 1127 3808 idem
1151 3743 1228 3807 olim
1250 3742 1350 3806 fuisse
1400 3743 1544 3828 quotidie
1578 3763 1638 3806 usu
1668 3742 1792 3806 venire.
1843 3742 1962 3808 Nullus
1993 3744 2082 3808 euim
2117 3753 2167 3808 est
2195 3745 2285 3825 finis,
2319 3747 2374 3810 ubi

380 3837 512 3916 sactum,
534 3843 568 3897 et
589 3829 780 3913 exprobrari
803 3827 944 3893 Iudaeis.
977 3828 1062 3892 Nam
1085 3827 1246 3912 propheta
1263 3845 1351 3890 nunc
1402 3829 1501 3894 semel
1536 3827 1702 3892 tantillum
1735 3826 1901 3891 declinant
1935 3827 2084 3892 homiues
2117 3850 2137 3893 a
2167 3849 2250 3911 puro
2284 3829 2375 3894 cultu

380 3936 564 3988 sermonem
593 3936 689 3981 suum
719 3913 829 3996 dirigit
857 3913 898 3976 ad
928 3912 1013 3978 solos
1042 3913 1191 3978 Iudaeos.
1239 3912 1351 3994 Nuper
1403 3915 1499 3980 unius
1528 3912 1602 3979 Dei.
1646 3910 1732 3977 Nam
1760 3913 1788 3976 si
1817 3912 1893 3993 quid
1927 3913 2229 3994 comminiscuntur,
2262 3916 2374 3980 statim

378 4007 532 4088 loquutus
555 4007 605 4066 ιιι
627 4000 666 4065 ιι
689 3997 862 4064 Israelitis:
892 4018 979 4063 nuuc
1008 4003 1117 4062 ιιιιιι
1146 3997 1352 4081 peculiariter
1403 4021 1494 4066 error
1522 4004 1674 4063 nascetur
1697 4017 1737 4060 ex
1760 4016 1885 4062 errore:
1916 3997 1963 4062 ita
1990 3998 2206 4064 cumulabunt
2234 4000 2296 4066 sihi
2327 4001 2374 4063 di·

380 4091 472 4158 docet
502 4086 657 4170 populum
680 4105 785 4149 suum.
831 4082 931 4148 Ibunt
958 4083 1058 4166 igitur
1085 4082 1175 4148 urbes
1197 4082 1351 4164 lehudol,
1404 4106 1514 4150 remos
1530 4103 1665 4158 errores,
1682 4079 1784 4147 donec
1799 4102 1870 4147 sese
1886 4082 2081 4163 proieceriut
2094 4085 2128 4148 in
2139 4085 2375 4168 labyrinthum,

379 4176 515 4242 ιιιιιι
538 4169 719 4238 Ierusalem.
764 4166 954 4249 Quomodo?
1004 4166 1191 4236 Clamabunt
1217 4169 1260 4234 ad
1280 4168 1353 4232 deos
1404 4170 1490 4234 unde
1519 4168 1629 4233 nullus
1658 4176 1708 4231 eet
1737 4167 1857 4231 exitus.
1901 4166 1975 4232 Hoc
2004 4168 2090 4233 clare
2120 4169 2316 4251 perspicitur
2342 4173 2374 4234 iu

379 4281 462 4327 siros.
513 4255 676 4321 Videmus
705 4273 782 4336 ergo
811 4263 887 4318 vota
915 4272 1027 4318 eorum
1057 4252 1157 4316 tuisse
1187 4273 1286 4336 rago,
1320 4262 1353 4316 ιι
1403 4264 1534 4338 papatu.
1583 4252 1684 4316 Initio
1713 4249 1817 4316 Satan
1848 4253 2002 4333 speciosis
2034 4253 2193 4319 coloribus
2224 4255 2375 4321 homiues

381 4345 473 4428 quasi
513 4361 626 4424 sparsa
661 4340 695 4404 iu
729 4359 846 4403 aerem.
904 4338 977 4402 Non
1011 4337 1118 4419 potuit
1150 4358 1228 4422 ergo
1260 4336 1353 4402 Deus
1404 4338 1540 4404 abduxit
1562 4355 1581 4400 a
1604 4336 1743 4419 simplici
1763 4336 1828 4400 Dei
1854 4337 1945 4402 culta
1967 4348 2000 4403 et
2022 4359 2104 4420 pura
2125 4341 2194 4405 eius
2217 4340 2375 4406 doctriua.

380 4432 468 4514 ipsos
502 4426 665 4492 exaudire.
721 4423 806 4488 Nam
839 4423 966 4504 quoties
999 4420 1091 4486 Deus
1126 4423 1287 4503 promittit
1319 4443 1353 4486 se
1404 4425 1476 4488 Iam
1505 4433 1540 4487 ut
1569 4423 1715 4504 ingenita
1744 4429 1796 4488 eat
1824 4422 1976 4488 omnibus
2005 4425 2192 4504 curiositas,
2225 4428 2375 4492 certatim

381 4518 450 4580 tore
479 4511 672 4596 propitium,
706 4508 759 4574 vel
789 4506 996 4590 placabilem,
1030 4507 1167 4588 requirit
1194 4506 1292 4570 fidem
1321 4513 1354 4571 et
1405 4509 1541 4593 quisque
1568 4507 1693 4589 aliquid
1723 4507 1764 4572 de
1791 4527 1851 4572 ιιι
1881 4506 2000 4572 ιιιιιι
2025 4510 2136 4574 voluit.
2181 4510 2271 4575 Hinc
2297 4531 2377 4593 ergo

381 4597 633 4685 poenitentiam:
663 4595 753 4677 atqui
782 4595 817 4657 iu
849 4591 910 4656 hoc
935 4591 1052 4673 populo
1075 4591 1135 4654 tuit
1158 4591 1260 4674 impia
1283 4613 1353 4672 per·
1405 4595 1526 4659 ιιιιιιι
1556 4602 1606 4657 ιιι
1632 4603 1669 4655 ιι
1697 4601 1789 4656 tauta
1818 4593 1986 4675 congeries
2019 4614 2167 4660 errorum
2200 4604 2233 4660 et
2262 4616 2375 4677 super·

382 4685 522 4752 vicetia:
554 4679 671 4746 deiude
701 4678 792 4745 nulla
820 4675 919 4752 fides,
972 4678 1025 4740 uia
1054 4674 1177 4741 scilicet
1206 4676 1355 4757 impliciti
1406 4679 1573 4744 stitionum
1596 4676 1783 4741 incaluerit.
1820 4675 1895 4742 Non
1918 4677 2021 4760 igitur
2041 4679 2161 4745 mirum
2184 4685 2235 4744 est
2258 4682 2285 4744 si
2304 4701 2376 4762 pro-

383 4779 477 4836 eraut
506 4767 573 4834 suis
602 4762 896 4848 superstitionibus.
949 4697 1090 4826 lamma
1122 4771 1184 4837 ιιι,
1219 4761 1356 4828 Ιιιιιοι
1407 4763 1507 4845 pheta
1528 4760 1702 4842 exprobret
1717 4759 1847 4826 Iudaeis
1865 4783 1932 4826 non
1948 4771 2075 4828 tautum
2094 4765 2181 4846 ipsos
2200 4766 2376 4832 descivisse

383 4876 484 4940 quam
513 4850 642 4935 urgebit
674 4851 760 4931 ipsos
790 4846 974 4923 calamitas,
1008 4853 1085 4910 vota
1112 4847 1252 4910 moturos
1281 4866 1356 4911 vero
1407 4868 1526 4932 apuro
1546 4858 1577 4910 et
1597 4846 1740 4928 legitimo
1758 4846 1821 4910 Dei
1843 4847 1941 4923 cultu,
1964 4846 2021 4911 ιιι
2043 4851 2142 4914 etiam
2166 4851 2267 4916 tuisse
2289 4850 2375 4933 apud

383 4939 466 5018 Deo,
489 4938 638 5005 eadsine
661 4935 796 5011 ratione,
819 4930 1357 5011 siuedelectu‚acp0tiusmeute
1407 4951 1462 4998 eos
1484 4939 1533 4995 tot
1555 4929 1641 4994 idola
1662 4939 1741 5012 quot
1762 4941 1856 4996 eraut
1878 4930 1989 4997 urbes:
2024 4933 2141 5001 deiude
2164 4944 2212 4999 tot
2233 4939 2377 5001 rationes

385 5025 590 5090 turbulenta:
615 5027 648 5086 et
670 5020 730 5085 hcc
748 5019 816 5083 tore
833 5017 913 5081 satis
932 5015 1067 5088 clarum.
1091 5015 1243 5096 quoniam
1260 5017 1357 5080 simul
1408 5014 1533 5082 colendi
1556 5014 1619 5079 Dei
1652 5028 1731 5096 quot
1758 5020 1853 5080 erant
1881 5017 2034 5098 compita,
2066 5031 2123 5083 aut
2145 5019 2218 5085 viae
2240 5021 2275 5086 iu
2298 5023 2377 5104 ipsis

385 5119 553 5177 accersant
585 5106 647 5174 sibi
680 5105 771 5171 varia
804 5101 904 5183 idola,
939 5097 995 5164 aed
1029 5097 1111 5162 nihil
1137 5099 1205 5164 iore
1232 5100 1356 5178 auxilii,
1409 5099 1554 5166 urbibus.
1605 5099 1649 5163 Et
1679 5099 1755 5166 hiuo
1788 5102 1886 5166 etiam
1919 5101 2102 5186 colligimus
2135 5105 2272 5170 eandem
2306 5125 2377 5170 esse

386 5215 493 5279 neque
533 5195 565 5259 in
604 5213 680 5257 vero
718 5189 809 5268 Deo,
849 5205 954 5268 neque
993 5185 1026 5247 iu
1067 5183 1210 5263 ipsorum
1251 5183 1356 5250 idolis.
1410 5185 1551 5251 radicem
1580 5184 1666 5266 apud
1694 5206 1808 5250 omnes
1837 5186 1973 5269 populos
1999 5191 2146 5254 omnium
2172 5191 2378 5272 superstitio·

386 5279 519 5362 Quare?
554 5277 681 5362 indigui
716 5275 804 5341 enim
834 5278 933 5338 eruut
962 5288 1041 5353 quoa
1071 5269 1163 5333 Deus
1193 5269 1355 5347 exandiat,
1410 5291 1497 5335 num.
1531 5269 1675 5334 Tametsi
1697 5272 1786 5334 euim
1808 5269 1963 5336 differunt
1984 5272 2019 5335 iu
2041 5277 2192 5358 speciem,
2217 5277 2376 5356 prodeant
