5134 6124
229 411 288 476 197
938 413 987 480 IN
1009 413 1259 480 Iuturnam.
1305 413 1403 480 OAP.
1426 413 1522 479 XIV.
2170 416 2230 483 198

227 611 373 666 cerneret
403 600 513 681 oculis,
543 599 581 666 Si
609 602 715 666 exiero
737 602 772 667 in
793 621 915 686 aprum,
944 602 1062 684 inquit,
1091 601 1230 684 abigeri
1339 602 1412 668 Iam
1433 601 1591 686 propbeta
1614 622 1649 667 so
1671 601 1711 667 ad
1736 621 1846 684 preces
1869 613 1900 668 ct
1919 604 2138 686 querimonias
2154 625 2230 670 con·

227 687 316 754 obuia
347 693 438 754 eruut
470 687 641 754 cadauere:
682 689 759 770 quia
795 688 898 754 bostis
931 701 1061 754 exserto
1095 687 1203 772 gladic
1255 689 1362 766 vertit,
1386 699 1422 755 ut
1445 709 1503 753 sue
1525 686 1675 770 exemplo
1699 687 1854 770 populum
1879 689 2010 754 tandem
2031 688 2229 754 adsimilem

227 773 347 857 passim
378 773 502 839 occidet
525 774 706 856 quicunque
729 775 799 840 ausi
822 775 945 839 luerint
968 774 1089 858 egredi.
1134 773 1203 838 De·
1253 774 1379 841 luctum
1409 786 1570 857 provocet,
1599 795 1663 856 quo
1693 774 1886 856 suppliciter
1912 795 2025 840 omnes
2057 777 2184 840 veniam
2211 799 2229 840 a

227 859 313 937 iude,
344 859 383 924 Si
404 861 438 924 iu
464 858 569 924 urbem
590 879 708 940 oenoe,
739 861 855 943 inquit,
885 860 952 927 illie
970 861 1072 943 fames
1093 861 1205 926 cecidet
1255 861 1327 926 Deo
1347 870 1468 943 petant,
1492 871 1524 924 et
1546 861 1687 944 ingenue
1710 861 1876 925 fateantur
1899 883 1957 926 sua
1982 871 2120 943 peccata,
2155 862 2230 927 sibi·

225 945 412 1028 qucsbestis
426 965 488 1010 nou
502 947 653 1028 attigerit:
672 947 944 1028 quemadmodum
961 946 1051 1028 prius
1067 946 1203 1026 dixerat,
1253 968 1314 1028 que
1355 946 1555 1030 displiceant.
1612 945 1742 1010 Interea
1783 959 1890 1011 tamen
1924 947 2061 1018 minime
2094 946 2229 1012 dubium

225 1033 310 1098 Doce
343 1033 478 1114 proiecti
513 1051 625 1096 omnes
659 1033 693 1096 in
727 1033 875 1115 compitis
908 1031 1088 1097 Ierusalem
1123 1051 1202 1114 prae
1253 1044 1303 1098 est
1325 1034 1404 1115 quin
1426 1030 1554 1114 oblique
1577 1032 1778 1116 perstringat
1801 1033 1955 1097 duritiem
1978 1033 2078 1108 illam,
2103 1031 2143 1097 de
2164 1053 2230 1115 qua

226 1119 311 1182 lame
334 1124 367 1182 et
390 1138 468 1200 prae
490 1116 611 1202 gladio.
643 1117 710 1183 Sed
733 1119 818 1200 quod
842 1118 970 1183 dixerat
993 1118 1033 1183 de
1051 1119 1201 1199 compitis
1253 1140 1357 1200 nuper
1376 1117 1528 1183 diximus.
1564 1116 1674 1197 Quum
1694 1139 1772 1201 ergo
1789 1119 1870 1182 nibil
1888 1119 2228 1202 proficeretdocendc,

225 1203 419 1282 Ierusalem,
453 1223 541 1268 nunc
573 1223 674 1286 usque
704 1202 744 1268 ad
779 1225 875 1287 agros
907 1203 1073 1269 extendit:
1107 1204 1201 1286 quasi
1252 1205 1392 1270 mutavit
1422 1202 1572 1286 loquendi
1601 1203 1771 1281 rationem,
1804 1223 1836 1268 et
1866 1204 1984 1286 populo
2014 1204 2126 1271 relicto
2154 1215 2229 1270 veta

225 1291 347 1356 diceret
369 1309 531 1373 nusquam
554 1289 700 1371 quietum
725 1291 793 1354 soro
816 1291 921 1356 locum
946 1288 1091 1355 Iudaeis:
1124 1291 1200 1372 quia
1252 1311 1311 1354 sua
1339 1290 1379 1356 ad
1404 1289 1510 1353 Deum
1535 1290 1704 1368 convertit,
1735 1288 2006 1372 quemadmodum
2031 1292 2127 1356 etiam
2152 1303 2229 1356 ante

226 1378 251 1442 ei
286 1376 391 1440 velint
423 1375 595 1460 aufugere,
628 1377 797 1441 incurrent
830 1377 862 1440 in
894 1375 1019 1459 gladios
1048 1376 1199 1440 hostiles:
1252 1375 1374 1441 dictum
1408 1377 1477 1441 suit.
1534 1372 1671 1454 Quaerit
1702 1376 1803 1460 igitur
1836 1397 1879 1442 au
1910 1375 2000 1443 Dares
2031 1376 2230 1458 repudiando

226 1463 253 1527 si
281 1474 389 1527 autem
422 1461 620 1545 quaesierint
649 1463 800 1539 latebras,
832 1465 949 1526 samem
973 1461 1039 1527 illis
1061 1461 1130 1526 soro
1152 1463 1199 1524 in·
1250 1459 1574 1543 repudietlebudab?
1598 1463 1768 1526 oucuima
1786 1463 1855 1526 eius
1872 1462 2108 1528 abominatast't
2125 1461 2227 1529 Siout?

225 1549 351 1625 lostam,
374 1549 420 1611 ita
443 1559 480 1612 ut
502 1548 572 1612 sine
596 1548 699 1613 bostis
722 1567 820 1612 manu
844 1562 988 1629 percant.
1030 1547 1110 1613 Tem
1128 1567 1201 1628 pre
1252 1548 1393 1613 Videtur
1414 1547 1467 1612 hic
1491 1547 1677 1612 ratiocinari
1700 1547 1856 1612 Ieremias
1880 1549 1920 1613 ab
1949 1547 2105 1614 absurdo:
2137 1547 2229 1632 quasi

219 1634 323 1716 pheta,
349 1634 465 1715 inquit,
496 1652 591 1715 quarn
611 1634 756 1700 secordes
779 1633 934 1713 errabunt,
963 1633 1136 1700 circuibunt
1158 1633 1200 1698 ad
1252 1633 1381 1710 diceret,
1412 1633 1544 1698 Fierine
1575 1641 1691 1715 potest,
1721 1645 1757 1697 ut
1784 1644 1820 1698 tu
1850 1635 2008 1715 repuleris
2032 1635 2154 1700 tribum
2179 1633 2229 1698 Ie·

224 1727 348 1797 terrarii
371 1726 399 1784 et
420 1722 563 1786 noscunt.
598 1718 739 1799 Quidam
763 1719 1198 1802 exponuntbancultimem
1223 1762 1226 1811 p
1250 1719 1372 1794 budab,
1401 1731 1433 1784 et
1464 1727 1607 1784 montem
1639 1717 1746 1784 Sion?
1792 1718 1885 1784 Deus
1915 1722 2001 1784 onim
2034 1721 2230 1803 promiserat

224 1815 349 1888 partem
374 1826 489 1871 versus
511 1806 601 1886 qviasi
626 1804 747 1870 diceret
770 1807 938 1890 propbeta,
970 1804 1081 1887 Quam
1105 1806 1198 1871 tracti
1223 1814 1226 1837 ¹
1251 1827 1380 1889 semper
1409 1808 1476 1872 fore
1509 1805 1571 1870 sibi
1595 1804 1761 1870 lucernam
1783 1804 2015 1890 lerosolymam
2060 1805 2131 1870 Iam
2156 1827 2227 1889 pes-

225 1893 352 1957 fuerint
372 1892 407 1955 in
431 1891 583 1956 exsilium
607 1900 674 1956 tam
694 1892 873 1974 prophetae
891 1913 989 1976 quam
1006 1891 1199 1973 sacerdotes,
1251 1892 1420 1958 sumdatae
1443 1900 1537 1956 eraut
1561 1890 1669 1956 decem
1692 1891 1805 1968 tribus,
1836 1901 1869 1956 et
1892 1913 2030 1974 regnum
2055 1891 2134 1956 illud
2160 1913 2223 1956 nou

224 1986 297 2060 post
319 1976 438 2042 multos
460 1977 615 2042 circuitus
638 1979 735 2043 etiam
761 1999 826 2042 noa
845 1979 1030 2062 intelligent
1045 1978 1197 2044 exsilium
1251 1979 1346 2044 modo
1385 1977 1559 2056 afflictum,
1597 1976 1655 2042 scd
1689 1998 1821 2059 prorsus
1854 1977 2011 2042 excisum.
2067 1978 2230 2048 Restabat,

224 2085 294 2128 esse
333 2063 454 2129 iustam
488 2063 646 2128 scelerum
686 2084 835 2147 poenam.
891 2065 1065 2146 Accipiunt
1098 2065 1200 2147 igitur
1251 2067 1351 2148 igitur
1373 2084 1485 2130 semen
1507 2062 1598 2144 illud,
1622 2083 1738 2146 nempe
1760 2065 1835 2146 quia
1858 2063 1962 2128 tribus
1981 2063 2129 2128 lehudab
2153 2074 2225 2128 erat

224 2149 422 2232 generaliter
451 2162 515 2223 tv'tt
540 2134 603 2225 ubi,
638 2159 671 2214 ct
704 2151 868 2217 nescient:
910 2155 1001 2233 quasi
1039 2149 1200 2233 propheta
1251 2152 1344 2233 quasi
1371 2151 1433 2216 flos
1465 2150 1564 2214 totius
1587 2149 1707 2231 populi,
1737 2147 1824 2214 unde
1847 2161 1879 2212 et
1902 2149 1988 2214 salus
2013 2148 2125 2214 mnndi
2151 2171 2223 2232 pro·

223 2235 277 2300 bio
299 2237 470 2300 damnaret
486 2235 662 2301 belluinam
678 2237 767 2300 illam
785 2238 984 2314 caecitatem,
1007 2258 1090 2321 quae
1107 2256 1199 2301 occu·
1223 2180 1226 2319 d
1251 2239 1359 2301 ditare
1389 2245 1469 2301 erat.
1514 2235 1680 2317 Propheta
1708 2235 1810 2318 igitur
1834 2235 1887 2300 bic
1909 2234 2145 2318 quodammodo
2170 2258 2226 2300 ex·

223 2334 358 2405 paverat
392 2320 499 2403 pepuli
536 2323 678 2386 animos:
713 2323 778 2386 imo
812 2324 1031 2400 sacerdotum,
1066 2333 1103 2387 ut
1133 2342 1197 2386 non
1223 2328 1226 2359 ³
1250 2322 1391 2406 postulat
1427 2343 1500 2387 oum
1534 2321 1624 2385 Deo:
1663 2323 1752 2402 quasi
1791 2321 1928 2398 diceret,
1968 2321 2017 2386 'Iu
2055 2321 2115 2386 bac
2153 2321 2224 2404 lege

224 2413 417 2490 reputarent
447 2406 534 2490 apud
564 2429 598 2472 se
623 2408 728 2472 Deum
752 2429 872 2490 poenas
896 2411 1027 2491 exigere
1051 2407 1090 2472 de
1113 2408 1198 2490 ipso·
1250 2409 1376 2492 elegisti
1399 2408 1521 2473 tribum
1546 2407 1705 2481 lehudah,
1728 2418 1764 2471 ut
1786 2407 1878 2472 selva
1897 2419 2053 2489 perpetuo
2075 2422 2223 2472 mancat:

224 2514 297 2558 rum
332 2491 516 2559 sceleribus.
573 2494 638 2558 Alii
673 2493 853 2576 simplicius
885 2507 1070 2578 exponunt,
1112 2493 1197 2576 qnod
1252 2495 1407 2577 templum
1433 2495 1528 2558 etiam
1552 2493 1675 2558 iussisti
1698 2493 1825 2557 exstrui
1843 2493 1968 2557 nomini
1989 2505 2044 2558 tuo
2063 2494 2224 2560 inmonte

224 2580 408 2645 circuibunt
436 2581 475 2643 ad
507 2585 639 2658 terram,
670 2581 702 2644 id
732 2591 790 2659 eet,
821 2582 1012 2663 pervenient
1040 2581 1072 2644 in
1098 2579 1197 2644 Obal·
1252 2579 1347 2648 Sion:
1382 2579 1494 2645 dixisti
1525 2591 1688 2644 aeternam
1725 2580 1791 2644 lore
1822 2589 1912 2642 tuam
1942 2579 2101 2661 quietem:
2138 2599 2225 2644 nune

225 2667 337 2731 daeam
361 2685 420 2748 per
443 2666 562 2731 multas
584 2665 747 2750 ambages,
771 2676 805 2730 et
826 2687 884 2750 per
906 2667 1020 2750 longos
1042 2666 1197 2732 circuitus
1250 2668 1352 2752 igitur
1385 2686 1429 2732 eu
1460 2665 1631 2732 obiiciendo
1664 2665 1811 2730 abiiceres
1838 2663 1953 2730 tribum
1983 2664 2149 2730 Ieltudub?
2183 2685 2225 2729 au

224 2751 425 2835 pervenient,
448 2753 565 2834 inquit,
586 2750 627 2814 ad
651 2760 772 2817 terrem
795 2771 890 2833 quam
916 2754 1112 2829 nomimant,
1136 2753 1198 2817 hoc
1250 2754 1358 2818 anima
1397 2757 1453 2818 tua
1491 2751 1722 2817 obmitteretur
1761 2756 1892 2816 mentun
1927 2749 2030 2816 Sicu?
2084 2751 2225 2815 Videtur

224 2847 282 2915 cst,
313 2857 397 2920 quae
426 2837 488 2903 fuit
510 2836 573 2902 illis
599 2837 689 2919 prius
712 2839 887 2922 incognita.
933 2838 1000 2902 Sed
1024 2841 1132 2904 nescio
1155 2858 1195 2902 an
1251 2852 1359 2904 tamen
1391 2837 1524 2903 subesse
1554 2837 1660 2920 aliqua
1683 2836 1806 2901 ironiae
1828 2837 1968 2917 species:
2001 2858 2075 2900 nam
2100 2837 2159 2902 etsi
2183 2858 2224 2901 ex

224 2922 384 3006 propbeta
417 2923 478 2988 boc
503 2922 659 3006 velillud
683 2923 833 2989 voluerit.
879 2923 976 2989 Certe
999 2925 1197 2988 commodior
1250 2926 1360 2988 animo
1383 2935 1533 3007 precatus
1556 2923 1653 2988 luerit
1674 2921 1840 2999 Ieremias,
1867 2922 1971 2987 voluit
1994 2935 2102 2986 tamen
2127 2922 2225 2987 simul

223 3009 304 3074 mibi
336 3009 466 3073 videtur
496 3009 593 3074 tortia
623 3010 794 3092 expositio,
825 3029 909 3092 quae
937 3022 1046 3074 tamen
1071 3010 1195 3074 nullum
1250 3029 1383 3074 monere
1420 3009 1596 3092 populum,
1633 3028 1730 3090 quam
1769 3007 1868 3074 stulte
1901 3009 1961 3074 sibi
1995 3008 2224 3090 impunitatem

224 3096 321 3161 habet
343 3107 508 3159 autorem:
532 3115 659 3177 nempe,
685 3096 770 3177 quod
792 3098 964 3162 sacedotes
985 3102 1013 3161 et
1031 3096 1197 3180 prophatae
1250 3097 1458 3178 promitteret
1481 3115 1500 3158 a
1521 3094 1707 3174 sceleribus,
1738 3095 1890 3178 quoniam
1913 3092 2005 3160 Deus
2028 3094 2166 3158 habebat
2189 3093 2224 3158 in

222 3181 408 3258 struthea,
449 3180 510 3245 boo
548 3191 613 3259 est,
658 3190 817 3264 quaerent
856 3202 943 3246 vana
982 3181 1195 3264 subterfugia,
1251 3182 1372 3265 templo
1401 3203 1497 3247 suum
1527 3180 1735 3257 domicilium,
1764 3189 1797 3245 et
1823 3179 2002 3246 Ierusalem
2033 3189 2104 3244 erat
2133 3178 2225 3260 quasi

223 3269 378 3348 quoniam
408 3266 629 3330 destituentur
658 3267 745 3330 omni
777 3268 903 3332 ratione
933 3274 966 3330 et
991 3267 1139 3332 consilio:
1170 3272 1196 3330 et
1249 3268 1338 3332 illius
1372 3269 1470 3352 regia.
1527 3266 1662 3332 Certum
1696 3266 1828 3348 quidem
1867 3281 1916 3332 est
1947 3263 2137 3348 prophetem
2173 3265 2225 3330 bio

223 3354 363 3431 noscunt,
386 3352 448 3418 hoc
470 3362 530 3429 est,
561 3351 692 3416 tandem
716 3354 857 3418 sentient
878 3353 937 3419 sibi
961 3353 1102 3418 ablatam
1125 3372 1195 3417 esse
1250 3375 1422 3422 revocasse
1443 3355 1476 3418 in
1500 3353 1646 3418 animum
1665 3353 1726 3418 Dei
1750 3352 1996 3435 promissiones:
2020 3351 2075 3416 sed
2099 3351 2226 3415 interea

223 3447 365 3503 mentem
400 3438 573 3512 divinitus,
615 3439 769 3520 quoniam
806 3440 887 3504 alios
924 3439 1193 3504 dementaverint.
1250 3441 1355 3506 voluit
1379 3440 1521 3506 breviter
1543 3437 1725 3514 ostendere,
1749 3440 1848 3502 ctiam
1871 3439 1898 3502 si
1921 3438 1955 3502 in
1979 3438 2116 3519 speciem
2134 3437 2225 3501 Deus

223 3526 294 3607 Ego
327 3524 430 3607 igitur
457 3544 519 3588 non
552 3523 664 3588 dubito
695 3527 772 3608 quin
803 3525 964 3608 propbeta
992 3523 1196 3606 peculiariter
1249 3527 1401 3610 perderet
1429 3525 1584 3608 reliquias
1613 3523 1696 3602 illas,
1727 3536 1759 3588 et
1789 3523 1947 3606 templum
1978 3522 2125 3588 exscindi
2149 3542 2223 3602 per·

224 3609 308 3676 banc
327 3629 463 3693 poenam
488 3609 660 3675 denuntiet
676 3610 784 3694 impiis
804 3609 1035 3687 sacerdotibus,
1058 3619 1091 3676 et
1107 3610 1195 3675 salsis
1249 3615 1410 3691 mitteret,
1452 3623 1559 3675 tamen
1602 3609 1670 3674 fore
1707 3610 1741 3673 in
1776 3609 1845 3673 suis
1880 3609 2048 3690 promissis
2082 3606 2221 3672 fidelem.

222 3696 401 3780 prophetis,
431 3697 516 3778 qued
549 3697 710 3778 putabant
738 3697 798 3761 sibi
830 3699 896 3761 iere
919 3696 1047 3779 aliquod
1071 3697 1195 3766 subter·
1249 3701 1339 3782 Ergo
1372 3695 1457 3781 quod
1490 3695 1685 3760 admirative
1718 3697 1911 3780 interrogat,
1944 3695 2064 3776 partim
2098 3694 2131 3756 in
2161 3692 2223 3758 hoc

222 3783 357 3866 fugium,
380 3783 436 3848 sed
460 3782 631 3847 fallentur:
655 3784 731 3866 quie
754 3784 884 3846 tandem
909 3781 1121 3847 frustrabitur
1140 3801 1195 3848 ecs
1248 3805 1398 3850 sermone
1428 3782 1559 3865 respicit
1581 3781 1699 3858 Deum,
1731 3780 1849 3864 partim
1879 3799 1960 3844 vero
1989 3776 2142 3862 populum
2167 3777 2222 3842 ad·

221 3888 279 3933 sue
309 3868 428 3950 opinio,
458 3875 491 3931 et
522 3868 578 3932 ubi
601 3867 737 3933 hoc'vel
760 3868 841 3932 illud
865 3868 1073 3950 agitaverint,
1104 3867 1195 3933 Deus
1248 3881 1368 3950 monet,
1400 3871 1498 3934 etiam
1529 3870 1555 3931 ei
1579 3866 1672 3932 Deus
1702 3869 1802 3932 exitio
1831 3864 1939 3930 tradat
1961 3887 2077 3947 corpus
2100 3865 2222 3947 populi,

221 3955 254 4018 in
279 3953 418 4018 nihilum
448 3954 576 4036 rediget
598 3955 742 4036 ipsorum
766 3956 912 4018 astutias.
960 3954 1060 4038 Digni
1083 3963 1194 4018 autem
1249 3971 1357 4022 tamen
1382 3956 1450 4019 lore
1473 3954 1505 4018 in
1530 3953 1599 4018 suis
1622 3953 1788 4035 premissis
1812 3951 1939 4016 fidelem
1961 3963 1992 4014 et
2010 3961 2221 4017 constantem.

220 4041 357 4105 fuerunt
397 4039 458 4103 bac
497 4060 618 4122 poena,
659 4040 811 4121 quoniam
851 4040 1091 4106 fascinaverant
1128 4041 1195 4104 suis
1247 4043 1337 4108 Dicit
1359 4043 1470 4124 igitur,
1497 4039 1601 4121 Quare
1621 4059 1678 4105 uos
1693 4039 1891 4120 percussisti,
1914 4042 1942 4103 et
1963 4035 2052 4102 nulle
2074 4035 2221 4103 seriei-io?

221 4126 401 4190 mendaciis
440 4125 595 4190 miserum
636 4126 809 4209 populum:
850 4125 965 4191 deinde
1003 4127 1122 4190 scimus
1159 4133 1196 4189 ut
1247 4129 1321 4194 Non
1346 4127 1480 4192 dubium
1503 4133 1551 4190 est
1574 4127 1652 4207 quin
1676 4126 1773 4189 etiam
1799 4125 1859 4190 hoo
1881 4123 1952 4189 loco
1974 4123 2134 4206 propheta
2162 4122 2223 4189 bac

222 4210 444 4295 superbierint
473 4211 507 4273 in
536 4212 604 4274 suis
634 4213 770 4278 astutiis.
823 4211 963 4277 Deridet
992 4213 1094 4296 igitur
1120 4231 1194 4294 pro·
1249 4216 1374 4280 ratione
1396 4215 1528 4278 flectere
1550 4209 1658 4276 Deum
1684 4211 1761 4276 velit
1784 4210 1823 4274 ad
1848 4208 2120 4275 misericordiam:
2144 4228 2223 4291 quo·

221 4296 320 4379 pheta
349 4316 537 4380 perversam
569 4296 653 4362 banc
680 4297 920 4375 confidentiam,
955 4305 988 4362 et
1016 4297 1103 4375 dicit,
1134 4296 1197 4362 Illi
1248 4303 1336 4365 niam
1359 4300 1554 4384 promiserat
1573 4317 1608 4362 aa
1626 4298 1694 4361 fore
1710 4296 1899 4378 placabilem
1918 4295 2058 4377 posteris
2075 4293 2224 4378 Davidis,

220 4383 395 4449 circuibunt
421 4403 483 4464 per
514 4387 646 4463 ιινναηι,
678 4389 706 4448 et
734 4403 794 4448 nort
828 4384 1010 4467 intelligent,
1047 4385 1109 4450 boe
1138 4399 1197 4463 est,
1249 4388 1399 4470 quamvis
1427 4383 1593 4449 interdum
1624 4402 1745 4465 poenas
1775 4382 1815 4446 de
1844 4381 1972 4446 illorum
2000 4381 2141 4464 peccatis
2170 4402 2224 4444 su·

221 4469 365 4550 profectu
396 4469 553 4534 carebunt
582 4470 692 4533 omnia
722 4491 833 4535 eorum
861 4471 997 4536 consilia
1028 4490 1112 4553 quae
1141 4469 1194 4533 diu
1248 4483 1363 4538 meret.
1420 4473 1503 4535 Erat
1540 4470 1628 4533 enim
1666 4479 1745 4534 tunc
1777 4466 1913 4533 celebris
1953 4467 2144 4549 promissio:
2186 4464 2224 4530 Si

224 4554 403 4637 agitabunt.
449 4554 614 4636 Sequitur,
1249 4558 1448 4640 deliquerint
1473 4555 1534 4620 filii
1563 4558 1648 4634 eius,
1678 4564 1712 4618 et
1742 4553 1856 4618 lbedus
1885 4574 1994 4619 meum
2018 4552 2224 4630 violaverint,

684 4663 686 4666 ’
1249 4643 1429 4728 percutiam
1452 4663 1506 4708 eos
1530 4642 1633 4725 virga,
1656 4651 1690 4704 et
1710 4639 1876 4723 castigabo
1894 4641 2083 4722 iniquitates
2102 4657 2224 4716 eorum,

1249 4729 1504 4796 misericordiam
1534 4740 1642 4792 tamen
1675 4747 1780 4790 meam
1814 4745 1879 4790 non
1902 4726 2049 4791 auferam
2073 4730 2113 4788 ab
2135 4723 2223 4804 ipsis.

1249 4817 1322 4882 Hoc
1352 4814 1485 4880 consilio
1515 4813 1606 4896 prius
1638 4812 1734 4886 dixit,
1764 4831 1883 4894 nempe
1905 4833 1975 4894 cap.
2000 4811 2058 4876 10:
2090 4807 2226 4892 (instiga

1250 4923 1312 4982 me,
1343 4901 1494 4976 Domine,
1526 4898 1583 4963 sed
1613 4899 1647 4962 in
1671 4897 1799 4978 iudicio,
1829 4897 1862 4962 id
1889 4911 1950 4978 est,
1980 4896 2154 4973 moderate,
2186 4915 2226 4959 ne

1249 4991 1332 5054 forte
1365 4987 1398 5051 in
1434 4984 1574 5049 nibilum
1604 4985 1733 5067 redigas
1764 5003 1825 5049 me.
1875 4983 1947 5047 Illic
1978 4982 2122 5046 diximus
2153 5001 2226 5062 pre·

1252 5076 1382 5158 phetam
1417 5071 1555 5136 abiicere
1586 5070 1659 5138 Dec
1690 5071 1803 5135 foedus
1837 5089 1944 5135 suum.
2000 5067 2091 5132 Idem
2126 5069 2226 5132 ctiam

1252 5157 1414 5244 praesenti
1449 5157 1517 5220 loco
1550 5157 1684 5239 repetit:
1724 5155 1840 5236 Quare,
1874 5153 2002 5236 iuquit,
2037 5153 2227 5235 percussisti

1251 5264 1320 5327 noa,
1352 5248 1387 5308 ut
1414 5241 1504 5308 uuile
1532 5244 1574 5307 sit
1600 5242 1750 5308 sermio?
1782 5261 1857 5307 nam
1881 5260 1962 5322 quas
1986 5241 2077 5306 Deus
2105 5258 2227 5322 poenae

1252 5330 1404 5397 ccclesiae
1419 5349 1497 5394 suae
1513 5327 1643 5412 infligit,
1660 5327 1853 5412 pronuntiat
1868 5328 1935 5392 fore
1952 5326 2021 5393 loeo
2033 5324 2227 5392 medicinae:

1967 5429 2017 5483 13*

310 4775 358 4840 19.
381 4775 435 4842 Au
457 4775 628 4842 abiicienda
650 4776 791 4844 obiecisti
808 4779 978 4846 Ielrueleb?
1000 4801 1042 4845 aa
1063 4780 1099 4845 iu
1119 4777 1197 4845 Sion

222 4859 278 4946 (an
309 4859 405 4946 Sion,
435 4876 456 4930 n
481 4861 655 4950 redundat)
688 4863 869 4932 abominata
899 4873 943 4932 est
976 4867 1085 4932 auimo
1115 4865 1196 4932 tua?

221 4967 318 5028 quare
333 4949 522 5030 percussisti
543 4969 608 5030 uos,
637 4954 665 5015 et
687 4950 776 5015 uuile
795 4953 882 5017 uobis
907 4951 1046 5018 turdela?
1077 4972 1198 5035 suspee-

222 5033 315 5100 taude
338 5055 448 5116 paoem
479 5032 606 5118 (idest,
636 5038 898 5118 exspectavimus
920 5059 1031 5120 pacem
1069 5037 1198 5104 etuibil

222 5116 292 5184 beni
313 5118 391 5204 (vel,
416 5142 480 5185 non
504 5121 649 5207 bouum),
679 5127 706 5187 et
726 5127 847 5204 ternpus
867 5123 1001 5190 meddee
1040 5123 1125 5188 idem
1149 5132 1200 5189 est

223 5204 382 5291 verbum),
405 5210 433 5270 et
455 5225 518 5272 ecee
539 5213 648 5273 terren
