5134 6124
203 455 265 521 157
917 454 966 520 IN
988 453 1237 520 tusculani.
1283 453 1381 520 OAP.
1405 455 1504 520 XIII.
2145 459 2207 525 158

202 644 309 709 iusim
343 641 465 709 dictum
496 643 574 721 fuit,
609 665 696 710 nune
730 643 848 709 leviter
880 651 1010 706 tantum
1040 643 1178 724 attingo.
1231 638 1298 705 Sed
1321 643 1474 724 quoniam
1496 643 1656 726 putabant
1676 643 1740 708 sibi
1757 643 2014 728 inexpugnabile
2037 666 2108 712 esse
2125 647 2206 712 illud

202 730 364 796 Videmus
407 732 519 814 itaque
560 730 665 795 Deum
702 730 822 795 minari
862 729 1012 793 ultimam
1053 725 1178 793 cladem
1232 726 1440 808 praesidium,
1471 728 1632 811 propheta
1660 729 1778 793 iterum
1808 733 1926 813 repetit
1956 732 2055 798 luisse
2077 733 2207 815 quidem

202 815 331 899 populo,
361 817 439 898 quia
468 835 532 881 non
564 815 758 881 sustinuerit
784 815 891 881 doceri
915 834 973 896 per
995 811 1179 896 prophetas.
1230 823 1363 876 ornatos
1392 812 1613 898 singularibus
1644 814 1746 895 donis,
1776 815 1833 880 sed
1864 817 1940 898 quia
1967 836 2034 882 non
2057 819 2208 883 steterint

204 901 325 967 Pontes
346 899 505 986 adiungit,
541 901 629 982 anai
656 899 885 976 ambrdaveriai
899 905 973 981 poti
989 897 1180 980 pravitatem
1231 897 1266 960 in
1294 897 1374 981 fide,
1408 899 1480 964 ideo
1509 900 1597 1049 ipsm
1625 899 1802 984 spoliatum
1832 901 1882 965 iri.
1930 902 2019 968 Dicit
2049 924 2127 968 vero
2149 923 2207 987 per

203 985 306 1052 cordis
320 987 390 1066 real,
413 992 440 1051 et
460 985 689 1053 ambulaverint
705 991 780 1067 post
800 987 872 1052 deoc
894 985 1021 1052 alanos.
1064 985 1180 1048 PrIore
1231 985 1480 1063 concessionem,
1538 985 1613 1050 lauti
1642 984 2112 1054 atrocissimorum
2132 991 2208 1069 oiri,

203 1071 273 1136 looo
314 1073 525 1156 conqueritur
564 1075 653 1155 ipsos
689 1073 736 1136 ita
770 1071 870 1136 luisse
909 1073 1110 1156 praefractos
1143 1082 1180 1134 ut
1231 1070 1277 1134 sic
1307 1072 1401 1136 etiam
1428 1072 1565 1136 adamat
1596 1071 1676 1135 mitt
1704 1075 1798 1136 lolam
1825 1073 1952 1138 &mam
1978 1073 2096 1150 Imcel,
2131 1077 2207 1157 quio

203 1157 383 1222 maluerint
410 1157 519 1241 impiis
547 1160 614 1224 suis
644 1156 876 1240 cupiditatibus
908 1176 1032 1221 morem
1067 1173 1181 1238 gerere
1231 1153 1372 1239 largitur
1410 1157 1495 1239 quod
1533 1155 1766 1222 obtendebant:
1804 1157 1860 1224 sed
1894 1159 2020 1226 interea
2053 1158 2208 1226 admonet

204 1262 303 1325 quam
336 1243 407 1326 regi
439 1243 533 1310 bonta
559 1253 593 1309 et
621 1242 820 1310 salutaribus
847 1242 1000 1308 consiliis.
1052 1241 1180 1306 Verum
1231 1240 1304 1305 illos
1338 1255 1470 1326 turgere
1503 1249 1601 1308 vento
1633 1241 1808 1322 duntaxat,
1841 1245 1997 1326 quonism
2031 1266 2069 1310 eo
2099 1248 2207 1312 minus

203 1347 335 1394 necesse
364 1329 426 1394 init
455 1330 595 1414 speciem
625 1330 732 1413 ipsam
760 1328 908 1394 oriminis
939 1327 1089 1411 exprimi.
1142 1325 1180 1390 Si
1233 1325 1411 1392 tolerabilis
1443 1329 1486 1393 sit
1518 1327 1646 1392 illorum
1676 1329 1842 1411 impietas,
1875 1330 1961 1413 quod
1993 1341 2060 1395 tam
2083 1333 2205 1415 ingrati

206 1415 293 1478 anim
317 1424 446 1479 tantum
470 1416 509 1480 de
530 1416 662 1480 illorum
686 1415 805 1479 duritie
827 1414 983 1496 loquutus
1005 1423 1092 1478 esset
1109 1433 1181 1496 pro·
1231 1410 1357 1476 fuerint
1387 1414 1468 1477 Deo.
1519 1413 1608 1494 Quid
1641 1413 1728 1478 enim
1759 1416 1898 1499 turpius,
1931 1417 1982 1482 vel
2011 1417 2122 1482 minus
2148 1437 2206 1481 ex·

203 1499 319 1582 pheta,
350 1499 417 1565 illis
446 1503 480 1564 in
510 1509 662 1584 promptu
693 1501 835 1566 luissent
863 1500 1089 1582 exceptiones:
1123 1499 1179 1562 sed
1232 1495 1374 1563 curabile
1396 1519 1494 1581 quam
1517 1497 1572 1563 nbi
1588 1498 1680 1564 Deus
1701 1499 1774 1564 illos
1796 1511 1888 1565 tanto
1911 1502 2035 1567 honore
2051 1503 2205 1586 dignatas

204 1584 259 1649 ubi
293 1585 372 1651 dicit
398 1586 577 1652 ambulasse
599 1592 674 1668 post
702 1587 775 1653 deoc
795 1586 932 1665 alienos,
965 1585 1059 1649 nulla
1080 1585 1179 1667 tergi-
1232 1593 1327 1660 esset,
1358 1585 1445 1666 ipsos
1476 1605 1630 1667 respuere
1659 1585 1730 1649 eius
1751 1584 2004 1652 literalitatem?
2048 1588 2206 1654 Concedit

204 1671 346 1736 versatio
374 1671 516 1754 amplius
537 1673 644 1738 locum
667 1671 775 1737 habet.
819 1671 966 1736 Verbum
991 1668 1180 1734 ambulandi
1231 1668 1333 1751 igitur
1359 1671 1425 1736 illis
1447 1690 1512 1735 uno
1534 1669 1634 1737 verbo
1657 1670 1814 1735 Ieremias
1835 1673 1919 1755 quod
1943 1675 2082 1758 superbe
2104 1675 2206 1740 iacta·

203 1757 336 1838 respicit
367 1756 408 1822 ad
440 1757 546 1823 viam:
575 1768 625 1824 est
653 1759 741 1823 euim
771 1759 805 1822 in
828 1757 890 1823 hoo
913 1757 1107 1840 metaphora
1129 1775 1179 1820 re·
1232 1755 1319 1830 bant,
1349 1755 1406 1820 sed
1435 1765 1602 1838 retorquet
1631 1755 1665 1819 in
1695 1757 1841 1838 ipsorum
1863 1759 1979 1841 capita,
2010 1769 2042 1824 et
2064 1759 2206 1826 ostendit

203 1840 298 1905 latio:
328 1861 395 1906 non
425 1845 513 1908 enim
542 1844 649 1910 solont
678 1844 827 1909 hominos
857 1863 989 1908 currere
1018 1841 1099 1924 quin
1123 1839 1180 1904 ali·
1231 1838 1347 1922 dignos
1369 1861 1440 1906 esse
1462 1842 1615 1926 graviore
1634 1842 1782 1921 interitu,
1806 1844 1958 1925 quoniam
1983 1855 2030 1909 tot
2048 1845 2205 1911 beneficia

203 1945 360 2008 quorsum
383 1928 528 1994 tendant.
562 1929 703 1996 Necesse
724 1928 827 2012 igitur
848 1936 898 1994 ent
916 1929 1018 1993 finem
1037 1927 1178 2010 aliquem
1230 1924 1295 1990 Dei
1317 1929 1511 2009 respuerint.
1556 1926 1639 1992 Heri
1664 1937 1774 1991 autem
1799 1929 1942 1994 diximus
1964 1930 2041 1996 alibi
2064 1931 2205 1996 conferri

203 2032 275 2078 osse
308 2013 526 2096 propositum,
560 2016 615 2081 ubi
649 2035 709 2080 nos
741 2017 775 2079 iu
804 2015 891 2080 viam
926 2015 1051 2079 damus.
1107 2012 1178 2076 Iam
1231 2012 1387 2095 populum
1418 2033 1557 2080 coronae
1579 2025 1612 2077 et
1634 2011 1821 2092 diademati,
1851 2016 1946 2097 qnasi
1969 2015 2090 2081 diceret
2111 2016 2204 2081 Deus

203 2099 317 2163 subest
338 2100 528 2165 antithesis:
550 2101 636 2184 quod
654 2100 779 2166 scilicet
794 2101 931 2184 populas
946 2099 1179 2183 contempserit
1231 2098 1314 2162 nihil
1347 2100 1408 2164 sibi
1443 2101 1548 2182 magis
1581 2099 1761 2183 pretiosum
1795 2100 1895 2164 fuisse
1926 2099 2081 2166 Abrahae
2116 2101 2201 2167 filiis.

202 2184 291 2248 riam
322 2185 383 2250 sibi
412 2183 572 2252 divinitus
594 2196 821 2264 monstratam,
850 2196 883 2250 et
911 2185 1066 2250 maluerit
1085 2184 1179 2266 sequi
1230 2181 1296 2248 Sed
1320 2183 1393 2248 aliis
1409 2185 1516 2250 verbis
1536 2205 1623 2250 nuno
1639 2184 1726 2248 idem
1745 2186 1957 2267 exprimitur:
1980 2187 2065 2270 quod
2081 2187 2204 2253 stillost

202 2289 331 2335 errores
360 2291 446 2337 suos.
491 2270 585 2338 Dens
613 2283 748 2355 paratus
776 2281 847 2338 erat
869 2271 1009 2336 Iudaeos
1035 2269 1178 2352 dirigere
1229 2288 1284 2332 eos
1312 2273 1478 2352 aptaverit
1506 2270 1567 2336 sibi
1596 2271 1701 2335 instar
1723 2270 1855 2354 singuli,
1886 2277 1921 2336 ul
1942 2277 2049 2356 esseni,
2084 2273 2203 2356 inquit,

203 2354 276 2439 lege
298 2376 366 2434 sun,
390 2357 446 2422 sed
469 2356 667 2433 maluerunt,
690 2358 962 2441 quemadmodum
987 2357 1065 2432 dixi,
1089 2357 1179 2421 velut
1228 2355 1308 2418 mitt
1336 2357 1372 2420 ia
1396 2356 1557 2438 papalum
1600 2355 1694 2421 Haeo
1715 2355 1781 2420 iam
1804 2365 1875 2420 erat
1898 2377 2018 2443 magna
2041 2357 2203 2442 dignatio:

203 2438 280 2506 data
301 2461 401 2524 opera
424 2463 458 2506 se
481 2443 638 2526 prolicere
660 2443 693 2508 in
717 2463 853 2508 errores.
894 2442 985 2507 Dicit
1002 2441 1178 2507 ambolasse
1228 2441 1285 2505 sed
1307 2440 1391 2523 quod
1414 2443 1563 2525 sequitur
1582 2443 1687 2525 magis
1709 2441 1857 2506 sxoellit:
1890 2442 1930 2509 Ui
1950 2449 2051 2510 anat
2071 2443 2150 2508 mitt
2168 2443 2204 2508 ia

198 2531 270 2608 posi
296 2527 369 2593 deos
397 2527 523 2607 athnoe,
552 2533 587 2592 ut
611 2529 760 2594 sarciret
784 2527 859 2604 illis,
890 2533 919 2592 ct
935 2547 1039 2594 emam
1055 2527 1123 2592 illis
1144 2546 1178 2591 se
1228 2545 1345 2602 amaea,
1375 2527 1497 2610 inquit:
1531 2526 1593 2593 hoo
1622 2536 1680 2603 est,
1711 2537 1749 2591 nt
1777 2527 1865 2592 inter
1893 2529 1982 2612 ipsos
2004 2529 2202 2597 celebraret:

196 2615 444 2692 proclamarent:
465 2634 540 2679 nam
563 2615 626 2680 hoo
648 2615 811 2698 significat
829 2613 1009 2680 secundum
1029 2615 1175 2678 verbum.
1227 2611 1500 2693 quemadmodum
1540 2613 1646 2678 voluit
1689 2634 1724 2679 se
1764 2615 1873 2680 vocari
1912 2615 2021 2682 Deum
2061 2615 2203 2682 Israelis.

201 2695 277 2760 Non
307 2697 439 2764 dubium
462 2709 511 2765 est
533 2700 612 2783 quin
636 2699 722 2765 idem
746 2708 873 2783 repetat
902 2699 1077 2782 propheta:
1107 2717 1175 2763 ser·
1228 2696 1317 2777 Quid
1350 2699 1455 2764 simile
1487 2699 1575 2763 inter
1608 2699 1725 2766 Deum,
1750 2705 1784 2764 ot
1817 2700 1991 2766 homines?
2026 2707 2061 2767 et
2093 2713 2202 2766 tamon

201 2784 273 2848 vire
305 2785 392 2848 enim
423 2805 489 2850 non
519 2795 723 2852 est'tantum
747 2805 875 2870 parere,
907 2784 964 2851 sed
988 2785 1029 2849 nd
1051 2784 1174 2850 cultum
1228 2784 1320 2865 quasi
1354 2784 1567 2850 descenderet
1599 2806 1617 2848 e
1646 2785 1780 2851 coelesti
1814 2807 1874 2852 sua
1906 2787 2025 2870 gloria,
2060 2789 2106 2852 ita
2139 2789 2202 2853 sibi

201 2868 349 2935 refertur.
394 2870 439 2935 Et
469 2871 663 2937 binoctium
687 2871 846 2937 refellitur
869 2871 1011 2936 stultitia
1033 2870 1174 2952 papista·
1229 2869 1377 2934 devinxit
1408 2891 1513 2953 genus
1542 2869 1712 2949 Abrahae,
1745 2875 1783 2935 nt
1815 2878 1928 2936 mutuo
1956 2875 2053 2936 etiam
2083 2895 2118 2937 se
2147 2872 2201 2936 ob·

200 2973 289 3032 rum,
324 2956 380 3038 qui
412 2977 478 3022 non
513 2963 631 3040 putant
664 2955 785 3021 duliam
817 2975 964 3041 pugnare
992 2975 1066 3022 oum
1097 2974 1175 3021 vera
1228 2955 1414 3037 stringeret.
1459 2955 1541 3020 Fuit
1567 2955 1671 3040 igitur
1693 2956 1785 3037 quasi
1809 2957 2047 3024 coniunctionis
2069 2968 2201 3022 mutuae

200 3040 367 3124 religione.
414 3042 539 3108 Dicunt
560 3043 670 3108 deberi
689 3044 747 3107 uni
771 3042 843 3107 Deo
864 3043 1004 3126 latriam,
1032 3041 1094 3106 boo
1115 3047 1174 3124 est,
1229 3039 1395 3104 vinculum
1428 3040 1485 3106 ills
1505 3039 1571 3104 Dei
1600 3040 1731 3118 electio,
1764 3050 1802 3105 ut
1829 3041 1972 3107 nolleta
2000 3043 2121 3127 populo
2150 3064 2200 3108 se·

200 3125 343 3192 cultum:
382 3127 438 3193 sed
470 3128 594 3193 duliam
632 3129 836 3194 transierunt
866 3129 908 3193 ad
942 3126 1092 3211 angelos,
1133 3127 1174 3192 ad
1227 3126 1346 3208 parari.
1398 3124 1477 3191 Ideo
1507 3125 1587 3190 dicit
1614 3146 1648 3191 sc
1672 3126 1747 3192 illos
1774 3126 1821 3191 ila
1848 3127 1910 3192 sihi
1931 3129 2134 3205 adiunxisse,
2167 3133 2203 3194 at

201 3220 336 3296 statuas,
360 3214 414 3277 vel
436 3212 476 3277 ed
499 3214 648 3279 homines
665 3223 821 3280 mortuos.
856 3213 959 3294 Quasi
980 3233 1057 3278 vero
1073 3212 1173 3290 Deus,
1227 3215 1328 3276 essent
1348 3212 1384 3276 in
1405 3231 1522 3290 nemea
1545 3211 1662 3277 deinde
1683 3211 1719 3277 ia
1741 3212 1873 3295 laudem
1903 3213 2023 3298 inquit,
2051 3216 2201 3282 eidccaa

199 3295 255 3362 ubi
290 3307 404 3364 contra
436 3300 689 3382 superstitiones
720 3300 902 3376 invehitur,
937 3320 1002 3364 nou
1035 3298 1174 3363 subinde
1227 3296 1436 3380 Quamquam
1468 3297 1580 3363 eodem
1613 3299 1781 3381 portinent
1814 3299 1937 3379 omnia,
1971 3320 2035 3364 uon
2064 3300 2201 3366 dubium

200 3393 337 3467 usurpet
377 3383 438 3450 hoo
471 3385 607 3451 verbum
642 3398 717 3461 uzu.
772 3384 931 3468 Sequitur
963 3405 1041 3468 ergo
1075 3384 1175 3449 nimis
1227 3392 1339 3448 tamen
1362 3393 1421 3463 est,
1444 3385 1523 3466 quin
1547 3383 1628 3450 haec
1651 3385 1819 3468 congeries
1835 3383 2012 3449 verborum
2028 3384 2200 3470 adampli-

199 3467 355 3535 ridioulos
388 3489 459 3536 esse
491 3473 547 3554 qui
581 3471 742 3553 duplicem
777 3470 900 3537 cultum
935 3469 996 3535 sibi
1025 3471 1173 3554 fingunt:
1225 3468 1409 3534 ficationem
1439 3469 1545 3552 posita
1572 3471 1624 3535 sit.
1670 3469 1785 3534 Voluit
1817 3489 1894 3552 ergo
1916 3469 2007 3535 Dens
2036 3472 2141 3554 magis
2162 3492 2200 3537 nc

198 3573 318 3633 unum,
352 3556 408 3637 qui
439 3555 511 3622 Deo
537 3557 582 3622 sit
609 3557 794 3639 peculiaris,
827 3556 966 3621 alterum
999 3575 1085 3635 vero,
1118 3555 1174 3639 qui
1226 3556 1330 3638 magis
1359 3556 1483 3621 crimen
1512 3555 1622 3637 populi
1651 3574 1860 3638 exaggerare,
1891 3575 1993 3638 quum
2021 3555 2143 3621 diceret
2164 3577 2200 3622 se

199 3643 382 3706 communis
403 3642 446 3706 sit
467 3653 533 3709 tam
557 3643 684 3728 augelis
706 3661 804 3724 quom
829 3641 1014 3708 bominibus
1036 3650 1069 3707 et
1091 3662 1175 3707 mor·
1225 3648 1355 3706 tentum
1386 3640 1541 3706 detulisse
1565 3641 1639 3705 huic
1661 3641 1789 3723 populo,
1822 3651 1859 3705 ut
1880 3640 1947 3706 illic
1969 3641 2199 3722 oelebraretnr,

199 3725 264 3791 tuis
286 3725 391 3792 idolis.
427 3729 590 3794 Tenemus
612 3729 715 3812 igitur
736 3747 898 3793 summam
920 3728 1021 3794 huius
1043 3748 1172 3794 versus:
1225 3737 1263 3792 nt
1283 3726 1351 3791 illio
1369 3725 1527 3792 resideret
1541 3725 1614 3789 laus
1629 3746 1697 3804 sua,
1720 3737 1754 3791 et
1772 3725 1870 3792 decus
1887 3747 1993 3791 suum.
2028 3727 2200 3794 Postremo

198 3809 271 3876 ideo
303 3812 404 3877 infert
435 3814 593 3898 propheta
626 3813 750 3878 similes
778 3813 846 3878 loro
874 3813 1015 3880 Iudaeos
1044 3812 1175 3879 baltheo
1225 3811 1384 3897 adiungit,
1408 3809 1481 3877 Noa
1510 3811 1686 3877 audiemat.
1731 3809 1769 3878 Si
1792 3812 1883 3877 Deus
1905 3812 2094 3878 mandasset
2114 3813 2200 3896 qaod

199 3896 318 3979 inutili,
341 3898 403 3964 hoo
425 3909 484 3981 est,
507 3893 701 3983 putrefacto.
744 3899 864 3964 Postea
886 3900 1043 3982 sequitur,
1226 3898 1297 3962 iure
1320 3907 1457 3980 poteret,
1479 3897 1543 3962 iam
1561 3896 1677 3962 fuisset
1691 3896 1921 3965 inexcusabilis
1937 3897 2048 3980 populi
2063 3899 2216 3978 malitia,

1226 4003 1292 4048 nou
1323 4004 1437 4068 parare
1466 3982 1621 4064 imperio:
1651 3982 1707 4047 sed
1736 4001 1838 4064 quum
1866 3990 1934 4047 tem
1963 3983 2142 4049 liberaliter
2164 4004 2200 4049 se

287 4120 337 4186 11.
364 4121 446 4200 (iltis
462 4123 542 4188 aaa
556 4121 704 4189 adhaeret
719 4119 859 4188 bodicus
881 4121 957 4205 (vol,
983 4119 1175 4188 coniunctus
1225 4078 1344 4219 {gumi
1362 4076 1407 4168 pt
1435 4087 1495 4166 ΨΒ
1518 4069 1635 4167 mia·
1659 4067 1801 4168 ‘'ff-⁰3³⁰&
1834 4088 1934 4149 quam
1956 4069 2069 4134 foedoe
2091 4078 2124 4134 et
2145 4069 2202 4135 ἅθ’

1261 4153 1388 4220 stabulis
1420 4153 1485 4218 furt
1516 4153 1773 4238 ingratitudinis,
1806 4161 1854 4217 tot
1876 4163 1909 4219 et
1937 4163 2005 4220 tam
2035 4155 2203 4237 praeclara

200 4204 262 4292 θεὲ)
292 4205 420 4272 'emim
449 4208 529 4290 ”mr
563 4209 609 4273 ⁸5⁶
630 4209 857 4275 mmmmm
878 4207 958 4273 mihi
981 4206 1063 4292 (Μ’
1097 4228 1173 4273 ⁰⁰¹²·
1226 4239 1314 4305 dona
1352 4235 1528 4323 respuere?
1587 4239 1747 4304 Videmus
1787 4259 1864 4322 ergo
1905 4239 1959 4305 hic
1998 4239 2125 4305 obstrui
2165 4262 2201 4307 os

199 4287 701 4378 iunxi)'totamdomma1srcel,
723 4299 865 4360 ettotam
882 4293 1006 4360 mmam
1022 4291 1175 4372 Ielaadab,
1226 4325 1373 4404 Iudaeis,
1405 4346 1447 4389 „0
1479 4324 1688 4407 expostulent
1719 4344 1792 4390 oum
1827 4323 1899 4388 Deo
1932 4325 1986 4390 vol
2021 4337 2202 4408 querantur

199 4377 274 4442 dim
295 4376 440 4457 Iemah’
469 4383 505 4442 ¹⁴⁸
526 4383 602 4442 etad
622 4379 702 4443 ''¹⁸7⁶''
723 4379 757 4443 in
777 4381 929 4461 dmum
951 4385 979 4443 εἰ
1000 4379 1034 4442 ⁵⁹²
1056 4399 1173 4456 'mn'
1225 4413 1332 4495 ipsum
1357 4411 1454 4475 nimis
1476 4408 1617 4494 rigidum
1641 4430 1721 4486 esse,
1744 4411 1897 4492 quoniam
1918 4411 2016 4476 nimis
2031 4411 2115 4477 iram
2130 4413 2201 4478 eius

1225 4508 1500 4582 provocaverant:
1531 4517 1595 4560 uon
1623 4504 1752 4560 tantum
1782 4496 1868 4578 quod
1892 4498 2064 4562 reiicersnt
2085 4498 2199 4580 iugum

1226 4585 1311 4667 eius,
1351 4581 1407 4646 sed
1448 4580 1532 4663 quod
1573 4595 1766 4664 respuerent
1806 4583 1931 4647 oblatas
1971 4583 2032 4648 sibi
2067 4584 2199 4666 gratias.

286 4667 467 4732 Confirmat
496 4669 580 4751 qnod
610 4670 675 4732 iam
699 4669 770 4733 heri
793 4667 946 4748 vidimus,
975 4689 1093 4754 nempe
1115 4669 1172 4733 Iu·
1226 4669 1392 4751 Sequitur,

199 4751 296 4818 dacos
318 4753 418 4817 stulte
440 4754 501 4819 sibi
523 4755 693 4830 confidere,
716 4764 748 4819 et
770 4755 962 4839 promittere
979 4765 1170 4838 perpetuam

196 4836 398 4916 felicitatem,
433 4841 508 4922 quia
537 4840 638 4905 semel
660 4839 750 4905 Deus
780 4841 852 4906 illos
886 4840 948 4904 sibi
971 4841 1114 4923 elegerat
1135 4843 1170 4904 in
1311 4839 1361 4903 12.
1385 4838 1481 4904 Dices
1499 4839 1595 4903 dmin
1615 4837 1681 4904 tilia
1703 4837 1778 4923 (hoc
1801 4843 1851 4904 est
1872 4835 2096 4922 annuntiabis)
2118 4836 2200 4903 banc

195 4923 364 5006 populum.
414 4925 546 4991 Fuisset
575 4925 704 5009 quidem
736 4924 816 4992 haec
844 4926 995 5009 gloriatio
1016 4927 1113 4991 firma
1135 4926 1170 4991 in
1222 4944 1408 5002 sermm,
1449 4923 1502 4989 tta
1533 4925 1610 4989 dicit
1642 4923 1778 4989 Iehovala
1810 4923 1900 4989 Deae
1932 4923 2052 5001 Israel,
2089 4921 2199 4988 Omnis

196 5021 392 5093 perpetuum
420 5013 484 5075 nisi
514 5011 611 5076 fidem
643 5011 835 5076 violassent:
865 5012 921 5076 sed
944 5012 1090 5092 ipsorum
1114 5012 1170 5075 de·
1220 5011 1331 5094 ¹lapara
1362 5009 1430 5096 (alii
1461 5015 1615 5089 vertunt,
1651 5020 1773 5074 utrem:
1806 5009 1862 5075 sed
1894 5009 1954 5074 hoc
1981 5009 2050 5074 loco
2079 5029 2197 5092 parum

196 5097 294 5162 iectio
317 5097 446 5160 irritum
469 5097 548 5162 iecit
571 5098 632 5162 Dei
666 5095 790 5176 foedus,
825 5097 931 5180 quoad
954 5098 1050 5180 ipsos.
1096 5098 1169 5162 Etsi
1221 5098 1375 5174 interest,
1415 5096 1522 5160 omnis
1562 5115 1640 5180 argo
1674 5095 1804 5180 lagena)
1837 5094 2014 5178 imputatur
2045 5094 2131 5160 cino:
2170 5099 2198 5158 ei

196 5183 284 5245 onim
315 5181 409 5245 Deus
443 5203 611 5264 nunquam
645 5203 760 5265 passus
792 5193 842 5246 est
874 5180 971 5246 fidem
995 5203 1087 5246 suam
1111 5203 1168 5246 ex·
1220 5183 1323 5248 dicent
1350 5179 1422 5256 tibi,
1456 5181 1571 5246 Αηηοη
1591 5182 1714 5247 emendo
1737 5181 1855 5246 samus
1887 5179 1962 5265 (boo
1985 5187 2043 5260 est,
2074 5200 2115 5243 an
2140 5201 2196 5243 ne-

196 5265 317 5346 cidere,
353 5265 531 5348 quamlibet
558 5269 605 5331 illi
635 5269 809 5334 mendaces
838 5276 946 5333 essent
976 5289 1014 5332 ao
1043 5267 1169 5349 perfidi,
1220 5266 1352 5332 sciendo
1382 5286 1448 5332 non
1483 5265 1632 5352 scimus),
1670 5267 1751 5348 qaod
1785 5266 1886 5331 mania
1918 5265 2028 5350 lagena
2060 5264 2197 5348 implebi-

195 5354 279 5418 nihil
304 5363 413 5418 tamen
437 5353 501 5418 illis
523 5355 647 5437 proluit
670 5354 800 5438 adoptio
822 5375 842 5417 a
864 5375 929 5436 qua
951 5353 1167 5419 desciverant.
1219 5359 1273 5418 tar
1293 5352 1390 5418 aino?

199 4463 284 4528 etia
304 4463 437 4546 uadem,
460 4469 489 4529 et
509 4464 544 4528 ia
565 4461 673 4528 decas:
695 4470 722 4529 et
743 4485 804 4530 aaa
822 4465 1000 4531 satiatura.
