5158 6124
379 415 443 482 371
1197 417 1584 484 PRADDDOTIONES
2314 419 2370 486 att

468 603 595 669 Iterum
615 602 747 668 iubetur
764 603 925 686 propheta
942 623 1053 686 regem
1072 603 1216 688 aggredi,
1236 612 1270 668 et
1292 605 1362 670 eius
1414 626 1479 671 non
1503 613 1630 688 poterat
1651 605 1747 670 aliter
1762 603 1899 686 exsequi
1915 623 2034 668 munus
2050 623 2155 680 suum,
2179 603 2254 685 quin
2275 623 2369 671 assur·

383 689 605 756 consiliarios:
635 707 723 770 quan
745 707 820 754 uam
844 688 1029 754 exhortatio
1052 687 1094 756 ad
1124 697 1231 754 totum
1258 709 1362 772 popu·
1414 699 1507 774 geret
1521 711 1620 773 supra
1641 711 1752 774 regem
1770 691 1888 772 ipsum,
1912 705 1944 754 et
1960 697 2061 754 totam
2077 691 2253 770 potentiam
2271 691 2369 773 ipsius.

381 773 453 840 lum
477 773 678 840 extenditur.
723 709 789 840 god
813 776 957 857 oportuit
979 796 998 838 a
1020 776 1126 857 capite
1146 777 1301 857 incipere,
1324 784 1363 840 ut
1413 775 1505 841 Dicit
1528 789 1635 842 autem
1659 775 1883 860 repensedere
1903 774 2132 854 supersedium
2148 773 2292 855 Doridis,
2313 797 2370 841 non

384 859 508 926 seirent
528 859 648 942 plebeii
670 858 821 925 homines
843 870 877 925 at
899 858 1035 936 obscuri,
1064 879 1129 924 non
1153 861 1292 942 amplius
1314 861 1362 926 lu·
1414 859 1547 927 honoris
1570 880 1676 938 causa,
1700 871 1738 926 ut
1761 869 1838 927 ante
1861 861 1969 942 attigi:
1999 859 2055 924 sed
2076 860 2183 942 potius
2205 869 2241 924 nt
2260 864 2371 926 crimen

383 944 528 1010 dendum
550 965 631 1020 esse,
654 965 753 1028 quum
777 966 819 1010 ne
841 945 911 1028 regi
930 945 1062 1028 quidem
1080 945 1143 1028 ipsi
1161 955 1195 1012 et
1212 946 1361 1012 consilia·
1414 949 1501 1030 regis
1523 957 1710 1031 exaggeret,
1738 945 1823 1028 quod
1838 944 1970 1012 ’scilicet
1991 951 2127 1028 occupet
2148 963 2270 1010 sacram
2292 946 2370 1010 illam

386 1030 444 1096 riis
467 1029 561 1096 Dens
583 1040 748 1114 parceret:
771 1029 845 1112 plus
869 1031 955 1096 enim
975 1030 1108 1096 terroris
1127 1033 1284 1097 incutitur
1305 1032 1361 1096 ho·
1415 1034 1524 1098 sedem
1546 1052 1611 1114 qua
1633 1032 1709 1116 plus
1732 1051 1829 1114 quam
1852 1041 1923 1096 erat
1943 1029 2108 1114 indignus.
2144 1031 2229 1095 Nam
2252 1031 2309 1095 etsi
2330 1031 2372 1096 di·

388 1115 533 1182 minibus
555 1115 726 1200 gregariis,
756 1136 856 1196 quum
880 1115 994 1182 vident
1021 1118 1126 1200 ipsam
1155 1116 1360 1182 altitudinem
1414 1117 1695 1202 oitnr(Psal.82,
1721 1115 1753 1202 1)
1780 1116 1893 1184 sedere
1919 1115 2011 1182 Deus
2040 1118 2075 1182 in
2105 1114 2211 1181 modio
2238 1115 2370 1194 deorum,

387 1201 561 1284 prosterni.
606 1203 698 1285 Ergo
728 1209 765 1266 nt
793 1201 874 1266 haee
903 1202 1049 1268 doctrina
1078 1203 1240 1268 elfioaoius
1268 1223 1362 1285 pene·
1414 1204 1567 1285 qnoniam
1592 1204 1781 1286 peripsum
1812 1222 1906 1286 reges
1936 1207 2093 1286 regnant:
2127 1202 2247 1266 seimus
2275 1212 2372 1266 tamen

382 1294 490 1352 traret
501 1287 535 1351 in
547 1287 675 1353 animos
689 1286 847 1364 omnium,
860 1286 992 1353 iubetur
1007 1287 1167 1370 propheta
1178 1308 1360 1354 sermonem
1415 1290 1533 1354 solium
1567 1289 1707 1354 Desidia
1739 1288 1838 1354 luisse
1876 1287 1949 1353 aliis
1981 1288 2132 1353 omnibns
2164 1285 2373 1364 excellentius,

386 1372 529 1457 dirigere
551 1371 721 1456 adipsum
744 1391 855 1456 regem
874 1381 907 1438 et
922 1373 993 1438 eius
1008 1373 1226 1439 consiliarios:
1250 1382 1362 1456 postea
1414 1376 1489 1456 quia
1512 1383 1582 1439 erat
1604 1394 1742 1457 regnum
1770 1371 1853 1440 illud
1881 1371 2088 1452 sacerdotale,
2117 1381 2150 1437 at
2180 1381 2250 1437 erat
2276 1374 2373 1454 imago

384 1456 528 1526 secundo
549 1457 619 1522 loco
642 1458 772 1523 iubetur
795 1460 892 1522 etium
915 1458 1085 1541 complecti
1116 1468 1220 1524 totum
1250 1458 1361 1541 populi
1414 1461 1563 1526 coelestis
1586 1459 1689 1542 regni,
1712 1459 1797 1542 quod
1818 1466 1932 1543 postea
1953 1459 1989 1522 in
2011 1458 2144 1524 Christo
2173 1457 2273 1522 solide
2294 1467 2373 1539 pate·

385 1564 514 1627 corpus.
568 1544 658 1609 Hine
686 1552 795 1608 autem
825 1553 960 1627 apparet
988 1565 1078 1627 spem
1106 1546 1231 1628 gratiae
1261 1544 1361 1609 luisse
1415 1546 1535 1611 factum
1560 1545 1630 1610 luit.
1675 1546 1765 1628 Ergo
1788 1564 1887 1627 quum
1911 1563 2006 1628 reges
2028 1543 2190 1621 Iahudah,
2213 1543 2267 1626 qui
2290 1552 2374 1607 crant

385 1628 495 1695 adhuc
518 1629 693 1710 residuam,
722 1630 751 1694 si
774 1649 834 1694 rex
857 1650 922 1695 nna
945 1648 1019 1694 cum
1048 1637 1113 1694 toto
1143 1630 1263 1714 populo
1292 1651 1360 1694 am·
1415 1631 1536 1713 posteri
1559 1629 1698 1696 Doridis
1728 1639 1837 1695 essent
1861 1629 1986 1696 Christi
2008 1629 2177 1713 imagines,
2204 1629 2310 1694 minus
2334 1629 2373 1692 le·

385 1714 503 1797 plexus
537 1715 652 1780 luisset
678 1713 916 1781 admonitiones
943 1714 1136 1798 prophetae:
1167 1729 1201 1780 et
1229 1716 1256 1780 si
1284 1735 1361 1779 vara
1414 1716 1516 1782 reuda
1547 1716 1609 1780 luit
1636 1735 1747 1780 sorum
1782 1716 1941 1798 impietas,
1974 1725 2147 1798 postquam
2180 1715 2374 1778 immemores

383 1800 501 1866 inisset
523 1800 750 1882 resipiscentia
768 1807 803 1865 et
820 1801 997 1878 conversio,
1020 1799 1111 1866 Deus
1132 1800 1173 1866 ad
1191 1803 1360 1884 ignoscen-
1414 1823 1492 1868 suae
1524 1801 1704 1868 vocationis
1738 1801 1945 1868 desciverant
1978 1822 1997 1864 a
2030 1801 2133 1883 patris
2166 1801 2217 1866 sni
2250 1797 2375 1864 Davidis

384 1884 463 1951 dum
493 1885 609 1952 fuisset
638 1905 828 1968 propensus.
878 1883 1074 1968 Quanquam
1104 1886 1282 1952 notandum
1312 1895 1362 1950 εει
1413 1886 1605 1963 imitatione,
1640 1899 1672 1952 st
1708 1887 1784 1952 facti
1818 1895 1896 1952 sunt
1927 1907 2061 1968 prorsus
2092 1885 2278 1968 degeneres.
2327 1882 2375 1949 Sic

383 1970 470 2052 quod
493 1979 570 2036 unte
594 1970 672 2052 dixi,
701 1988 767 2035 non
791 1971 931 2053 potuisse
954 1972 1099 2055 effugere
1121 1972 1255 2050 cladem,
1279 1991 1361 2054 quae
1412 1971 1593 2056 prophetae
1616 1993 1716 2055 quum
1735 1970 1902 2055 appellant
1920 1972 2051 2037 domum
2072 1970 2176 2036 Israel
2198 1981 2233 2034 ει
2254 1969 2374 2034 domum

384 2055 547 2122 instabat:
575 2056 633 2122 sed
655 2055 807 2122 exsilium
829 2057 943 2122 fuisset
965 2056 1063 2140 longe
1085 2058 1212 2123 mitius:
1245 2056 1362 2124 deinde
1413 2058 1521 2136 Iacob,
1551 2057 1759 2123 hauddubie
1785 2059 1985 2140 exprobrant
2006 2055 2147 2134 Iudaeis,
2176 2055 2263 2139 quod
2291 2053 2375 2120 dissi·

384 2141 511 2207 reditus
534 2142 648 2208 fnisset
671 2143 769 2206 etiam
793 2141 921 2221 certior,
950 2147 984 2206 et
1005 2142 1110 2208 modis
1132 2142 1283 2209 omnibus
1305 2163 1362 2208 ox·
1415 2144 1509 2210 miles
1532 2145 1597 2209 sint
1619 2153 1732 2208 sancto
1760 2144 1974 2226 patriarchae.
2018 2143 2116 2208 Nunc
2138 2161 2217 2224 ergo
2239 2152 2376 2206 tenemus

387 2228 473 2312 perti
497 2228 635 2294 luissent
654 2249 688 2294 se
711 2248 778 2292 non
797 2228 896 2293 fuisse
915 2229 1050 2294 reiectos
1069 2250 1089 2294 a
1106 2229 1187 2303 Deo.
1212 2228 1362 2312 quamvis
1414 2229 1591 2312 prophetae
1606 2229 1789 2308 consilium,
1809 2249 1909 2310 quum
1925 2227 2012 2306 dicit,
2038 2229 2128 2294 Audi
2148 2246 2315 2293 sermonen
2335 2226 2378 2290 Ie

383 2315 425 2380 ad
450 2322 580 2396 tempus
603 2313 743 2378 luissent
764 2313 925 2397 castigati.
971 2312 1081 2394 Quum
1105 2334 1184 2398 ergo
1207 2335 1294 2380 nunc
1317 2315 1363 2378 di·
1414 2313 1845 2397 superextendamus·
1874 2314 2216 2394 :daemomonum
2239 2311 2376 2378 Doridis.

349 2423 351 2428 ⁸
382 2401 488 2467 cimus
510 2419 603 2481 spem
621 2399 737 2464 veniae
753 2398 852 2464 fuisse
866 2398 933 2464 illis
948 2400 1157 2482 propositam,
1179 2421 1247 2465 non
1266 2398 1363 2464 debet
1414 2400 1586 2467 Caeterum
1610 2409 1647 2464 ut
1668 2401 1791 2466 iustum
1814 2399 1941 2483 pondrm
1964 2399 2082 2464 habeat
2099 2398 2291 2482 obiurgatio,
2313 2395 2377 2460 dili·

386 2487 435 2552 ita
462 2485 564 2567 accipi
593 2485 685 2567 quusi
719 2485 890 2567 potuerint
925 2485 1017 2550 urbis
1047 2485 1172 2550 cladem
1201 2493 1360 2550 avertere.
1413 2496 1527 2568 genter
1550 2485 1709 2568 propheta
1731 2485 1883 2564 inculcat,
1906 2507 1941 2550 se
1960 2484 2041 2550 nihil
2058 2485 2203 2567 prolerre
2220 2484 2284 2548 nisi
2301 2479 2378 2564 quod

382 2571 470 2638 Nam
491 2570 592 2636 semel
614 2570 720 2634 iuerat
741 2569 802 2637 hoo
824 2568 897 2634 Deo
919 2569 1085 2635 decretum
1106 2580 1142 2634 ut
1165 2569 1303 2653 populns
1327 2572 1360 2634 in
1414 2570 1570 2636 divinitus
1593 2570 1783 2635 mandatum
1806 2581 1864 2636 est.
1899 2570 1992 2638 Haeo
2015 2572 2097 2636 ratio
2118 2579 2169 2635 est
2188 2591 2248 2636 eur
2269 2569 2379 2632 iterum

385 2657 566 2740 temporale
588 2655 744 2720 exsilium
765 2654 960 2732 traheretur,
991 2656 1107 2721 deinde
1128 2665 1166 2720 ut
1195 2665 1361 2722 cessarent
1414 2665 1547 2739 repetat,
1577 2655 1683 2736 Dices,
1708 2655 1761 2722 Sic
1782 2656 1858 2722 died
1879 2655 2048 2736 Dominus,
2069 2655 2238 2733 Descende,
2260 2655 2379 2736 loquere,

382 2743 424 2808 ad
446 2752 576 2825 tempus
594 2741 765 2822 sacrificia,
787 2750 821 2806 et
835 2741 1000 2806 horribilis
1017 2743 1152 2807 vastitas
1167 2741 1361 2808 documento
1413 2747 1441 2807 et
1461 2743 1553 2809 dioec.
1598 2741 1670 2806 Iam
1700 2763 1720 2807 a
1742 2762 1819 2824 rege
1849 2741 2015 2808 descendit
2044 2742 2085 2806 sd
2114 2740 2324 2818 consiliarios,
2351 2747 2380 2801 et

382 2838 479 2909 osset,
502 2827 660 2911 populum
682 2827 784 2893 fuisse
799 2826 873 2892 Deo
894 2828 993 2891 nimis
1014 2828 1197 2911 ingratum:
1216 2847 1361 2910 praeser-
1414 2828 1511 2892 tertio
1543 2825 1583 2892 ad
1612 2835 1718 2891 totum
1748 2828 1913 2910 populum,
1947 2827 2006 2908 Ta,
2033 2827 2150 2909 inquit,
2178 2831 2206 2892 et
2227 2825 2310 2892 serm
2329 2823 2379 2887 lai.

384 2915 444 2980 tim
479 2934 559 2979 vero
596 2913 667 2978 eius
704 2912 955 2978 obstinationem
994 2934 1059 2978 non
1093 2913 1237 2994 potuisse
1272 2913 1362 2995 ferri,
1414 2915 1479 2979 Per
1501 2932 1612 2978 servos
1636 2914 1722 2996 regis
1743 2914 1905 2995 scriptura
1927 2912 2083 2996 intelligit
2103 2933 2217 2980 omnes
2239 2913 2307 2976 eius
2328 2910 2379 2972 mi·

408 3020 486 3066 num
509 2997 635 3064 tamdiu
651 2998 831 3081 contempti
850 2997 990 3064 inissent
1010 2998 1188 3081 prophetae
1206 3020 1271 3064 una
1288 3019 1361 3065 cum
1416 3000 1546 3079 nistros,
1570 2999 1626 3081 qui
1655 3007 1734 3064 sunt
1755 3019 1775 3062 a
1797 2997 1940 3074 consilio,
1971 2999 2027 3080 qui
2056 2998 2211 3081 praefecti
2239 3005 2315 3062 sunt
2343 2993 2379 3057 ad

422 3086 452 3149 ei
476 3083 652 3149 mandatis.
697 3083 763 3150 Sed
787 3094 898 3148 tamen
923 3084 1085 3165 speranda
1107 3093 1178 3150 erat
1199 3084 1265 3151 illis
1286 3104 1362 3167 poe·
1416 3084 1598 3150 exercenda
1619 3082 1747 3162 iudicia,
1777 3092 1811 3147 et
1833 3085 1888 3167 qui
1917 3086 2040 3167 regiam
2070 3091 2266 3167 potestatem
2294 3100 2379 3146 exer·

386 3189 449 3234 naa
471 3169 642 3252 mitigatio,
665 3169 694 3232 si
715 3168 854 3232 fuissent
875 3170 953 3234 tacti
975 3169 1084 3251 aliquo
1107 3189 1214 3248 sensu,
1237 3179 1275 3234 ut
1297 3178 1362 3236 stu·
1415 3178 1499 3236 cent.
1544 3167 1611 3236 Sed
1635 3167 1815 3234 notandum
1838 3178 1896 3249 est,
1925 3167 2011 3250 quod
2034 3168 2166 3233 tandem
2196 3176 2303 3232 totum
2330 3185 2380 3248 po·

385 3254 592 3320 derentcum
608 3252 680 3318 Duo
703 3253 810 3318 redire
831 3253 867 3317 in
890 3253 1039 3335 gratiam.
1074 3253 1238 3334 Quoniam
1253 3263 1361 3320 autem
1416 3256 1530 3338 pulum
1564 3254 1750 3337 alloquitur.
1805 3255 1963 3320 Videmus
1994 3275 2071 3337 ergo
2103 3254 2287 3318 doctrinam
2319 3269 2381 3316 osse

385 3339 469 3406 nihil
499 3338 638 3421 profecit
664 3337 821 3403 Ieremias
847 3347 895 3402 tot
925 3337 1216 3414 exhortationibus,
1244 3340 1364 3405 redditi
1415 3341 1565 3406 omnibus
1595 3359 1800 3406 communem
1830 3340 1887 3405 sed
1915 3340 2087 3404 exordium
2115 3339 2188 3404 fieri
2211 3360 2232 3403 a
2255 3357 2330 3420 rege
2353 3343 2382 3399 ει

385 3435 463 3492 snut
485 3424 593 3509 magis
621 3421 872 3490 inexcusabiles.
917 3423 1014 3489 Nune
1036 3422 1185 3491 videmus
1207 3445 1362 3507 quorsum
1415 3426 1485 3492 aius
1507 3425 1710 3498 consiliariis.
1740 3445 1782 3490 ne
1804 3425 1991 3490 existiment
2013 3424 2139 3506 plebeii,
2168 3445 2203 3488 se
2234 3424 2302 3488 fore
2329 3422 2382 3484 im·

385 3510 500 3576 tendat
521 3508 603 3574 hace
628 3513 698 3573 tota
728 3507 887 3591 doctrine,
919 3529 1036 3592 nempe
1065 3518 1103 3575 ut
1124 3509 1235 3575 Iudaei
1267 3511 1363 3576 toties
1415 3511 1557 3593 punitos,
1579 3512 1608 3576 si
1630 3511 1884 3591 contempserint
1902 3511 1988 3575 hanc
2006 3511 2196 3588 doctrinam,
2221 3509 2274 3574 oui
2292 3509 2382 3570 etiam

385 3595 529 3662 convicti
552 3595 644 3678 queri
668 3593 820 3659 desinant
842 3614 877 3660 ss
900 3596 1077 3678 quidquam
1099 3596 1167 3679 pati
1189 3596 1362 3677 immerito,
1414 3616 1509 3678 reges
1538 3601 1667 3677 oportet
1695 3615 1765 3660 sese
1798 3596 1962 3661 subiicere.
2017 3595 2130 3660 Primo
2159 3594 2247 3671 dicit,
2283 3591 2384 3680 Eoeile

385 3682 540 3763 quoniam
564 3680 703 3763 saepius,
731 3679 798 3745 imo
827 3678 896 3744 fare
924 3680 1104 3748 innumeris
1128 3681 1261 3760 vicibus,
1291 3680 1361 3745 lue·
1414 3680 1567 3746 iodicium
1596 3686 1624 3746 et
1655 3681 1820 3745 iustitiam.
1870 3680 1943 3746 Hoc
1975 3681 2118 3746 maxime
2140 3677 2181 3746 ad
2204 3699 2326 3764 regem,
2355 3683 2384 3740 at

385 3772 464 3831 rant
484 3765 652 3844 admoniti,
673 3775 708 3830 et
728 3765 819 3830 Deus
839 3763 905 3829 illis
926 3766 1089 3832 obtulerat
1110 3766 1361 3832 misericordiam
1416 3765 1546 3842 iudices,
1569 3767 1610 3830 ad
1633 3767 1811 3848 praefectos
1834 3776 1967 3846 spectat.
2012 3765 2097 3831 Nam
2126 3765 2250 3832 scimus
2280 3763 2383 3847 priva·

387 3872 492 3928 suam,
521 3851 549 3916 si
578 3851 715 3916 fuissent
743 3849 915 3916 sanabiles.
960 3850 1032 3915 Iam
1057 3853 1154 3917 venio
1184 3852 1225 3917 sd
1249 3852 1362 3918 verba:
1416 3860 1466 3917 tos
1489 3850 1636 3918 homines
1659 3870 1726 3916 non
1749 3872 1819 3916 esse
1841 3862 1982 3917 armatos
2010 3851 2050 3916 ad
2081 3851 2304 3916 defensionem
2335 3849 2382 3912 bo·

387 3935 711 4020 suscitatores,
739 3935 897 4004 Descende
922 3935 1218 4022 indmnumrepia.
1263 3936 1364 4003 Vide·
1416 3958 1542 4002 norum.
1586 3937 1660 4002 Etsi
1683 3937 1770 4000 anim
1793 3937 1931 4018 quisque
1959 3957 2123 4020 opponere
2151 3957 2186 4002 se
2217 3934 2314 4001 debet
2339 3932 2385 3996 iu·

389 4045 464 4090 mus
497 4021 692 4105 prophetam
726 4022 825 4086 luisse
859 4018 1043 4103 praeditum
1073 4042 1112 4086 ea
1139 4021 1365 4106 magnitudine
1415 4023 1510 4088 iuriis
1532 4029 1565 4086 et
1589 4022 1766 4097 maleficiis,
1789 4031 1899 4088 tamen
1918 4022 2102 4104 specialiter
2123 4021 2183 4088 hoe
2206 4021 2384 4086 iniunctum

386 4107 499 4185 animi,
520 4115 558 4171 ut
580 4105 737 4190 splendor
766 4107 846 4190 regii
879 4107 1023 4171 nominis
1050 4129 1115 4172 non
1145 4108 1364 4174 debilitaverit
1416 4118 1465 4174 est
1488 4107 1659 4186 iudicibus,
1688 4127 1770 4190 quos
1793 4108 1890 4172 etiam
1918 4108 1953 4170 in
1981 4108 2070 4174 hune
2099 4109 2196 4172 finem
2220 4105 2316 4172 Deus
2338 4123 2386 4168 ar·

384 4195 506 4277 ipsum,
529 4193 705 4274 quominus
728 4200 963 4275 exsequeretur
981 4201 1090 4273 partes
1108 4194 1170 4259 sibi
1188 4194 1363 4259 iniunctae.
1416 4194 1522 4259 mavit
1554 4192 1669 4276 gladic.
1723 4191 1842 4258 Facere
1874 4193 2029 4258 iadmium
2061 4193 2220 4276 accipitur
2250 4210 2310 4275 pro
2340 4190 2387 4254 ius

386 4279 478 4345 Alibi
501 4279 602 4343 etiam
632 4277 753 4342 similia
782 4277 933 4360 exempla
962 4275 1120 4342 vidimus:
1152 4278 1208 4342 sed
1236 4279 1363 4360 quoties
1415 4299 1511 4343 snum
1534 4279 1650 4360 cuique
1674 4277 1818 4342 reddere.
1863 4277 1930 4342 Sed
1958 4299 2060 4359 quum
2088 4277 2169 4343 haec
2198 4277 2265 4342 duo
2294 4271 2386 4342 simul

386 4373 566 4430 occurrunt
589 4363 673 4428 tales
694 4361 756 4427 loci
780 4361 870 4446 digni
888 4371 966 4428 sunt
984 4363 1167 4428 observatu.
1202 4363 1363 4447 Primum,
1415 4363 1606 4446 iunguntur,
1630 4361 1747 4428 Facere
1768 4364 1965 4428 ipsiusmet
1982 4364 2147 4439 iustitiam,
2170 4362 2229 4428 snb
2248 4361 2387 4427 iustitiae

385 4459 425 4516 ut
448 4449 536 4514 servi
553 4448 616 4512 Dei
634 4447 798 4529 intrepide
817 4447 997 4530 iungantur
1014 4469 1073 4514 sno
1091 4468 1236 4527 munere,
1259 4471 1364 4532 neque
1416 4449 1546 4513 nomine
1568 4447 1709 4531 intelligi
1728 4447 1824 4512 debet
1846 4449 2000 4530 aequitas,
2025 4459 2061 4513 nt
2081 4451 2196 4531 cuique
2219 4447 2272 4512 ius
2294 4465 2386 4511 suurn

387 4534 600 4601 blandiantur
633 4533 763 4616 magnis
793 4543 826 4596 et
855 4532 1021 4616 divitibus,
1050 4554 1155 4616 noque
1185 4534 1362 4615 quidquam
1415 4532 1584 4600 reddatur:
1620 4534 1679 4599 sub
1714 4535 1845 4598 nomine
1879 4543 1988 4599 antam
2020 4533 2130 4599 iudicii
2164 4533 2324 4600 severitas
2354 4530 2387 4592 in

386 4619 555 4688 remittant
588 4641 630 4684 ex
661 4639 721 4684 sua
754 4618 925 4709 gravitate,
960 4617 1038 4684 dnm
1071 4621 1214 4686 occurrit
1247 4619 1363 4702 aliquis
1416 4621 1529 4702 poenis
1560 4619 1739 4702 exigendis.
1785 4619 1897 4702 Neque
1924 4620 2013 4684 enim
2043 4620 2122 4684 satis
2151 4632 2201 4684 est
2230 4620 2258 4684 si
2289 4615 2385 4681 index

386 4704 542 4791 splendor
564 4703 617 4770 vel
639 4702 787 4770 altitudo.
819 4701 960 4780 Deinde,
982 4713 1019 4769 ut
1040 4706 1137 4770 etiam
1161 4705 1286 4770 discant
1307 4706 1362 4786 qui
1416 4705 1605 4787 pronuntiet
1626 4703 1703 4787 quid
1726 4715 1852 4770 rectum
1874 4705 1927 4786 sit,
1954 4705 2016 4771 nisi
2039 4706 2138 4769 etiam
2160 4710 2309 4770 coerceat
2330 4701 2387 4765 im·

389 4791 544 4857 sidentur
566 4787 629 4856 sibi
651 4787 811 4854 excellere
833 4809 932 4871 supra
955 4789 1043 4868 alios,
1067 4813 1131 4856 non
1155 4811 1249 4873 possa
1272 4789 1363 4872 quid·
1415 4789 1541 4872 probos,
1571 4790 1599 4853 si
1622 4789 1751 4872 quando
1772 4789 1928 4856 audacius
1955 4789 2139 4874 insurgant.
2184 4789 2258 4854 Hoc
2288 4789 2386 4884 igitur

387 4876 466 4960 quid
489 4873 708 4959 praestantiae
734 4871 910 4938 obtendant
936 4874 1003 4940 illis
1032 4874 1195 4959 prodesse,
1226 4877 1304 4957 quin
1328 4896 1362 4941 se
1415 4887 1464 4940 est
1486 4875 1592 4940 lacere
1615 4874 1779 4951 iudicium,
1809 4876 1900 4957 quasi
1923 4887 2050 4940 armata
2077 4897 2179 4940 manu
2202 4873 2288 4939 tueri
2311 4891 2386 4937 ειιιι·

386 4961 564 5029 snbiioiant
587 4959 754 5026 doctrinae
777 4959 994 5042 propheticae.
1039 4961 1124 5026 Nam
1153 4961 1294 5026 antehac
1315 4961 1363 5024 vi·
1415 4960 1513 5042 plicee
1535 4971 1568 5024 et
1591 4960 1750 5025 innoxios.
1794 4961 1915 5026 Postea
1944 4961 2102 5045 adiungit,
2126 4957 2252 5040 Eripite
2272 4957 2387 5039 spolie·

387 5047 497 5113 dimna
517 5046 655 5113 missum
682 5045 783 5112 fuisse
812 5043 1002 5127 prophetam
1029 5058 1067 5110 ut
1093 5055 1246 5130 argueret
1273 5066 1361 5111 sum·
1413 5050 1479 5110 tum
1511 5065 1527 5110 e
1558 5064 1656 5110 manu
1694 5047 1897 5129 oppressoris.
1958 5047 2092 5129 Repetit
2124 5046 2208 5128 quod
2243 5044 2386 5108 vidimus

387 5152 459 5198 mos
487 5152 645 5214 quosque,
675 5139 708 5196 et
736 5129 928 5212 increparet,
958 5129 1018 5195 hoo
1049 5140 1108 5208 est,
1138 5140 1176 5196 ut
1205 5151 1361 5215 personas
1413 5133 1518 5213 eapite
1541 5131 1703 5213 proximo:
1726 5143 1757 5196 et
1779 5129 1833 5196 hio
1854 5130 1915 5195 sub
1933 5151 1999 5196 nna
2017 5133 2123 5214 specie
2140 5127 2386 5214 comprehendit

387 5237 503 5282 omnes
525 5217 718 5300 negligeret.
763 5215 819 5282 Sic
842 5217 941 5280 etiam
970 5213 1031 5282 hoc
1059 5215 1130 5281 loco
1159 5215 1362 5282 demonstrat
1412 5215 1556 5281 officium
1578 5214 1731 5302 iudicum,
1762 5235 1880 5297 nempe
1908 5225 1944 5278 ut
1971 5236 2042 5281 sese
2070 5226 2258 5282 constanter
2285 5232 2385 5298 oppo-

387 5303 451 5368 sibi
473 5309 576 5368 totum
600 5303 761 5368 mundum
790 5301 890 5367 luisse
920 5301 1013 5383 quusi
1035 5301 1095 5366 sub
1118 5300 1262 5383 pedibus,
1286 5303 1362 5385 quia
1414 5309 1495 5367 nant
1516 5302 1656 5382 iniuriis,
1684 5312 1717 5369 et
1746 5303 1927 5384 reprimant
1954 5301 2176 5384 improborum
2206 5299 2385 5375 audaciam,
