5158 6124
366 475 428 542 511
1172 471 1559 542 PRAnLuoumNus
2300 475 2365 540 512

361 667 534 731 stationem
566 683 662 731 suam
688 683 755 730 nou
783 669 951 728 mutasset.
995 661 1121 728 Verum
1152 662 1230 745 quia
1258 681 1335 727 oum
1474 662 1586 748 Caput
1602 663 1663 731 boe
1680 665 1827 731 eontinet
1846 664 2089 730 memorabilem
2112 663 2292 742 historiam,
2310 663 2364 728 oui

361 749 430 818 suis
451 749 628 816 melotibus
650 748 854 833 expulerant,
880 754 917 814 ut
939 746 1024 830 apud
1047 747 1136 831 ipsos
1160 769 1226 812 non
1248 756 1336 814 esset
1388 768 1520 814 annexa
1540 757 1592 814 est
1614 749 1710 816 valde
1740 751 1831 817 utilis
1859 750 2023 828 doctriua,
2055 768 2174 831 nempe
2207 749 2363 831 quoniam

281 885 282 888 ι
361 838 392 901 ιι
411 834 621 913 domicilium,
643 833 722 901 hinc
741 835 863 899 lautum
884 841 936 900 ast
957 843 995 898 ιιι
1016 833 1148 898 obnoxii
1171 842 1281 898 essent
1302 843 1336 898 et
1388 835 1600 901 concionatus
1623 841 1673 900 est
1694 834 1851 902 Ieremias
1881 835 1921 900 de
1950 836 2160 918 poenitentia,
2193 833 2279 916 qnod
2311 840 2365 897 ιιι

362 921 502 1005 expositi
524 921 670 987 omnium
693 921 840 1070 Ξιιιιιιιιιι
863 917 996 1002 rapinis.
1041 918 1180 984 Summa
1198 925 1252 983 est
1273 919 1335 1003 igi·
1388 940 1491 985 nuum
1525 941 1566 985 ex
1601 922 1785 1004 praecipuis
1818 920 1978 1003 capitibus
2014 919 2163 1003 pietatis,
2199 929 2232 983 et
2264 916 2363 982 simul

363 1017 425 1085 tur,
453 1005 565 1072 Deum
594 1025 690 1089 quam
715 1007 748 1070 iu
775 1004 936 1070 habitavit
958 1004 994 1068 in
1016 1004 1138 1087 templo
1160 1003 1262 1069 fuisse
1284 1005 1335 1069 in·
1388 1003 1532 1070 ostendit
1554 1006 1708 1088 populum
1732 1007 1822 1072 raiioi
1844 1005 1962 1082 aDeo,
1986 1006 2064 1088 quia
2085 1003 2266 1086 praelraote
2287 1021 2363 1067 oon-

362 1101 431 1159 stsr
451 1089 565 1169 leonis,
595 1099 633 1157 ut
654 1089 723 1157 solo
745 1089 879 1156 fremitu
905 1089 1018 1174 procul
1048 1089 1194 1174 abegerit
1223 1109 1335 1155 omnes
1389 1101 1551 1156 temneret
1573 1112 1686 1158 omnes
1705 1091 1952 1168 admonitiones,
1976 1111 2035 1157 neo
2053 1089 2234 1155 ullomodo
2252 1094 2365 1171 posset

362 1176 516 1262 populos,
553 1183 586 1241 et
618 1175 799 1241 detenderit
834 1174 919 1241 lilios
950 1173 1120 1253 Abrahae,
1157 1174 1214 1239 sed
1249 1193 1336 1240 nuno
1389 1176 1501 1240 reduci
1524 1175 1566 1241 ad
1588 1197 1701 1242 sanam
1725 1187 1877 1243 mentem.
1914 1177 2101 1258 Utrumque
2124 1173 2306 1241 videbimus
2328 1175 2364 1238 in

362 1265 512 1346 quamvis
535 1273 684 1328 naturum
709 1282 774 1326 uon
796 1269 909 1337 mutet,
932 1281 992 1326 ueo
1014 1259 1190 1344 quidquam
1212 1259 1336 1326 detrac-
1389 1259 1452 1326 hoo
1470 1261 1586 1343 eapite.
1619 1260 1711 1328 Dicit
1731 1274 1839 1327 autem
1862 1262 1925 1328 eddi
1945 1263 2054 1326 ἀαιιιιιι
2073 1260 2176 1342 fnisse
2195 1277 2365 1326 earnm

363 1357 435 1414 tum
464 1349 508 1413 sit
529 1347 582 1412 vel
611 1345 808 1412 diminutum
841 1367 883 1411 ex
913 1367 973 1411 sua
1002 1348 1163 1429 potentia,
1196 1344 1337 1412 Iudaeos
1384 1347 1546 1427 principle
1566 1349 1655 1430 repni
1675 1347 1856 1426 Ieboinln‘m,
1879 1346 1918 1411 de
1936 1366 2000 1428 quo
2018 1365 2095 1430 rege
2114 1345 2190 1409 alibi
2209 1344 2363 1420 diximus,

363 1443 475 1499 tamen
497 1453 563 1498 nou
585 1433 653 1498 iore
675 1432 794 1514 salvos,
823 1431 979 1516 quoniam
1001 1433 1088 1515 ipsos
1111 1430 1248 1496 deseret.
1293 1431 1338 1496 Ut
1390 1433 1444 1496 ubi
1468 1432 1627 1497 recitabat
1655 1432 1816 1515 propbeta
1844 1432 1924 1498 alias
1950 1432 2122 1498 eouoioues
2145 1429 2273 1494 habitas
2292 1429 2364 1511 ipsu

364 1517 535 1584 subiicitur
567 1519 668 1597 ratio,
701 1539 783 1602 quae
817 1516 878 1584 hoo
911 1516 997 1582 clare
1030 1518 1218 1593 confirmat,
1251 1515 1338 1599 quod
1390 1528 1559 1600 regnante.
1599 1517 1697 1583 Unde
1719 1517 1903 1602 oolligimus
1926 1517 2044 1581 librum
2068 1517 2156 1580 buno
2179 1534 2243 1579 nou
2262 1514 2364 1579 tuisse

364 1610 448 1670 terro
484 1623 592 1668 eornm
628 1601 683 1690 (ad
716 1601 855 1668 Iudaeos
888 1601 1055 1689 retertur),
1093 1623 1204 1667 eorum
1237 1602 1338 1685 igitur
1390 1611 1480 1667 certa
1508 1602 1591 1668 serie
1621 1611 1825 1680 contextum,
1859 1602 1915 1668 sed
1947 1601 2082 1668 oolleota
2113 1600 2213 1664 fuisse
2244 1599 2363 1680 oapita,

364 1701 453 1754 terra
478 1691 514 1753 in
534 1687 736 1754 solitudinem
761 1689 830 1753 erit.
873 1687 971 1754 Unde
1000 1697 1111 1752 autem
1135 1687 1217 1752 haee
1239 1689 1337 1751 vasti·
1391 1686 1507 1752 deinde
1530 1688 1683 1753 volumen
1713 1687 1788 1753 iude
1810 1688 1911 1753 fuisse
1939 1687 2133 1753 coniectum.
2178 1684 2291 1766 Neque
2313 1693 2365 1748 ta·

364 1783 416 1840 tas
438 1771 594 1855 Iudaeae,
624 1775 688 1838 uisi
709 1774 786 1856 quia
809 1772 931 1838 nudata
952 1771 1013 1838 luit
1033 1771 1097 1838 Dei
1120 1771 1266 1838 auxilio?
1300 1770 1337 1838 si
1390 1793 1465 1836 meu
1486 1772 1612 1837 frustra
1633 1772 1687 1838 bio
1704 1776 1863 1857 repetitur
1878 1786 2015 1856 tempus,
2037 1773 2114 1854 quia
2129 1769 2250 1835 scimus
2265 1769 2364 1833 etlam

365 1860 453 1926 enim
482 1859 575 1924 Deus
605 1859 695 1924 illam
730 1859 939 1940 protexisset,
973 1863 1011 1923 ut
1042 1859 1177 1936 feoerat,
1211 1865 1339 1940 poterat
1390 1857 1526 1923 miseros
1552 1857 1676 1940 aliquid
1699 1860 1768 1942 spei
1791 1860 1961 1941 concipere
1983 1877 2025 1921 ex
2047 1858 2200 1921 novitate.
2245 1853 2282 1919 Si
2306 1853 2364 1918 din

247 2023 248 2028 ἵ
365 1945 434 2010 solo
456 1950 540 2008 nutu
560 1943 658 2029 longe
680 1943 789 2009 hostes
811 1943 977 2026 repellere.
1011 1941 1076 2010 Sed
1096 1943 1250 2026 quoniam
1274 1942 1338 2008 alio
1391 1944 1540 2008 bomiues
1570 1944 1681 2009 afflicti
1712 1945 1850 2019 fuerint,
1885 1955 1916 2008 et
1939 1963 2042 2027 prope
2071 1939 2301 2006 contabuerint
2328 1940 2364 2002 iu

239 2071 242 2078 .
365 2029 531 2114 migravit,
563 2028 640 2094 hino
664 2027 786 2093 laetum
809 2038 859 2095 est
880 2033 919 2093 ut
940 2031 1045 2113 aperti
1076 2038 1184 2094 essent
1214 2027 1338 2093 aditus:
1391 2027 1459 2093 suis
1481 2029 1574 2093 malis
1597 2035 1708 2094 tamen
1731 2027 1787 2093 ubi
1809 2049 1894 2094 nova
1915 2028 2056 2095 conditio
2079 2028 2225 2102 offertur,
2250 2025 2365 2089 existi·

365 2123 400 2179 et
421 2117 469 2180 ita
490 2112 693 2200 redigeretur
720 2123 809 2179 terra
837 2115 871 2178 in
900 2113 1120 2180 solitudinem.
1165 2113 1276 2192 Addit,
1305 2113 1338 2177 A
1390 2122 1483 2178 mant
1511 2134 1546 2178 se
1576 2115 1644 2180 lore
1674 2115 1800 2196 beatos,
1834 2125 1867 2178 et
1896 2116 2026 2196 fingunt
2057 2112 2119 2178 sibi
2146 2131 2221 2193 spes
2248 2129 2364 2174 vanas.

363 2199 446 2281 faeie
478 2199 746 2265 excandescentes
776 2199 986 2280 oppreeaore'o:
1020 2199 1076 2264 alii
1108 2207 1251 2282 vertunt,
1286 2217 1337 2263 eo-
1393 2197 1482 2262 Talis
1511 2198 1612 2281 igitur
1641 2201 1746 2281 potuit
1773 2219 1844 2265 esse
1873 2198 2068 2265 confidentia
2101 2195 2228 2280 populi,
2262 2215 2365 2277 quum

366 2285 512 2351 lumbae:
542 2285 600 2349 sed
622 2306 688 2348 uon
710 2285 870 2350 convenit.
916 2283 1046 2351 Interea
1076 2285 1265 2368 excogitant
1287 2302 1339 2348 ar·
1391 2283 1551 2366 coepisset
1561 2283 1745 2349 Ieboialrim
1761 2305 1909 2367 regnare,
1925 2284 2077 2367 quoniam
2095 2279 2254 2365 putabant
2271 2299 2366 2362 posse

365 2381 482 2455 gutum
505 2389 646 2448 sensum,
670 2368 756 2452 quod
774 2368 865 2435 Deus
884 2381 1017 2434 vocetur
1034 2369 1184 2435 columba
1207 2379 1339 2452 propter
1391 2369 1499 2433 resin
1521 2369 1639 2435 melius
1669 2371 1709 2434 ab
1735 2370 1793 2434 illo
1821 2370 1958 2434 restitui.
2003 2368 2133 2432 Deinde
2166 2366 2231 2430 alia
2264 2367 2365 2431 etiam

365 2454 572 2520 elementiam
590 2463 624 2519 et
641 2452 940 2519 mansuetudinem:
964 2465 1074 2519 tamen
1096 2454 1259 2519 tribuatur
1276 2455 1338 2517 ira·
1390 2455 1636 2520 circumstantia
1665 2456 1810 2520 notanda
1832 2465 1891 2533 est,
1921 2454 2094 2536 quodiam
2118 2471 2220 2535 prope
2248 2449 2364 2532 despe-

366 2539 495 2618 ouudia,
518 2541 673 2622 quoniam
696 2545 832 2623 cogatur
849 2541 990 2604 alienam
1014 2560 1184 2623 personam
1202 2539 1339 2603 induere
1392 2548 1462 2604 rata
1484 2549 1555 2604 erat
1581 2539 1692 2622 populi
1721 2540 1877 2605 conditio:
1912 2545 2021 2604 tamen
2044 2537 2266 2602 obduruerant
2287 2555 2365 2600 eon·

365 2633 500 2710 propter
530 2622 698 2688 bominum
729 2622 961 2709 pervicaciam,
997 2624 1051 2688 ubi
1073 2623 1164 2690 videt
1192 2645 1226 2689 se
1256 2624 1338 2688 nibil
1393 2634 1444 2688 tra
1471 2623 1594 2701 Deum,
1629 2630 1666 2691 nt
1694 2626 1929 2690 contumaciter
1963 2625 2153 2689 resisterent
2184 2620 2364 2703 prophetis.

389 2710 523 2776 rofioere
553 2708 718 2774 benefieiis
747 2727 826 2794 erga
855 2711 952 2791 ipsos.
998 2708 1065 2775 Sed
1087 2719 1137 2773 est
1162 2709 1339 2790 speculatio
1362 2711 1367 2780 l
1391 2708 1489 2774 Unde
1517 2720 1654 2792 apparet
1678 2710 1832 2792 reprobos
1854 2710 1959 2792 magis
1981 2729 2019 2773 ao
2040 2707 2146 2791 magis
2175 2706 2366 2789 exasperari

365 2730 464 2878 Iouge
485 2793 594 2876 petita.
628 2794 674 2859 Et
691 2807 739 2861 rut
756 2795 920 2878 significat
941 2794 1134 2879 opprimere,
1157 2813 1194 2858 ao
1212 2813 1338 2876 rapere:
1392 2793 1456 2857 Dei
1478 2795 1625 2877 flagellis,
1652 2815 1755 2878 neque
1777 2816 1920 2877 unquam
1945 2814 2021 2858 vere
2043 2802 2076 2856 et
2097 2795 2224 2858 siucero
2245 2791 2366 2856 affectu

366 2889 400 2945 at
433 2879 588 2962 quoniam
624 2879 754 2962 saepius
790 2879 947 2962 aecipitur
977 2881 1015 2944 in
1046 2879 1167 2945 malam
1204 2887 1340 2963 partem,
1391 2877 1566 2943 humiliari.
1610 2879 1703 2945 Haeo
1732 2881 1833 2964 igitur
1861 2880 1945 2943 ratio
1974 2880 2037 2944 init
2065 2898 2125 2943 our
2147 2886 2214 2942 tam
2236 2875 2366 2940 duriter

366 2964 453 3030 malo
474 2963 527 3030 hio
549 2965 670 3029 reierre
692 2963 732 3028 ad
755 2964 866 3030 hostes
895 2983 993 3047 quam
1022 2965 1063 3030 ad
1086 2967 1193 3030 Deum
1222 2965 1339 3045 ipsum.
1392 2964 1544 3046 loquutus
1565 2965 1664 3029 fuerit
1686 2964 1844 3029 Ieremias
1866 2985 1908 3028 ex
1934 2964 1994 3028 Dei
2017 2963 2182 3028 mandato.
2222 2960 2367 3042 Reliqua

366 3049 466 3116 Multi
497 3048 627 3132 quidem
662 3049 790 3113 malunt
821 3070 984 3132 exponere
1017 3049 1057 3115 de
1079 3050 1160 3132 Deo,
1194 3050 1340 3115 sednon
1393 3057 1569 3132 praetereo,
1591 3049 1673 3131 qnod
1693 3051 1787 3114 dnus
1806 3050 1905 3130 ferend
1926 3069 2025 3114 sermo
2046 3069 2067 3112 a
2090 3045 2237 3112 [enecat.
2278 3046 2364 3110 Nam

368 3153 500 3215 possum
523 3133 672 3214 amplecti
693 3153 806 3199 eorum
830 3137 1043 3200 senteutiam:
1078 3135 1231 3217 quoniam
1259 3133 1340 3200 baso
1394 3133 1455 3198 boc
1476 3133 1571 3199 modo
1593 3134 1676 3199 nibil
1699 3135 1761 3201 sibi
1784 3145 1924 3218 arrogat,
1954 3134 2058 3199 solum
2088 3141 2226 3196 ιιιιιιιιιι·
2248 3141 2286 3195 nt
2308 3151 2367 3195 ne-

369 3216 433 3282 duo
455 3217 601 3282 membra
622 3216 792 3302 coniungit
814 3216 979 3298 Ieremias,
1003 3218 1088 3301 quod
1110 3219 1233 3286 soilioet
1247 3218 1339 3285 Dens
1392 3240 1481 3286 essse
1503 3228 1573 3284 erat
1599 3222 1741 3285 maxime
1763 3219 1848 3302 apud
1870 3220 1961 3284 illam
1985 3217 2200 3300 praefractam
2222 3227 2367 3300 gentem,

369 3299 530 3385 templum
564 3321 659 3366 suum
693 3300 836 3378 deseret,
870 3302 1146 3386 quemadmodum
1177 3305 1205 3369 si
1237 3303 1288 3368 leo
1321 3326 1340 3369 a
1392 3325 1427 3368 se
1443 3304 1526 3369 nihil
1542 3306 1661 3370 afferre
1675 3306 1853 3389 proprium,
1869 3304 1926 3369 sed
1942 3302 2121 3369 doctrinam
2135 3321 2226 3367 suam
2242 3321 2260 3364 e
2274 3301 2367 3365 ooelo

368 3405 513 3453 caverna
534 3405 595 3451 suu
613 3385 792 3452 recederet:
815 3387 932 3454 deinde
955 3389 1042 3470 quod
1064 3390 1199 3453 venient
1220 3389 1339 3465 hostes,
1392 3390 1569 3472 protentam
1591 3411 1672 3456 esee.
1717 3389 1782 3455 Hie
1803 3397 1889 3454 esset
1910 3390 1999 3455 locus
2021 3385 2206 3454 eommunis
2220 3395 2367 3452 tractau-

369 3472 426 3554 qui
452 3470 617 3554 reperient
650 3470 775 3536 nudum
804 3482 838 3538 et
859 3493 1002 3538 vacuum
1030 3473 1154 3558 looum:
1187 3473 1340 3556 Denique
1393 3475 1464 3550 dus,
1495 3473 1601 3540 Deum
1623 3475 1729 3540 solum
1752 3474 1952 3540 audiendum
1974 3494 2045 3539 esse
2071 3475 2106 3537 in
2130 3472 2265 3538 eeclesia
2286 3491 2368 3538 sua:

368 3555 534 3642 significat
555 3555 720 3637 expositos
741 3556 810 3623 fore
833 3558 975 3624 bostium
999 3578 1134 3624 suorum
1161 3557 1287 3625 libidini
1309 3568 1341 3623 et
1393 3558 1510 3624 deinde
1532 3563 1696 3626 nemiuem
1720 3580 1814 3643 posse
1835 3558 1896 3624 sibi
1926 3579 2070 3625 asserere
2101 3557 2280 3641 prophetae
2310 3569 2370 3621 sut

369 3640 508 3725 rapinis,
540 3639 694 3723 quoniam
727 3640 948 3709 destituentur
976 3642 1010 3708 in
1040 3651 1185 3727 tempore
1219 3643 1341 3708 anxilio
1393 3642 1533 3710 doctoris
1562 3664 1700 3723 nomen,
1733 3646 1798 3711 nisi
1825 3665 1921 3728 quem
1948 3644 2113 3709 Dominus
2142 3643 2305 3708 ornaverit
2333 3653 2370 3707 ιι

369 3725 443 3792 Dei.
488 3725 533 3790 Et
554 3726 649 3791 sicuti
672 3745 776 3807 nuper
804 3728 960 3811 loquutus
990 3729 1096 3795 fuerat
1118 3728 1159 3795 de
1181 3729 1341 3795 sxoande·
1395 3729 1595 3814 praefecerit,
1618 3730 1736 3796 deinde
1757 3731 1809 3797 eui
1833 3729 2039 3796 mandaverit
2060 3729 2121 3794 has
2143 3737 2260 3810 partes.
2297 3726 2370 3792 Sed

369 3810 494 3910 scentia
515 3811 583 3876 irae
605 3810 677 3890 Dei,
701 3810 786 3876 idem
810 3835 898 3879 nuno
921 3813 1077 3880 transfert
1097 3814 1138 3879 ad
1161 3815 1287 3880 hostes:
1310 3823 1343 3878 et
1396 3815 1476 3880 haee
1497 3814 1574 3881 alibi
1597 3827 1630 3880 et
1652 3816 1792 3898 saepius,
1821 3824 1855 3880 et
1876 3816 1957 3879 satis
1980 3813 2107 3897 prolixe
2128 3814 2261 3878 luerunt
2283 3823 2371 3879 trao-

370 3904 506 3960 monto:
540 3895 694 3978 quoniam
724 3907 950 3980 exsequuntur
978 3902 1047 3965 eius
1076 3900 1205 3966 iudicia.
1257 3899 1343 3982 Ipsis
1395 3910 1482 3965 tata:
1517 3910 1551 3965 et
1579 3921 1644 3967 uon
1668 3901 1807 3965 libenter
1829 3900 1945 3966 insisto
1967 3901 2001 3964 in
2025 3899 2104 3964 loois
2126 3899 2369 3964 communibus.

371 3981 459 4046 euim
477 3977 674 4045 adscribitur
690 3981 775 4063 quod
793 3981 857 4047 Dei
875 3985 1044 4068 proprium
1063 3993 1122 4065 est,
1140 4007 1178 4051 eo
1193 3993 1343 4068 respectu
1396 3985 1488 4052 Satis
1510 3996 1559 4051 est
1581 3995 1693 4051 tenere
1715 4006 1869 4068 quorsum
1897 3984 1984 4051 dieat
2012 3983 2169 4048 Ieremias
2195 4002 2371 4048 morena

372 4065 457 4150 quod
480 4065 547 4129 sint
569 4063 640 4131 eius
662 4067 812 4133 ministri.
1394 4071 1457 4136 sibi
1477 4073 1586 4137 datam
1606 4072 1708 4153 snare
1728 4091 1750 4135 o
1771 4069 1926 4152 lenton,
1958 4088 2074 4152 nempe
2097 4077 2136 4133 ιιι
2158 4071 2370 4133 autoritatem

1394 4157 1456 4222 sibi
1479 4155 1639 4223 conciliet.
1683 4155 1786 4238 Atqui
1816 4174 1881 4219 non
1910 4158 2010 4220 iaotst
2037 4173 2129 4219 suam
2161 4152 2373 4236 sapientiam,

1396 4262 1456 4307 nee
1478 4242 1655 4324 quidquam
1677 4240 1730 4306 vel
1752 4239 1932 4304 humanum
1955 4239 2006 4304 vel
2029 4246 2192 4313 terrestre,
2216 4237 2275 4302 sed
2297 4248 2372 4303 tan-

1396 4337 1466 4391 tum
1489 4327 1567 4391 dioit
1584 4347 1620 4390 se
1641 4326 1729 4409 loqui
1751 4323 1836 4408 quod
1853 4324 2014 4389 Dominus
2037 4323 2212 4407 praecepit.
2256 4322 2374 4389 Subii-

1395 4411 1449 4490 eit,
1473 4411 1526 4476 sic
1540 4413 1615 4477 dicit
1631 4409 1776 4493 Iebcceb,
1801 4409 1859 4475 sa
1873 4410 1909 4474 c'n
1922 4410 2006 4474 atrio
2019 4409 2129 4473 ἀοιιιιιι
2147 4407 2202 4492 (ad
2218 4409 2373 4486 verbum,

548 4501 686 4574 CAPUT
711 4501 955 4572 VIGESIMUM
983 4503 1169 4573 SEX‘IUM,
1395 4495 1453 4561 sed
1476 4498 1590 4560 domus
1611 4497 1771 4578 accipitur
1792 4515 1850 4578 pro
1872 4493 2006 4579 templo)
2037 4492 2095 4558 Sta
2125 4513 2203 4576 ergo
2231 4493 2269 4558 in
2289 4495 2375 4560 eene

1396 4581 1506 4647 ἀοιηαι
1528 4581 1670 4662 Iohanne,
1694 4580 1817 4665 inquit:
1850 4581 1926 4661 quin
1948 4600 2013 4643 nou
2035 4577 2155 4644 licebat
2176 4579 2298 4662 populo
2320 4581 2374 4642 iu-

462 4720 491 4784 1-
520 4717 686 4820 aaa
711 4737 800 4818 a
823 4716 948 4782 a
974 4718 1037 4818 a·
1059 4719 1168 4786 oo
1397 4666 1544 4816 ante
1567 4665 1982 4831 ‘iactatiactat
2000 4664 2375 4814 cestrense

374 4805 482 4875 ''uda''
501 4805 565 4887 sm*
584 4823 686 4871 ΜΟ
708 4803 758 4869 7¹⁹⁶
778 4823 800 4868 α
822 4801 967 4882 lembi
988 4805 1125 4883 ‘Im’
1396 4800 1668 4917 quemadmodum
1691 4836 1844 4913 vidimus,
1869 4855 1910 4899 ex
1932 4832 2046 4898 ordine
2068 4833 2280 4899 sacerdotali:
2313 4801 2377 4899 sed

461 4911 820 4983 2.Sndnn1etovaa
853 4909 910 4976 sn
927 4913 962 4977 dn
979 4915 1061 4980 ctrio
1082 4915 1190 4996 templi
1205 4915 1346 4997 labeone,
1397 4939 1513 5001 parum
1534 4919 1672 4984 iuvisset
1693 4940 1767 4985 oum
1783 4920 1911 4984 Levitis
1934 4919 2054 4983 habere
2070 4918 2160 4985 buno
2174 4938 2376 4984 sermonem.

374 5003 548 5085 eloquere
576 5001 619 5067 ad
645 5017 750 5066 ornnes
781 5017 803 5062 n
839 4995 1035 5096 calledndclt
1067 4998 1112 5084 (id
1142 5008 1202 5080 est,
1235 5021 1347 5066 omnes
1398 5003 1552 5086 Oportuit
1574 5004 1676 5087 igitur
1698 5005 1806 5087 ipsum
1829 5002 1959 5086 prodire
1980 5004 2014 5067 iu
2037 5003 2153 5079 lucem,
2176 5013 2209 5068 et
2224 5005 2378 5087 perterre

374 5090 463 5154 cives
485 5087 618 5152 urbium
641 5081 807 5168 Iebudab)
836 5101 891 5165 qne
919 5087 1047 5148 ventnnt
1075 5085 1117 5148 od
1138 5085 1291 5150 nondam
1313 5089 1348 5151 e'n
1398 5089 1439 5152 ad
1467 5095 1572 5152 totum
1602 5089 1756 5170 populum
1785 5109 1868 5170 quae
1896 5088 1949 5152 bio
1979 5090 2167 5154 recitantur
2184 5089 2249 5153 Dei
2277 5109 2377 5155 man-

375 5173 525 5254 templum
536 5170 679 5254 Iedocee,
696 5169 754 5235 bos
769 5185 873 5232 omnm
887 5185 1048 5248 emanas,
1067 5187 1145 5250 qnos
1159 5170 1348 5235 mundavero
1399 5172 1485 5252 data,
1506 5194 1567 5239 neo
1588 5174 1682 5238 modo
1704 5173 1745 5238 ad
1767 5174 1857 5239 oives
1878 5172 2108 5256 lerosolymae,
2130 5173 2188 5239 sed
2210 5174 2312 5239 etism
2329 5175 2377 5238 ad

374 5257 432 5324 tibi
450 5257 493 5323 ad
509 5256 692 5338 loqnetdnm
709 5255 752 5320 od
766 5255 852 5335 ipsos
869 5250 944 5337 (hoo
958 5258 1018 5328 est,
1036 5259 1073 5316 ut
1087 5253 1229 5335 loquaris
1246 5254 1348 5340 ipsis),
1398 5276 1512 5322 omnes
1551 5259 1691 5324 Iudaeos
1729 5258 1817 5341 quud
1857 5259 1956 5324 etiaui
1996 5258 2117 5324 diserte
2153 5260 2378 5344 exprimitur:

375 5363 413 5410 ne
434 5343 597 5409 dacianus
617 5340 751 5407 verbnm,
1400 5339 1565 5422 Alloqaere
1579 5363 1681 5420 manea
1694 5344 1776 5408 noes
1788 5343 1914 5409 arbium
1929 5342 2081 5426 Iebnded,
2098 5344 2216 5426 iuquit
2252 5345 2381 5411 Postea
