5038 6118
389 358 429 424 19
1190 357 1572 426 PRAnLuotlotttts
2322 358 2365 422 20

389 545 445 612 bat
467 544 530 612 sibi
552 545 619 610 lore
649 545 683 611 in
705 554 868 629 promptu,
899 545 927 611 si
956 545 1066 612 hostes
1090 547 1230 631 propius
1258 567 1354 630 urge·
1407 546 1500 611 debet
1520 546 1561 612 ad
1585 545 1729 611 futurum
1750 558 1888 628 tempus.
1924 543 2009 610 Nam
2030 543 2144 610 Iudaei
2166 543 2273 611 adhue
2292 562 2364 627 per-

388 641 472 698 rent.
517 629 685 713 Sequitur,
1174 691 1176 694 .
1407 632 1553 698 tinaeiter
1576 631 1752 696 manebant
1772 630 1806 696 in
1836 631 1904 696 suis
1932 629 2124 712 seelerihne,
2155 639 2188 694 et
2217 630 2366 696 ridebant

1405 737 1519 782 omnes
1541 717 1663 795 minas,
1696 728 1729 780 et
1748 713 1902 798 quidquid
1924 736 1944 780 a
1963 714 2130 799 prophetis
2153 715 2273 781 dietum
2295 727 2366 779 erut

478 801 527 868 18.
551 799 712 866 Roborure
733 819 834 866 υιευευ
855 800 921 886 (vel
943 821 1042 883 quum
1064 799 1180 867 vehem
1204 803 1355 868 roborare
1405 801 1566 868 dneebant
1588 803 1654 866 fere
1675 801 1869 885 pronihilo.
1908 799 1985 866 Non
2007 799 2158 884 intelligit
2179 820 2257 883 ergo
2277 799 2366 865 Iere-

390 887 456 974 me)
494 907 589 968 ευμεν
624 886 778 952 dolorem
819 906 915 968 reaper
951 907 999 952 me
1037 906 1090 952 cor
1127 907 1227 952 meon
1265 887 1355 969 intir-
1406 887 1488 952 miss
1509 886 1679 970 populares
1700 907 1777 951 suos
1798 887 1947 966 elamore,
1968 907 2006 951 ao
2026 886 2055 950 ei
2075 886 2220 952 loturam
2236 885 2368 952 oslami·

389 993 474 1039 mttm
495 978 548 1038 est.
1406 981 1506 1036 tatem
1529 981 1710 1037 metuerent
1731 971 1838 1056 (erant
1863 973 1948 1036 enim
1976 971 2115 1036 nimium
2142 968 2277 1055 seouri),
2308 969 2367 1034 sed

1405 1057 1595 1142 perstringit
1628 1077 1738 1123 eorum
1771 1055 1967 1122 sooordiem:
2004 1057 2095 1138 quasi
2128 1057 2264 1134 dioeret,
2297 1054 2367 1120 Vos

475 1142 577 1208 Varie
593 1144 677 1209 hano
688 1161 800 1208 venem
816 1148 983 1224 exponunt
994 1143 1194 1228 Interpretes
1209 1129 1354 1211 'tt't’bzm
1405 1143 1535 1225 quidem
1558 1164 1645 1209 nune
1667 1141 1792 1208 delitias
1814 1153 1940 1207 vestras
1963 1139 2077 1218 nolitis,
2100 1153 2133 1205 et
2147 1143 2268 1223 putatis
2283 1141 2367 1204 hano

391 1228 533 1312 Quidam
556 1243 579 1295 n
600 1228 762 1310 aeoipiunt
783 1249 843 1312 pro
864 1240 895 1293 :t
937 1226 1003 1293 Sed
1025 1229 1089 1309 alii,
1112 1231 1227 1312 quibus
1248 1232 1355 1313 potius
1406 1229 1592 1294 felicitatem
1625 1227 1696 1292 lore
1729 1238 1932 1311 perpetuam:
1972 1226 2062 1308 atqui
2095 1227 2185 1292 brevi
2217 1226 2367 1291 audietur

391 1314 566 1391 subsoribo,
589 1323 706 1396 putant
727 1333 797 1378 esse
820 1324 930 1377 notam
951 1315 1101 1382 nominis.
1144 1315 1207 1380 Est
1228 1315 1355 1397 quidem
1406 1314 1528 1380 elamor
1548 1323 1667 1379 vester.
1710 1311 1821 1394 Quum
1843 1312 1929 1392 dioit,
1952 1311 1987 1375 E
2005 1316 2089 1377 terra
2110 1311 2288 1394 tumea,
2309 1333 2366 1376 ex·

392 1398 522 1466 servilis
551 1397 653 1464 litera.
698 1398 785 1463 Nam
808 1418 870 1463 vox
900 1397 980 1467 haee
1010 1398 1175 1466 deseendit
1203 1403 1221 1464 a
1250 1398 1356 1465 radioe
1407 1411 1532 1483 ponunt
1560 1398 1622 1464 hoo
1650 1399 1843 1481 interpretes
1871 1399 1911 1461 de
1940 1396 2114 1462 Chaldaeis
2142 1412 2174 1460 et
2201 1397 2366 1480 Assyriis:

391 1471 456 1554 252.
502 1483 566 1550 Sed
596 1484 726 1548 videtur
755 1484 892 1567 praefigi
926 1483 1006 1549 haee
1033 1485 1140 1565 litera,
1173 1492 1209 1550 ut
1238 1485 1357 1550 indicet
1407 1486 1500 1567 quasi
1533 1483 1655 1550 dioeret
1687 1482 1859 1567 prophete:
1893 1481 1972 1548 Ideo
2003 1483 2144 1564 quietem
2175 1494 2366 1565 perpetuam

393 1590 464 1636 esse
496 1589 632 1648 nomen,
668 1569 752 1634 sieut
784 1584 808 1637 tt
840 1569 873 1632 in
907 1570 972 1634 fine
1005 1580 1055 1636 est
1090 1571 1184 1635 litera
1219 1570 1355 1636 servilis.
1406 1570 1559 1647 seratis,
1592 1571 1667 1651 quis
1697 1568 1809 1652 prooul
1836 1569 1952 1634 remoti
1981 1578 2058 1632 sunt
2087 1589 2107 1632 a
2134 1568 2226 1633 vohis
2248 1568 2366 1632 hostes.

392 1655 564 1738 Signifioat
597 1674 675 1738 ergo
708 1653 868 1736 propheta
896 1674 929 1719 se
956 1657 1114 1736 quoesisse
1141 1655 1235 1720 robur
1262 1676 1357 1738 super
1441 1655 1575 1720 istantia
1604 1655 1706 1738 igitur
1733 1663 1766 1718 st
1795 1673 1887 1718 mora
1918 1651 2127 1736 profectionis
2160 1653 2246 1734 parit
2277 1653 2368 1717 vohis

392 1741 510 1807 dolore:
535 1740 590 1805 sed
611 1759 661 1805 cor
681 1758 775 1804 ευυυ
794 1739 894 1820 sulem
914 1740 1083 1820 infimum.
1127 1740 1201 1806 Non
1224 1741 1356 1806 dubium
1407 1740 1493 1805 hane
1512 1741 1733 1816 securitatem,
1762 1739 1927 1822 quianon
1951 1737 2367 1803 videturvobisoredibile

395 1826 474 1891 mihi
497 1834 547 1891 eet
564 1824 642 1908 quin
662 1825 723 1890 hoe
741 1844 867 1906 qnoque
884 1845 981 1891 versu
1000 1826 1033 1890 in
1052 1824 1193 1891 medium
1216 1824 1357 1908 proferat
1408 1837 1444 1889 ut
1477 1825 1586 1890 hostes
1618 1825 1720 1890 vestri
1752 1834 1880 1890 tantum
1918 1824 2042 1890 itineris
2080 1823 2203 1889 laniant
2240 1825 2367 1906 magnis

394 1930 564 1995 perversos
593 1909 702 1993 populi
724 1909 868 1987 effeetus,
898 1910 981 1992 quod
1011 1911 1133 1978 seilieet
1153 1911 1277 1976 vellent
1298 1932 1358 1977 sua
1408 1911 1599 1993 sumptibus,
1621 1922 1654 1974 et
1676 1931 1794 1994 magna
1816 1909 1980 1990 molestia:
2002 1909 2057 1973 sed
2081 1908 2163 1974 fallit
2177 1928 2235 1973 vos
2250 1909 2366 1990 opinio.

394 1995 574 2081 pertinenia
606 2015 626 2059 a
657 2015 692 2059 se
725 1993 886 2077 depellere
919 2015 1031 2062 omnes
1063 2017 1189 2078 poenas
1244 1997 1358 2078 Neque
1408 1995 1567 2076 Quemvis
1589 2016 1665 2079 ergo
1694 1992 1807 2077 prooul
1835 2015 1854 2057 a
1882 1994 1974 2059 vobis
2003 1994 2123 2059 distent
2152 1991 2308 2058 Chaldaei
2334 2005 2368 2057 et

394 2081 483 2145 enim
504 2079 566 2145 hoo
594 2087 701 2162 potest
728 2080 831 2162 aeoipi
856 2081 896 2144 de
917 2081 986 2162 ipso
1008 2082 1061 2147 vel
1090 2081 1160 2147 eins
1188 2080 1356 2146 similibus.
1410 2081 1554 2165 Assyrii,
1586 2091 1694 2145 tamen
1717 2079 1855 2146 aderunt
1877 2078 2076 2162 propediem,
2110 2091 2143 2143 et
2172 2093 2287 2162 nogent
2310 2098 2368 2144 vos

394 2163 480 2231 Nam
501 2165 620 2231 sdmus
642 2185 738 2247 quam
762 2165 865 2229 teneri
887 2166 952 2230 sint
974 2166 1038 2232 Dei
1065 2168 1204 2233 oultores
1226 2167 1266 2231 ad
1288 2168 1358 2233 eins
1409 2166 1449 2230 ad
1478 2166 1751 2232 vooiierationem.
1803 2164 1876 2230 Non
1905 2165 2039 2247 potestis
2066 2185 2152 2230 nuno
2180 2163 2264 2229 lerre
2294 2183 2367 2247 pro·

394 2253 487 2317 iram.
531 2249 578 2316 Ut
607 2252 693 2315 enim
727 2251 893 2333 praevalet
920 2249 984 2315 Dei
1017 2253 1116 2317 timor
1148 2253 1182 2317 in
1213 2253 1358 2334 ipsorum
1409 2251 1554 2335 phetieas
1577 2250 1825 2333 admonitiones,
1849 2271 1911 2315 vor
1933 2269 2093 2313 mennon
2116 2248 2368 2314 estvobistole·

396 2335 555 2415 eordibus,
583 2336 630 2400 ita
651 2336 749 2400 etiam
771 2335 863 2402 laeile
893 2344 1057 2402 terrentur
1084 2347 1117 2402 et
1138 2349 1360 2420 expaveseunt
1409 2335 1537 2402 rabilis:
1560 2335 1651 2402 Deus
1672 2346 1780 2401 autem
1802 2333 2009 2417 extorquebit
2030 2357 2051 2398 a
2073 2335 2162 2400 vohis
2177 2334 2274 2418 longe
2289 2335 2368 2399 alias

396 2421 438 2486 ad
466 2420 536 2486 eins
564 2420 730 2486 iuditium.
775 2419 841 2485 Sed
872 2419 1061 2502 hpooritae
1091 2432 1123 2488 et
1145 2423 1272 2506 profani
1301 2423 1358 2487 ho·
1410 2440 1522 2488 voees:
1555 2421 1735 2487 elamabitis
1761 2421 1864 2498 enim,
1897 2428 1931 2484 et
1959 2419 2088 2502 quidem
2117 2421 2187 2487 sine
2214 2421 2370 2503 protento.

396 2507 500 2572 mines
522 2525 650 2587 semper
671 2505 826 2571 affeotant
847 2441 1067 2584 obtlnresoere,
1089 2517 1247 2589 quantum
1269 2508 1359 2573 inse
1411 2507 1476 2573 Hie
1497 2527 1613 2572 sensus
1635 2528 1700 2571 non
1723 2517 1811 2572 earet
1831 2506 1971 2570 ratione:
2006 2515 2038 2570 et
2066 2505 2137 2570 ideo
2167 2505 2196 2570 si
2224 2506 2297 2587 quis
2327 2507 2371 2569 ita

397 2602 456 2659 est.
496 2590 585 2673 Ergo
607 2610 677 2656 sese
699 2587 854 2655 roborant
875 2589 1033 2657 adversus
1051 2592 1169 2669 Deum,
1191 2601 1224 2657 et
1244 2602 1360 2676 putant
1384 2585 1387 2670 l
1411 2593 1492 2658 velit
1513 2593 1614 2675 aooipi
1636 2591 1813 2674 prophetae
1835 2592 1943 2670 verba,
1967 2611 2031 2654 non
2052 2591 2220 2655 oontendo.
2256 2590 2372 2656 Solent

397 2697 432 2744 se
455 2676 516 2741 hoe
538 2675 632 2741 modo
654 2675 724 2740 fore
745 2675 893 2742 virtores.
924 2675 1036 2756 Quum
1058 2678 1105 2742 ita
1127 2681 1360 2744 eontumaoiter
1411 2680 1498 2742 enim
1531 2678 1719 2760 hypoeritae
1751 2675 1901 2742 fidnoiam
1936 2676 2101 2759 eonoipere
2134 2697 2175 2740 ex
2207 2676 2372 2758 praesenti

397 2769 522 2828 oertent
553 2760 709 2826 adversus
738 2761 854 2840 Deum,
887 2760 1044 2843 propheta
1072 2761 1125 2830 hio
1153 2762 1188 2826 in
1217 2763 1360 2827 medium
1411 2761 1583 2844 adspeotn:
1605 2763 1634 2826 si
1656 2761 1768 2827 vident
1788 2761 1830 2826 ab
1850 2760 1940 2826 omni
1954 2772 2047 2844 parte
2061 2761 2170 2826 omnia
2184 2760 2370 2843 tranquilla,

397 2847 550 2930 proponit
579 2853 700 2928 quantu
731 2845 829 2910 fuerit
859 2847 894 2909 in
925 2845 1043 2928 populo
1072 2847 1222 2926 durities,
1258 2847 1359 2928 Volui,
1412 2846 1495 2912 nihil
1516 2847 1650 2929 perieuli
1672 2857 1841 2911 metuunt:
1863 2845 1947 2928 quod
1969 2848 1996 2910 si
2017 2844 2110 2911 Deus
2130 2846 2195 2911 illis
2217 2847 2371 2927 minetur,

396 2931 513 3014 inquit,
541 2930 686 2998 roborare
710 2951 759 2996 me
778 2951 872 3011 ευρεν
893 2930 1039 2998 dolerent:
1070 2934 1158 3015 atqui
1186 2953 1237 2999 eor
1257 2953 1361 2998 meum
1411 2945 1445 2997 et
1466 2953 1532 2997 non
1560 2931 1704 2998 ostendit
1732 2933 1843 2996 statim
1872 2952 1932 2996 sna
1959 2930 2104 3014 flagella,
2138 2929 2287 2996 derident
2315 2943 2372 2996 aut

398 3015 1181 3168 ttt.t.tttt'”nt.¹¹tt.th.ftlt
1200 3016 1280 3169 {tt
1302 3039 1359 3170 53.
1411 3031 1605 3170 {liiiio
1622 3016 2370 3183 {stelittlfftttttttttttz·

398 3186 551 3252 roborare
578 3195 611 3250 et
631 3185 813 3267 quaesiistis
841 3185 1038 3252 munitiones
1061 3196 1094 3251 et
1115 3189 1359 3272 propugnaoula
1411 3125 1649 3272 qnodpseilioet
1677 3187 1835 3254 deseribat
1856 3187 2010 3253 Ieremias
2039 3185 2288 3252 lamentationes
2314 3150 2371 3270 pos

399 3273 554 3339 adversus
577 3269 700 3336 Deum:
734 3289 809 3335 nam
841 3271 1040 3353 praevalebit
1067 3271 1200 3337 tandem
1232 3294 1360 3339 moeror
1411 3274 1479 3356 puli
1496 3275 1559 3340 iam
1576 3273 1709 3352 exsulis,
1730 3283 1900 3357 postquam
1924 3272 2105 3338 abstraotus
2126 3283 2197 3336 erat
2218 3271 2254 3334 in
2275 3271 2373 3336 Ohal·

398 3357 478 3441 ipse,
500 3356 576 3438 quia
597 3353 760 3421 Dominus
782 3355 880 3420 addet
901 3355 1012 3438 plagas
1033 3355 1147 3440 plagis,
1170 3365 1209 3421 ut
1229 3379 1360 3424 neeesse
1412 3358 1525 3424 dseum
1547 3369 1579 3424 et
1600 3358 1780 3443 Assyriam.
1832 3357 1899 3422 Vox
1941 3377 2019 3441 ergo
2038 3355 2125 3438 filine
2143 3355 2254 3438 populi
2274 3357 2372 3422 υιείε

398 3445 442 3510 sit
463 3441 556 3509 vobis
578 3441 711 3507 tandem
732 3441 951 3507 snooumbere.
984 3439 1058 3507 Hoe
1079 3442 1238 3526 signifieat
1260 3463 1359 3526 quum
1411 3449 1493 3509 terra
1525 3444 1711 3527 lonqinquo,
1747 3462 1862 3524 nempe
1895 3453 2065 3524 postquam
2098 3442 2217 3523 privati
2248 3441 2373 3507 luerint

399 3528 477 3594 dioit
497 3547 549 3594 eor
568 3546 660 3593 ευυυι
686 3527 787 3607 fuisse
813 3525 974 3608 infirmum
1000 3547 1095 3610 siper
1115 3547 1156 3593 εε.
1200 3528 1281 3612 Ego,
1311 3529 1361 3592 in·
1411 3530 1533 3612 patria,
1572 3540 1649 3594 tune
1680 3528 1839 3610 inoipient
1870 3527 2026 3592 olamare:
2066 3527 2218 3609 quoniam
2250 3527 2372 3594 scilieet

398 3614 482 3763 :th
512 3632 690 3764 ttt‘ttt:
716 3611 910 3762 ‘iiiiii’
927 3624 1181 3763 .tt.¹t.tt⁰¹²
1201 3622 1361 3764 dliii
1412 3614 1565 3765 'gliti
1583 3611 2372 3773 thtttl.ttt‘t.tt‘tltttttttt

398 3785 489 3866 impii
506 3783 645 3848 viriliter
662 3790 779 3865 putant
795 3802 830 3847 se
845 3801 950 3866 agere,
972 3782 1049 3848 dum
1067 3784 1188 3848 furiose
1205 3785 1362 3850 resistunt
1412 3720 1466 3851 liin
1498 3804 1630 3850 sensns:
1666 3783 1723 3849 sed
1755 3719 2031 3866 prioremgamagis
2063 3782 2256 3866 amplector,
2287 3783 2372 3865 quod

399 3868 488 3934 Deo:
519 3867 575 3934 sed
598 3867 729 3932 tandem
758 3867 968 3950 experiuntur
996 3869 1066 3951 ipso
1094 3880 1212 3934 eventu
1242 3870 1362 3935 frustra
1412 3869 1535 3936 soilioet
1556 3867 1693 3952 populns
1715 3869 1806 3934 brevi
1829 3889 1983 3933 sensurus
2004 3868 2057 3948 sit,
2079 3888 2177 3950 quam
2195 3869 2292 3934 stulte
2309 3867 2371 3932 sihi

400 3975 435 4020 se
457 3973 615 4036 quaerere
637 3952 701 4017 tale
722 3952 836 4018 robur:
867 3953 953 4017 Nam
974 3972 1025 4018 eor
1045 3959 1182 4019 nostum
1202 3953 1363 4034 εὐίὶηυυυε
1413 3957 1548 4022 feeerint
1569 3953 1706 4032 delitias,
1734 3973 1834 4037 quum
1858 3952 1948 4018 Dens
1970 3974 2027 4036 per
2047 3973 2157 4018 servos
2179 3973 2255 4018 suos
2276 3953 2372 4018 mini-

401 4039 459 4104 erit
479 4057 573 4120 ευμεν
593 4057 660 4118 υοε,
689 4039 804 4120 inquit,
833 4047 865 4104 et
886 4040 957 4121 ipsa
979 4037 1128 4104 debilitas
1150 4060 1209 4106 nos
1231 4040 1362 4105 tandem
1415 4053 1538 4108 teretur
1559 4040 1684 4107 sladem
1707 4053 1740 4105 et
1760 4039 1938 4103 interitum.
1982 4037 2027 4102 Et
2048 4035 2119 4102 ideo
2148 4038 2253 4102 utitur
2274 4040 2374 4121 parti·

399 4124 559 4207 opprimet
579 4131 675 4205 atque
696 4123 820 4188 obruet.
1415 4127 1488 4190 onla
1509 4125 1780 4191 demonstrativa:
1814 4123 1892 4189 Εεεε
1913 4143 1971 4188 vox
1991 4123 2144 4206 demerit,
2172 4123 2287 4206 inquit.
2330 4123 2375 4187 l'lt

1416 4223 1524 4276 tamen
1556 4230 1709 4294 magnum
1744 4221 1814 4274 erat
1843 4223 1921 4274 tune
1950 4207 2114 4272 silentium
2142 4207 2373 4291 lerosolymae:

487 4294 537 4360 19.
568 4291 648 4359 Εεεε
668 4313 728 4358 uox
749 4293 896 4360 clamoris
917 4293 1004 4375 tiliae
1025 4294 1137 4376 populi
1160 4296 1222 4361 mei
1242 4315 1257 4360 e
1278 4301 1364 4362 terro
1415 4297 1544 4361 tametsi
1567 4297 1710 4360 enimin
1738 4296 1807 4361 suis
1835 4291 2058 4377 voluptatibus
2084 4291 2222 4358 edebant
2251 4295 2375 4377 aliquas

401 4379 580 4462 lonqinquo,
602 4378 658 4444 Αυ
680 4377 816 4444 Iehoeob
837 4398 898 4444 υου
918 4385 963 4446 εει
978 4381 1014 4444 in
1033 4378 1136 4446 Sion?
1158 4401 1201 4445 on
1219 4400 1276 4444 ree·
1296 4381 1365 4446 eius
1415 4401 1520 4460 voees,
1543 4389 1651 4448 tamen
1674 4379 1761 4462 quod
1783 4379 1823 4444 ad
1844 4379 1941 4444 fletus
1963 4389 1995 4444 et
2016 4378 2262 4444 lamentationes
2282 4401 2374 4463 spee-

401 4484 464 4530 υευ
492 4469 536 4530 est
555 4465 592 4529 itt
613 4464 676 4529 eo?
714 4463 816 4545 Qieore
838 4470 1050 4545 proooeortmt
1075 4486 1122 4530 me
1150 4464 1193 4530 od
1219 4465 1302 4529 bam
1331 4466 1365 4529 ia
1416 4477 1472 4544 tat,
1495 4476 1565 4531 tota
1586 4467 1663 4531 nrbs
1685 4464 1809 4531 silebat.
1855 4465 2065 4529 Demonstrat
2086 4465 2186 4548 igitur
2215 4465 2375 4547 propheta

397 4549 469 4616 -ευίε
490 4549 710 4632 sodplilibas?
733 4551 768 4614 in
788 4548 978 4617 εευίὒυείότυ
998 4548 1124 4616 alieni?
1416 4552 1501 4633 qnod
1523 4559 1593 4616 erat
1615 4549 1848 4616 ahsoonditum.
1892 4549 1958 4615 Sed
1980 4551 2027 4613 ita
2048 4548 2129 4615 solet
2155 4570 2252 4633 agere
2274 4551 2374 4628 Dens,

1415 4635 1686 4717 quemadmodum
1708 4635 1805 4700 etiam
1827 4646 1937 4717 postea
1957 4632 2113 4699 iudioium
2130 4655 2225 4700 snum
2242 4647 2375 4717 repente

486 4719 560 4786 Hoo
582 4738 679 4784 versu
700 4717 859 4801 propheta
880 4719 1015 4801 suseipit
1038 4719 1183 4785 diversas
1202 4739 1365 4803 personas,
1415 4721 1613 4805 exsequitur.
1657 4720 1742 4784 Nam
1765 4739 1864 4801 quom
1887 4719 1999 4784 dieunt
2019 4719 2119 4802 impii,
2142 4719 2262 4786 Paret
2283 4743 2375 4788 seeu-

400 4805 543 4888 primum
566 4804 690 4870 oladem
713 4803 903 4884 denuntiat,
934 4824 1015 4886 quae
1040 4807 1170 4871 temetsi
1201 4809 1265 4870 iam
1295 4819 1365 4869 erat
1415 4806 1503 4886 ritas,
1525 4807 1676 4870 interitus
1698 4803 1806 4882 adest,
1835 4817 1869 4870 et
1888 4804 1963 4869 illos
1985 4803 2093 4869 subito
2114 4804 2231 4870 obruit.
2273 4805 2375 4871 Addit

400 4891 592 4973 propinqua,
614 4909 680 4954 non
703 4898 811 4954 mmen
834 4889 1039 4954 metuebatur
1057 4909 1076 4954 a
1092 4891 1226 4974 populo:
1249 4890 1365 4955 deinde
1415 4890 1558 4957 seeundo
1579 4888 1660 4967 loeo,
1681 4891 1737 4954 Aa
1757 4909 1819 4956 noa
1840 4888 1974 4956 Jetooat
1993 4887 2375 4958 insensatarum

401 4985 623 5057 repraesentet
640 4973 795 5059 populum
813 4974 929 5056 ipsum,
952 4983 984 5040 et
1001 4975 1103 5041 refert
1119 4996 1202 5058 quae
1220 4975 1365 5041 dicturos
1416 4978 1484 5041 eius
1513 4976 1549 5040 in
1575 4976 1638 5042 en?
1682 4975 1756 5041 Non
1784 4974 1918 5040 dubium
1947 4977 2100 5057 estquis
2129 4973 2182 5040 hio
2214 4977 2375 5060 exprimat

402 5069 480 5126 erat.
532 5060 642 5126 'sertio
672 5056 822 5144 adiungit
855 5060 1096 5143 responsionem
1128 5062 1191 5127 Dei
1224 5061 1365 5140 nomine,
1415 5061 1573 5144 propheta
1602 5061 1711 5144 populi
1740 5061 1957 5144 querimonias
1983 5080 2081 5142 quum
2111 5060 2236 5127 rideret
2265 5084 2299 5129 se
2327 5075 2375 5126 tot

401 5165 485 5311 &aas
524 5155 706 5244 oompeseat
746 5144 951 5244 obstreperes
994 5145 1066 5209 illas
1109 5167 1202 5212 voees
1246 5146 1363 5229 populi.
1417 5168 1454 5212 ae
1474 5147 1574 5213 tantis
1594 5146 1688 5230 malis
1710 5147 1830 5230 urgeri,
1859 5155 1891 5243 et
1913 5143 2038 5209 nnllnm
2059 5146 2196 5211 sentiret
2216 5148 2374 5212 auxilium

436 5250 513 5295 unm
537 5231 614 5295 dtort
633 5231 734 5312 tilium
749 5229 863 5311 popula
893 5249 946 5294 eut
973 5230 1125 5312 elamore,
1159 5233 1272 5297 referri
1304 5232 1365 5297 hoo
1417 5252 1435 5295 e
1467 5233 1565 5299 ooelo.
1616 5233 1699 5298 Nam
1734 5232 1922 5316 hypocritae
1953 5250 2079 5312 semper
2110 5251 2184 5296 oum
2218 5231 2289 5298 Deo
2321 5254 2374 5298 ex·
