5118 6136
196 455 264 528 ,689
893 454 943 521 IN
965 454 1215 524 latratuum.
1256 455 1356 525 OAP.
1376 455 1510 522 XXXI.
2136 461 2202 528 690

201 645 352 728 regenuit
373 641 487 708 fideles
507 643 625 726 spiritu
649 663 718 723 suo,
739 643 786 708 ita
808 649 845 708 ut
867 662 932 708 non
956 650 1042 707 esset
1063 642 1172 707 litera-
1226 661 1297 708 aeae
1337 643 1515 710 aeerrimns
1548 642 1699 708 stimulus
1731 643 1773 710 ad
1806 644 2034 712 obediendum.
2073 647 2225 731 'Quem

202 729 242 792 lis
265 737 395 794 tantum
427 728 582 807 doetrina,
613 729 670 794 ead
693 730 822 806 elliaax,
852 747 935 809 quae
956 747 1021 791 uon
1046 734 1173 792 tantum
1226 729 1331 811 turpis
1353 729 1442 794 enim
1465 727 1666 811 ingratitudo
1689 729 1762 806 luit¹
1785 749 1886 812 quum
1908 730 2071 814 redempti
2091 746 2201 800 ament

202 813 391 882 verberarat
412 833 518 892 aurea,
551 813 609 879 aad
631 814 666 878 in
688 815 815 879 animos
847 821 1045 895 penetraret,
1078 819 1175 895 atque
1225 811 1409 882 admirabili
1442 812 1508 877 Dei
1539 815 1700 897 potentia,
1740 813 1874 880 reiioere
1907 815 2033 897 foedus,
2070 818 2200 901 quando

201 917 278 964 vere
301 900 455 964 formaret
477 901 512 964 in
534 900 724 982 obsequium
748 898 821 964 Dei.
866 898 965 963 Ratio
992 901 1091 963 otiam
1118 918 1175 962 ex·
1225 899 1395 979 praeventi
1425 899 1557 964 fuerant
1585 900 1809 965 misericordie
1840 900 1926 966 Dei?
1978 901 2091 984 Quum
2120 925 2200 988 ergo

202 991 296 1048 terna
319 984 454 1050 doeendi
483 1005 571 1050 nova
599 985 671 1062 fuit,
705 983 978 1066 quemadmodum
1008 983 1089 1048 satia
1119 1003 1174 1065 ap·
1225 994 1304 1050 tuna
1327 985 1457 1050 irritum
1480 984 1618 1050 leoerint
1640 982 1703 1050 Dei
1726 985 1849 1064 laedas,
1871 987 1950 1054 hine
1970 989 2060 1055 satie·
2074 988 2200 1074 oolligi-

200 1076 305 1151 paret.
350 1069 434 1135 Nam
464 1071 491 1134 si
522 1069 719 1136 oonlerimus
750 1072 853 1152 legem
884 1089 959 1134 oum
993 1069 1174 1153 evangelio,
1226 1081 1294 1148 tur,
1336 1070 1462 1136 nullum
1501 1070 1604 1136 fuisse
1637 1081 1766 1152 tempus
1798 1091 1864 1154 quo
1897 1093 1964 1137 non
1999 1072 2200 1157 prodiderint

199 1155 345 1237 loquitur
369 1154 465 1220 hodie
487 1156 656 1222 nobiseum
679 1154 772 1221 Deus
793 1153 999 1218 familiariter
1021 1165 1174 1237 tanquam
1226 1173 1320 1219 snam
1347 1155 1559 1240 impietatem.
1588 1164 1621 1220 et
1648 1156 1768 1221 luerint
1795 1156 1975 1242 foedifragi.
2029 1160 2199 1245 Adiungit,

199 1239 282 1306 iaoie
304 1240 346 1306 ad
367 1241 493 1317 faeiem,
524 1261 590 1306 non
613 1238 674 1306 sub
696 1239 778 1315 velo,
809 1239 905 1304 sinuli
935 1240 1028 1306 donet
1049 1239 1175 1305 Paulus
1328 1246 1431 1308 tamea
1465 1239 1651 1307 dominabor
1683 1242 1772 1325 ἰρείε.
1827 1241 2025 1325 Quanquam
2062 1247 2199 1312 verbum

200 1324 244 1412 (2.
267 1325 342 1392 (lor.
366 1325 396 1401 3,
420 1325 474 1411 13)
507 1326 623 1412 Mosen
656 1325 810 1392 habuisse
838 1325 948 1393 velum
981 1327 1174 1408 oppositam,
1226 1339 1260 1394 'n
1281 1339 1333 1404 tta,
1363 1325 1495 1409 qnidam
1526 1326 1731 1411 restringunt
1760 1328 1801 1393 ad
1830 1329 2002 1410 imperium
2032 1331 2198 1396 maritale:

200 1410 258 1475 ubi
280 1411 431 1493 prodibat
453 1412 552 1478 verba
582 1412 728 1477 lauturus
750 1411 815 1476 Dsi
843 1411 984 1475 nomine.
1030 1410 1104 1476 Non
1127 1411 1175 1475 sio
1226 1421 1258 1475 et
1284 1413 1346 1477 hoo
1368 1432 1434 1476 non
1457 1411 1542 1476 male
1563 1413 1743 1496 eonveniet,
1772 1415 1848 1495 quia
1870 1415 1962 1478 Deus
1985 1435 2050 1479 non
2073 1415 2200 1497 simpli·

201 1503 252 1562 est
273 1497 308 1560 in
330 1497 511 1582 evangelio,
535 1497 641 1579 inquit
660 1495 793 1573 Paulae,
816 1494 873 1562 sed
897 1495 1006 1562 velum
1029 1495 1172 1563 ablatum
1225 1499 1308 1562 aiter
1341 1495 1526 1562 dominatus
1559 1505 1610 1562 est
1639 1506 1717 1564 tuno
1749 1497 1882 1580 populo,
1916 1499 1973 1563 sad
2006 1500 2068 1566 luit
2099 1503 2199 1566 otiam

200 1589 259 1661 est,
280 1592 314 1648 et
331 1583 421 1648 Deus
443 1584 477 1647 in
496 1583 577 1648 faeie
591 1581 715 1648 Obrieti
739 1601 775 1646 se
792 1580 887 1646 nobis
908 1579 1173 1664 oouepiaiendum
1225 1584 1372 1661 maritus,
1395 1580 1667 1663 quemadmodum
1690 1585 1877 1666 frequenter
1894 1586 1997 1650 utitur
2011 1583 2074 1650 hae
2088 1587 2200 1652 simili-

200 1668 360 1750 proponit.
405 1667 499 1733 Haeo
524 1668 634 1752 igitur
667 1667 750 1733 ratio
778 1676 828 1732 eet
849 1687 907 1732 our
929 1665 1088 1749 propheta
1116 1686 1172 1749 ep·
1226 1668 1349 1733 tudine.
1402 1665 1518 1734 Nesoio
1547 1677 1658 1733 tamen
1686 1686 1728 1732 an
1759 1667 1841 1733 illud
1870 1671 1950 1734 satis
1979 1672 2108 1736 firmam
2140 1674 2198 1738 sit:

199 1753 299 1834 pallet
330 1773 444 1820 meam
470 1754 590 1836 foedas,
624 1754 708 1818 siout
733 1751 883 1835 pluribus
905 1750 1077 1816 dioendum
1100 1753 1173 1816 erit.
1225 1754 1298 1819 ideo
1328 1753 1471 1818 eontenti
1502 1753 1605 1817 simue
1634 1754 1779 1837 generali
1801 1754 1962 1837 doetrina,
1996 1754 2082 1838 quod
2106 1756 2197 1821 Dens

199 1839 272 1923 Ego
293 1839 380 1902 enim
405 1841 590 1922 perstringo
620 1859 703 1922 quae
725 1857 790 1903 non
814 1849 951 1920 possunt
979 1836 1077 1901 simul
1101 1837 1173 1916 diei,
1225 1838 1286 1904 sibi
1315 1837 1509 1921 adquisierat
1536 1837 1702 1921 populum,
1731 1840 1824 1921 quasi
1854 1838 1977 1905 diaeret
2005 1861 2039 1906 se
2068 1850 2199 1906 tantum

199 1934 235 1986 ut
261 1926 365 2004 possit
398 1930 486 1990 totus
519 1924 698 2006 prophetea
731 1931 904 1988 oontextus
936 1921 1054 1987 melius
1085 1941 1172 1986 aom-
1225 1945 1320 1989 usum
1351 1922 1450 1988 luisse
1479 1923 1550 1988 iura
1580 1943 1640 1987 suo
1668 1942 1769 2006 quum
1799 1923 1871 1988 illos
1894 1924 1995 1989 vellet
2015 1945 2140 2010 regere,
2166 1938 2199 1992 ot

199 2009 368 2090 prehendi.
411 2009 510 2075 Nuno
542 2029 621 2092 ergo
654 2029 829 2092 pergamus
857 2009 891 2072 in
922 2006 1038 2072 verbis.
1084 2006 1174 2072 Dioit
1225 2030 1325 2093 quum
1353 2007 1420 2073 illis
1450 2008 1683 2090 praesoriberet
1712 2009 1869 2074 rationem
1892 2008 2036 2075 vivendi.
2081 2009 2198 2092 Quen·

197 2095 310 2174 foedus
331 2095 414 2176 qaod
433 2095 580 2178 paradisi
597 2114 660 2160 rora
674 2094 745 2176 sore
761 2093 854 2175 quale
872 2094 978 2176 fuerat
994 2092 1076 2158 illud
1092 2094 1174 2174 qaod
1225 2115 1324 2178 quam
1347 2092 1486 2159 foederis
1508 2112 1628 2158 nomen
1650 2095 1753 2178 magis
1774 2093 1991 2162 honorificum
2014 2104 2064 2161 eat
2086 2094 2197 2179 populi

196 2186 394 2259 weuram
413 2200 484 2246 eum
500 2180 648 2262 patribus
668 2181 820 2260 ipsorum.
860 2177 926 2244 Hie
948 2177 1034 2242 olore
1057 2177 1172 2243 distin·
1225 2188 1384 2264 reapeotu.
1430 2178 1515 2243 Nam
1537 2178 1565 2245 si
1587 2200 1645 2245 rex
1668 2179 1829 2262 quispiam
1852 2179 1970 2264 populo
1993 2201 2051 2246 suo
2074 2180 2197 2266 aliquid

199 2264 272 2347 guit
295 2265 549 2331 loeduenovum
568 2265 686 2348 alege.
721 2264 907 2339 Antithesis
929 2263 1009 2332 haee
1031 2264 1173 2329 tenenda
1225 2267 1377 2348 imperet,
1414 2273 1549 2332 voeatur
1580 2263 1660 2328 illud
1693 2261 1845 2330 edietum.
1902 2263 1969 2330 Sed
2002 2264 2095 2336 Deua
2128 2268 2198 2352 agit

199 2357 264 2414 est:
295 2351 372 2432 quia
392 2369 488 2416 nemo
511 2372 553 2414 ex
575 2349 707 2416 ludaeis
735 2357 884 2431 putasset
912 2349 983 2414 fieri
1013 2368 1107 2432 posse
1136 2354 1173 2413 ut
1225 2349 1399 2416 humanius
1428 2369 1502 2416 oum
1526 2349 1645 2433 populo
1666 2369 1735 2426 auo,
1765 2349 1842 2432 quia
1863 2349 2038 2428 deseendit,
2069 2360 2103 2415 et
2123 2371 2198 2418 oon·

199 2434 291 2498 Deus
324 2434 458 2500 adderet
490 2435 613 2518 aliquid
648 2434 764 2500 melius
798 2434 863 2519 legi
895 2455 983 2500 suae.
1027 2434 1174 2500 Tametsi
1224 2436 1333 2500 stituit
1360 2457 1394 2501 se
1423 2436 1458 2504 iu
1488 2433 1602 2511 medio.
1634 2443 1671 2500 ut
1697 2434 1822 2500 soilioet
1849 2456 1883 2501 se
1912 2435 2031 2520 populo
2054 2437 2198 2502 viaissim

196 2520 288 2585 enim
306 2520 373 2584 lere
390 2539 449 2604 pro
467 2520 571 2585 nihilo
589 2519 752 2586 dueebant
767 2520 889 2604 legem:
913 2520 1034 2585 seimus
1052 2529 1172 2598 mman.
1224 2521 1362 2605 obliget,
1400 2519 1673 2603 quemadmodum
1713 2520 1775 2585 sibi
1814 2519 1971 2604 populum
2010 2519 2196 2604 obstringit.

199 2613 238 2670 ut
254 2605 445 2690 hypooritae
462 2606 620 2672 simulant
639 2625 796 2690 magnum
815 2605 962 2670 ardorem
981 2605 1052 2684 aeli,
1074 2605 1173 2670 luisse
1224 2606 1386 2672 Videmus
1414 2625 1492 2689 ergo
1519 2605 1554 2669 in
1584 2623 1712 2670 summa
1741 2624 1800 2669 eur
1821 2604 1909 2671 dieat
1931 2607 2022 2672 Deus
2043 2626 2076 2672 se
2096 2608 2198 2689 falsae

198 2697 370 2773 tantopere
392 2691 456 2774 legi
479 2690 637 2763 addiotos.
667 2699 704 2755 ut
726 2697 880 2772 putarent
908 2690 1034 2756 eoelum
1064 2691 1173 2774 potius
1224 2690 1553 2772 dominatampopab,
1573 2711 1690 2772 nempe
1704 2690 1783 2771 quia
1800 2690 1893 2755 illum
1908 2689 1970 2756 sibi
1986 2692 2197 2773 adquisierat:

198 2783 306 2840 terrae
328 2796 423 2858 posse
446 2777 583 2853 misnen,
604 2796 700 2860 quam
725 2774 848 2857 aliquid
870 2796 966 2858 poese
985 2776 1108 2844 mutari
1130 2797 1173 2841 ax
1225 2787 1258 2842 et
1287 2787 1397 2841 tamen
1426 2797 1491 2841 non
1518 2775 1619 2840 fuerit
1647 2777 1769 2856 potitus
1798 2775 1869 2840 iure
1900 2796 1970 2850 suo,
1987 2786 2123 2858 propter
2144 2777 2197 2842 in·

199 2860 288 2945 lega:
322 2870 356 2926 et
382 2863 546 2926 mordiaus
575 2863 699 2927 interea
727 2860 884 2926 tenebant
912 2879 994 2944 quae
1016 2860 1109 2926 Deus
1132 2860 1172 2924 ad
1225 2861 1384 2927 domitum
1423 2871 1457 2924 et
1492 2860 1648 2946 pervioax
1687 2860 1856 2945 ingenium
1889 2862 2008 2944 populi.
2063 2860 2197 2927 Interea

196 2955 329 3028 tempus
361 2945 525 3012 duntaxat
557 2947 755 3012 instituerat.
803 2944 946 3012 Neoeaee
976 2947 1078 3028 igitur
1110 2946 1173 3010 luit
1225 2946 1405 3012 notandum
1433 2954 1498 3029 ast,
1526 2945 1581 3011 hio
1609 2946 1698 3011 reiiai
1727 2944 1856 3027 eulpam
1887 2945 1921 3010 in
1945 2944 2109 3030 populum,
2138 2968 2197 3014 our

199 3031 305 3115 legem
331 3029 386 3096 hio
415 3033 553 3097 eonforri
587 3051 662 3098 oum
696 3052 781 3097 novo
813 3029 956 3108 foedere,
990 3037 1029 3094 ut
1049 3031 1172 3097 seirent
1224 3031 1279 3096 lex
1312 3052 1379 3098 nou
1411 3031 1510 3095 luerit
1538 3032 1634 3096 firma
1663 3050 1769 3113 nequa
1801 3031 1880 3096 satis
1910 3031 2028 3097 valida.
2080 3031 2197 3097 Voluit

199 3115 313 3180 Iudaei
346 3117 500 3200 gratiam,
534 3137 618 3199 quae
651 3117 738 3198 ipsos
771 3113 938 3196 manebat,
971 3115 1043 3181 iore
1076 3115 1171 3199 longe
1223 3117 1327 3200 igitur
1359 3115 1518 3198 propheta
1551 3116 1605 3181 hio
1629 3113 1737 3200 legam
1767 3114 1829 3180 Dei
1859 3112 1900 3181 ab
1927 3117 2015 3181 omni
2043 3126 2120 3183 nota
2147 3119 2197 3183 in·

199 3200 479 3280 exaellentiorem,
509 3221 607 3284 quam
631 3221 713 3284 quae
735 3201 944 3266 manifestata
964 3201 1044 3266 olim
1067 3201 1173 3265 luerat
1224 3203 1341 3267 lamiae
1356 3221 1515 3268 asserere:
1533 3201 1806 3284 quemadmodum
1823 3201 1973 3266 videmus
1988 3201 2074 3268 idem
2090 3204 2197 3268 lanera

199 3285 357 3369 patribus.
388 3287 481 3352 Haeo
503 3288 603 3370 igitur
624 3286 707 3350 ratio
729 3294 779 3351 est
800 3306 858 3350 eur
881 3285 968 3352 dieat
988 3305 1051 3352 aaa
1067 3304 1172 3350 aaran
1224 3286 1365 3353 Paulum
1382 3287 1411 3352 7.
1427 3285 1467 3350 ad
1482 3287 1578 3352 Rom
1595 3307 1663 3370 aap.
1682 3285 1901 3372 (r.12)dioit,
1920 3287 1994 3352 Lex
2011 3297 2196 3354 sanataete.

198 3373 274 3440 dam
293 3372 411 3454 foedus.
456 3371 575 3436 Poetae
596 3371 696 3449 addit,
721 3371 801 3453 quood
816 3372 963 3451 pomoni
984 3391 1055 3438 eam
1069 3371 1173 3453 patri-
1225 3371 1333 3438 Simul
1362 3374 1449 3437 enim
1471 3391 1509 3438 ao
1530 3392 1639 3438 sermo
1663 3371 1805 3437 habetur
1825 3370 1866 3436 da
1889 3371 1970 3454 legis
1992 3373 2194 3457 infirmitate,

199 3457 257 3523 bas
276 3477 398 3540 eareat,
427 3456 735 3540 quamapprebetdi
760 3457 1062 3538 earumipsarum.
1107 3456 1173 3521 Hie
1224 3459 1329 3522 maior
1355 3478 1430 3540 pare
1449 3457 1571 3540 aliquid
1592 3458 1764 3524 sinistrum
1786 3456 1826 3522 de
1848 3457 1920 3540 lege
1942 3459 2066 3540 arripit,
2095 3470 2128 3523 et
2149 3459 2196 3524 ita

198 3539 339 3608 ostendit
373 3563 544 3626 nunquam
577 3562 667 3625 spem
697 3540 812 3607 salutis
841 3543 910 3606 lore
931 3540 1062 3606 firmam
1086 3540 1172 3625 apud
1224 3541 1371 3609 redditur
1392 3545 1463 3626 ipsa
1485 3542 1539 3608 lex
1560 3540 1824 3625 oontemptibilis.
1858 3542 1936 3608 Ideo
1958 3544 2120 3626 propheta
2142 3544 2195 3608 hio

198 3627 288 3710 ipsos
306 3629 369 3694 nisi
385 3627 479 3693 Daue
497 3627 659 3711 pereutiat
678 3647 799 3694 norum
819 3625 942 3694 foedus.
975 3627 1065 3692 Talis
1083 3628 1172 3691 enim
1225 3627 1304 3693 dioit
1331 3628 1416 3710 ipsos
1441 3629 1549 3711 fealaae
1567 3629 1679 3710 foedas
1700 3626 1764 3693 Dei
1783 3628 1928 3692 irritam:
1954 3630 2046 3708 quasi
2075 3628 2196 3695 diaeret

201 3718 274 3778 erat
291 3733 402 3778 eorum
421 3713 583 3797 superbia,
601 3724 639 3777 ιιι
655 3712 715 3777 rix
730 3710 942 3778 admitterent
953 3711 1015 3776 Dei
1033 3713 1172 3796 gratiam
1224 3734 1292 3778 non
1325 3713 1359 3776 in
1388 3714 1459 3796 ipsa
1485 3713 1558 3798 lege
1585 3713 1809 3795 quaerendum
1842 3732 1913 3778 esse
1940 3713 2074 3797 vitium,
2108 3713 2195 3798 quod

201 3798 264 3864 nisi
286 3800 436 3865 eonvieti.
474 3797 613 3881 Semper
634 3799 723 3863 enim
745 3797 807 3862 hoo
827 3797 893 3863 illie
914 3798 1028 3862 luisset
1049 3798 1083 3860 in
1107 3817 1172 3875 ore,
1226 3819 1307 3881 opue
1346 3798 1389 3864 ait
1429 3811 1512 3870 novo
1544 3798 1685 3877 loedere,
1725 3799 1804 3881 quia
1836 3797 1890 3862 lex
1922 3799 2002 3864 satis
2035 3819 2196 3882 superque

201 3888 323 3950 Annon
336 3884 428 3949 Deus
443 3893 566 3966 patrem
581 3905 617 3948 se
627 3881 772 3948 ostendit
785 3882 905 3964 populo
920 3901 979 3948 suo
991 3902 1088 3964 quum
1100 3903 1173 3947 eum
1225 3884 1405 3948 suffioeret:
1426 3883 1481 3948 sed
1503 3882 1615 3966 populi
1636 3891 1704 3948 tam
1723 3884 1890 3950 levitatem
1908 3903 2005 3966 quam
2022 3882 2196 3967 perfidiam

201 3968 363 4035 redemit?
388 3989 498 4035 annon
521 3969 582 4034 init
603 3967 685 4034 illud
709 3967 928 4032 testimoninm
952 3967 1081 4050 paterni
1103 3969 1173 4033 eius
1225 3989 1296 4033 esee
1327 3969 1361 4033 in
1389 3969 1495 4050 eulpa
1543 3967 1641 4034 Nuno
1670 3988 1748 4052 ergo
1781 3968 1843 4034 hoo
1876 3988 2003 4052 quoque
2036 3977 2195 4047 tenemus,

200 4054 345 4120 favoris?
369 4075 477 4122 annon
500 4056 606 4120 erexit
622 4059 744 4119 statum
760 4051 914 4118 eoelesiae
929 4072 1024 4135 quem
1040 4073 1174 4118 manera
1226 4052 1309 4118 nihil
1332 4053 1459 4118 detrahi
1481 4054 1561 4138 legis
1584 4054 1701 4120 honori
1721 4074 1820 4137 quum
1839 4053 1960 4119 dieitur
1976 4075 2047 4120 esee
2065 4056 2197 4121 infirma

200 4149 397 4224 perpetuum
427 4140 549 4205 vellet?
594 4140 684 4222 Ergo
714 4137 910 4220 repulissent
933 4137 994 4202 Dei
1020 4139 1173 4222 gratiam,
1225 4147 1259 4204 et
1286 4139 1454 4205 ineffiuax:
1485 4140 1559 4222 quia
1586 4139 1784 4206 aooidentale
1811 4148 1863 4204 est
1891 4138 1973 4203 illud
2004 4139 2133 4216 vitium,
2162 4149 2197 4204 et

199 4226 266 4292 nisi
295 4226 455 4310 propheta
482 4225 587 4308 palam
617 4224 748 4291 lenisset
777 4222 882 4306 legem
913 4222 1015 4288 luisse
1036 4223 1100 4290 illis
1123 4225 1172 4288 in·
1225 4224 1379 4306 provenit
1416 4223 1457 4290 ab
1495 4224 1698 4302 homiuibus,
1737 4225 1792 4308 qui
1832 4235 1946 4289 mutuo
1986 4245 2051 4289 non
2084 4225 2198 4290 dolant

200 4311 327 4390 utilem,
356 4323 389 4376 et
413 4313 481 4377 lore
501 4311 624 4376 adhue:
655 4318 689 4374 et
709 4308 782 4374 ideo
803 4328 885 4391 opus
907 4329 978 4374 esse
1000 4328 1084 4374 novo
1106 4311 1173 4375 loe·
1224 4311 1322 4376 fidem
1353 4309 1464 4376 datam
1493 4330 1599 4393 neque
1620 4320 1764 4376 servant.
1809 4310 1912 4376 Plura
1933 4309 2040 4375 adhue
2062 4309 2198 4376 dioenda

201 4397 289 4477 dere,
313 4404 369 4462 aut
390 4397 508 4479 alioqui
526 4418 597 4462 esee
619 4395 699 4479 ipsis
720 4391 933 4477 pereundum.
966 4392 1062 4458 Nune
1084 4403 1173 4460 tene·
1224 4407 1331 4473 erunt,
1354 4395 1410 4460 aed
1434 4415 1586 4478 peroaruo
1608 4416 1698 4462 nuno
1719 4394 1899 4478 prophetae
1921 4395 2030 4478 verbe,
2057 4405 2095 4462 ιιι
2117 4396 2195 4461 dixi.

200 4502 275 4546 mus
304 4482 477 4548 eonsilium
505 4481 694 4563 prophetae.
745 4480 790 4544 Et
822 4479 883 4546 hoo
916 4477 1091 4563 diligenter
1115 4481 1172 4546 ob·
1225 4480 1383 4565 Sequitur
1405 4502 1503 4559 nuno,
2132 4503 2138 4517 ·

200 4567 399 4633 servandum
422 4576 483 4648 est,
505 4568 582 4648 quia
604 4586 669 4631 non
691 4565 772 4630 satis
794 4573 878 4630 esset
894 4565 979 4632 eoire
993 4565 1071 4648 quid
1087 4563 1173 4632 dieat

199 4651 489 4806 illitrlll
507 4652 604 4802 ill
630 4651 809 4801 {litii
827 4650 1174 4803 ⁰tst.lt⁰.tt¹i¹¹.⁰t
1224 4651 1362 4804 nti·
1390 4651 1554 4804 ms..
1564 4651 2088 4818 abibdmhihilm
2102 4651 2197 4820 iii

196 4823 349 4903 surdum,
379 4825 464 4907 quod
487 4823 579 4888 Deus
606 4757 720 4887 bousb
748 4841 870 4886 novum
896 4821 1066 4904 persudat,
1094 4843 1172 4906 quo·
1223 4759 1396 4890 meom'ti'
1416 4823 1515 4888 medlo
1540 4786 1681 4904 spaeram
1708 4819 1755 4908 (id
1783 4829 1843 4904 est,
1873 4822 1906 4885 in
1923 4785 2137 4905 ’vieoeribual
2169 4826 2197 4886 el

199 4908 291 4973 niam
319 4909 461 4991 primum
490 4908 607 4974 foedus
633 4908 741 4973 iuerat
769 4907 898 4985 inutile,
918 4915 962 4976 ¹et
991 4906 1074 4971 nihil
1097 4929 1171 4990 pro·
1223 4910 1259 4974 ia
1287 4909 1376 4974 eorde
1403 4909 1544 4989 ipsorum
1571 4907 1706 4975 amiam
1734 4927 1821 4974 eam:
1851 4911 1879 4970 et
1907 4925 1960 4989 epo
1987 4925 2040 4971 ero
2071 4906 2139 4972 iltis
2161 4909 2196 4972 e'o

196 4995 347 5060 tutorum
387 5006 482 5058 esset.
537 4993 609 5060 Iam
648 4994 710 5058 hoo
748 4993 933 5071 oonfirmat,
973 4994 1049 5075 quia
1082 4993 1172 5058 Daue
1222 4995 1339 5076 Deam,
1361 4994 1584 5074 stipatorem
1605 4992 1684 5058 mibi
1705 4993 1740 5058 ia
1756 4991 1920 5075 papulam.

199 5078 362 5162 perauesit
383 5078 496 5145 foedus
518 5079 598 5144 illud
621 5081 774 5161 primum,
798 5075 853 5141 ubi
871 5077 1019 5161 porrexit
1036 5099 1171 5144 manum
1742 5143 1745 5152 Δ
2181 5149 2184 5155 ,

200 5167 304 5230 veteri
345 5163 478 5247 populo,
518 5173 551 5230 et
582 5165 645 5230 luit
674 5165 743 5230 eius
775 5163 939 5228 liberator.
995 5162 1039 5228 ut
1069 5169 1173 5230 tamea
1309 5165 1495 5231 Dieorimen
1533 5184 1619 5230 nune
1651 5162 1807 5246 exprimit
1839 5161 1921 5246 legis
1954 5169 1987 5228 et
2024 5163 2195 5246 evangelii,

199 5251 330 5315 irritam
344 5250 481 5332 fecerant
496 5250 608 5332 foedus
621 5249 709 5316 illud.
744 5248 1000 5316 Ciroumstantia
1015 5251 1171 5332 temporis
1223 5251 1301 5334 quia
1323 5249 1529 5334 evangelium
1552 5269 1660 5315 seeum
1684 5249 1800 5314 afferat
1816 5249 1957 5333 gratiam
1977 5250 2197 5331 regeneratio·

201 5335 344 5402 notanda
364 5343 423 5416 eet,
452 5339 527 5420 quia
551 5337 707 5400 memoria
729 5333 868 5402 reeentis
891 5334 1038 5402 beneficii
1061 5335 1172 5402 debuit
1223 5338 1284 5416 nis,
1314 5334 1453 5420 ideoque
1482 5354 1547 5400 non
1576 5334 1620 5400 ait
1645 5333 1780 5400 litoralis
1802 5335 1871 5398 eius
1894 5332 2052 5412 doetrina,
2080 5333 2195 5398 sedin

311 5436 419 5493 Galoim'
436 5454 526 5508 opera.
558 5438 615 5493 Vol.
633 5435 724 5492 XXX
728 5437 813 5495 V111.
1955 5433 1991 5487 44
