5134 6124
377 418 441 484 243
1190 414 1577 492 PRAELEOTIONES
2314 417 2374 482 244

376 607 566 674 vastitatem
601 614 721 684 terrae,
758 615 794 671 ut
828 605 942 672 Iudaei
975 605 1068 689 quasi
1101 603 1239 672 obducta
1272 604 1353 671 callo
1407 605 1501 670 illum
1532 604 1698 671 addictum
1729 607 1933 686 cesseritis,
1966 607 2012 673 ita
2035 613 2072 671 ut
2094 605 2175 671 nihil
2198 608 2240 672 sit
2263 605 2375 672 mellus

378 693 530 760 desinant
560 692 614 759 alii
647 691 727 760 alios
756 692 877 777 lugere.
923 691 1077 774 Denique
1100 691 1264 775 significat
1286 712 1352 756 una
1406 711 1503 774 quam
1542 691 1732 776 longissime
1769 692 1809 758 ab
1846 694 1917 777 ipso
1959 693 2118 759 recedere.
2181 691 2375 757 Prohibetur

377 801 452 847 cum
475 778 646 846 horrendis
675 777 740 844 illis
763 776 908 844 cladibus
931 786 1057 843 tantam
1082 778 1150 843 lore
1172 776 1351 843 socordiam
1406 777 1516 860 itaque
1544 777 1701 844 Ieremias
1730 778 1770 844 ab
1799 780 1887 844 omni
1916 800 2057 856 accessu,
2087 800 2128 844 na
2158 778 2209 845 vel
2237 778 2375 843 laetitiae

379 878 412 933 et
441 867 603 932 feritatem
627 863 714 949 apud
736 863 884 944 Iudaeos,
916 869 952 928 ut
974 884 1072 929 nemo
1096 864 1146 930 vir
1168 863 1290 947 cogitet
1312 860 1351 926 de
1405 864 1513 928 socius
1536 865 1587 939 sit,
1620 864 1671 928 vol
1695 863 1832 932 doloris:
1861 867 1956 949 quasi
1979 864 2110 944 diceret,
2139 864 2232 932 Nihil
2253 864 2297 928 sit
2320 864 2374 928 tibi

378 974 481 1020 uxore
504 972 574 1032 sua,
597 971 693 1017 nemo
716 956 808 1034 pater
830 948 869 1014 de
892 949 1019 1015 liberis:
1042 948 1099 1016 sed
1121 951 1258 1033 quisque
1277 969 1351 1032 pro·
1406 949 1546 1032 amplius
1575 970 1650 1016 cnm
1675 950 1735 1017 hoc
1759 950 1892 1034 populo:
1917 952 1944 1018 si
1968 952 2102 1036 lugeant
2123 971 2199 1016 suas
2222 961 2376 1029 mortuos,

401 1039 449 1104 rio
468 1037 554 1104 malo
572 1039 619 1104 sic
634 1037 852 1121 obstupescat,
874 1047 911 1100 ut
926 1036 993 1101 sint
1009 1037 1100 1118 quasi
1116 1037 1204 1101 ferae
1220 1034 1349 1100 bestiae.
1405 1045 1440 1100 tu
1464 1056 1518 1101 ecs
1542 1035 1688 1102 deseras:
1712 1037 1841 1121 indigni
1861 1039 1947 1102 anim
1963 1046 2041 1104 sunt
2055 1039 2144 1102 omni
2160 1035 2375 1101 humanitate:

377 1061 475 1191 bunc
515 1144 593 1208 ergo
628 1137 776 1188 tenemus
809 1142 970 1188 summam
1003 1122 1101 1187 huius
1134 1122 1206 1188 loci.
1263 1121 1351 1185 Dicit
1404 1122 1431 1186 si
1465 1126 1575 1188 autam
1609 1122 1774 1188 celebrent
1810 1123 1931 1190 hilares
1968 1123 2096 1207 epulas,
2135 1123 2233 1188 etiam
2267 1124 2377 1205 procul

377 1220 562 1295 praeterea,
597 1209 670 1276 Noa
698 1230 731 1275 se
759 1209 911 1290 inciderat,
943 1227 1040 1291 acque
1069 1207 1194 1274 evaleat
1221 1205 1352 1289 capillos
1404 1207 1499 1274 absis.
1550 1208 1634 1273 Nam
1664 1207 1835 1274 maledicta
1865 1222 1915 1275 est
1944 1210 2051 1275 amnis
2080 1229 2153 1274 cum
2183 1208 2263 1291 ipsis
2292 1229 2376 1274 eom·

376 1317 464 1376 saeos,
505 1294 774 1379 quamadmodum
813 1292 938 1360 solebat
979 1295 1060 1358 fieri.
1115 1294 1167 1360 Ita
1202 1293 1351 1358 videmus
1404 1295 1591 1361 munientia.
1644 1294 1741 1362 Nunc
1771 1315 1849 1379 ergo
1879 1306 2028 1361 tenemus
2057 1317 2115 1362 cur
2144 1293 2305 1378 propheta
2334 1293 2378 1358 lo·

377 1383 498 1448 multas
530 1381 733 1464 loquutiones
766 1381 849 1445 sumi
878 1402 920 1444 ax
948 1379 1076 1464 vulgari
1107 1378 1350 1453 consuetudine.
1404 1390 1527 1463 quntus
1558 1380 1739 1459 dedalum,
1769 1380 1859 1446 luctu
1882 1390 1916 1446 et
1939 1380 2080 1465 planctu,
2109 1400 2197 1446 nunc
2218 1380 2375 1445 laetitiam

378 1490 436 1535 neo
465 1479 574 1534 tamen
601 1465 677 1532 inde
706 1487 800 1550 passe
823 1465 932 1550 colligi
957 1465 1018 1532 hcc
1040 1467 1094 1532 vel
1117 1466 1199 1532 illud
1222 1464 1352 1549 probari
1405 1467 1594 1550 coniungat.
1639 1466 1759 1533 Postea
1781 1466 1941 1551 adiungit,

376 1555 457 1632 Dec,
481 1555 556 1638 quia
577 1553 610 1618 in
633 1553 795 1637 scriptura
817 1550 877 1618 hoc
900 1551 1048 1617 refertur.
1087 1552 1178 1618 Deus
1200 1572 1278 1636 ergo
1299 1551 1353 1615 hio

376 1641 481 1706 noluit
514 1638 709 1705 seutentiam
744 1637 830 1704 ferre
863 1638 902 1702 dc
934 1638 1079 1721 planctu,
1114 1636 1154 1702 de
1183 1637 1352 1703 evulsione
1491 1639 1520 1704 9.
1548 1637 1704 1718 Quoniam
1730 1639 1776 1704 sic
1796 1639 1880 1704 dicit
1902 1637 2039 1704 Ielioaola
2060 1638 2258 1715 martinam,
2289 1637 2379 1704 Deus

376 1727 530 1804 crinium,
560 1735 593 1790 et
623 1725 663 1790 de
694 1725 855 1790 incisuris.
900 1723 1035 1790 Certum
1065 1737 1114 1790 est
1143 1731 1257 1808 gestus
1279 1722 1353 1788 illos
1406 1725 1520 1804 Israel,
1547 1722 1627 1790 Ecce
1655 1745 1708 1808 eqo
1736 1725 1894 1807 auferens·
1910 1724 1949 1790 ab
1977 1723 2032 1792 bac
2064 1724 2126 1790 laea
2155 1743 2262 1790 coram
2284 1723 2379 1790 oeae

375 1826 470 1879 natos
504 1813 603 1878 luisse
636 1832 676 1876 ex
708 1810 910 1875 tumultuoso
943 1809 1112 1876 hominum
1148 1813 1286 1893 impetu,
1321 1817 1353 1872 et
1404 1811 1528 1891 cestris,
1558 1817 1585 1876 ct
1611 1812 1646 1876 ia
1675 1811 1786 1876 dietas
1813 1811 1925 1877 cestris
1952 1831 2051 1877 amesa
2079 1809 2203 1893 paadii,
2232 1815 2379 1875 etcccem

378 1902 472 1984 sigua
504 1919 576 1963 esse
606 1897 842 1981 impatientiae:
877 1895 947 1972 sed,
982 1896 1257 1980 quemadmodum
1286 1896 1352 1959 ism
1406 1895 1552 1978 aeetae,
1574 1917 1673 1962 aaoem
1694 1897 1810 1979 spottsi,
1833 1902 1861 1962 et
1882 1916 1983 1964 vocem
2004 1916 2145 1979 sponsae.

379 1986 457 2064 dixi,
488 2005 553 2050 uon
585 1983 717 2066 respicit
738 1982 830 2049 Deus
858 1983 935 2064 quid
962 1982 1066 2058 liceat.
1097 1981 1153 2048 sed
1176 1983 1253 2064 quid
1277 2002 1352 2050 cou-

378 2071 549 2139 sueverint
585 2069 734 2136 homiues
773 2069 889 2135 facere.
949 2067 1119 2149 Quantum
1156 2070 1275 2134 attinet
1312 2066 1352 2132 ad
1491 2068 1558 2134 Hic
1579 2089 1695 2134 versus
1718 2069 1877 2134 rationem
1901 2068 2077 2151 superioris
2099 2067 2281 2132 sententiae
2303 2087 2378 2132 con·

378 2168 506 2243 partem
535 2155 636 2234 illam,
668 2155 723 2220 ubi
752 2154 836 2220 dixit
866 2175 899 2220 ee
925 2153 1090 2221 abstulisse
1114 2155 1305 2221 clementiam
1327 2157 1354 2218 ct
1406 2156 1503 2234 tinet,
1536 2176 1652 2239 nempe
1685 2156 1761 2237 quia
1789 2153 1964 2219 maledicta
1992 2164 2079 2220 esset
2106 2153 2212 2218 amnis
2242 2152 2379 2219 societas

378 2245 611 2323 miserationes,
645 2262 710 2306 non
744 2242 908 2326 siguificat
937 2262 972 2306 se
1006 2255 1150 2307 mutasse
1183 2252 1351 2306 naturam:
1406 2240 1503 2306 huius
1533 2240 1653 2324 populi.
1698 2238 1764 2306 Sed
1795 2249 1905 2305 tamen
1935 2240 2057 2323 aliquid
2082 2239 2270 2323 expressius
2293 2237 2378 2314 dicit,

379 2330 435 2396 aed
464 2331 572 2413 potius
604 2325 764 2412 praecidit
796 2347 910 2391 ansam
941 2327 1093 2393 omuibus
1121 2327 1351 2410 querimoniis:
1405 2347 1521 2410 nempe
1551 2337 1679 2410 tempus
1709 2326 1834 2406 adesse,
1863 2347 1926 2409 quc
1955 2326 2107 2392 ostendat
2134 2323 2294 2409 propheta
2314 2325 2379 2388 iam

379 2417 533 2500 quoniam
563 2415 685 2480 scimus
714 2412 864 2479 homines
897 2413 970 2496 plus
992 2416 1072 2480 satis
1095 2413 1249 2480 facundos
1273 2433 1352 2489 esse,
1405 2412 1479 2478 illas
1507 2415 1653 2496 privatos
1681 2433 1753 2478 esse
1781 2413 1870 2478 omni
1898 2411 2034 2496 gaudio:
2065 2432 2141 2477 nam
2165 2410 2259 2495 impii
2281 2409 2379 2475 stiam

379 2503 503 2585 quoties
536 2512 632 2584 urget
664 2519 720 2566 eos
753 2520 870 2565 manns
898 2498 979 2578 Dei,
1013 2510 1051 2564 ut
1079 2498 1249 2582 deplorent
1278 2519 1353 2564 suas
1407 2498 1463 2564 ubi
1481 2499 1572 2564 Deus
1595 2498 1789 2582 gravissime
1812 2498 1877 2563 illis
1901 2500 2054 2576 minatur,
2079 2506 2187 2563 tamen
2212 2517 2283 2562 sese
2305 2517 2381 2562 oon·

379 2587 528 2653 miserias
559 2584 679 2664 odiose,
709 2605 746 2651 aa
775 2588 801 2652 si
824 2583 916 2650 Deus
947 2585 1045 2650 nimis
1074 2605 1187 2650 severe
1209 2585 1242 2648 ln
1265 2585 1354 2668 ipsos
1407 2586 1541 2651 firmant
1573 2585 1614 2649 ad
1648 2585 1868 2650 securitatem.
1920 2583 2038 2651 Voluit
2070 2584 2171 2666 igitur
2201 2581 2292 2648 Deus
2322 2580 2381 2646 ali·

380 2670 667 2739 animsdverteret.
728 2669 903 2755 Significat
937 2672 1039 2754 igitur
1076 2671 1164 2754 ipsos
1201 2668 1354 2754 indignos
1378 2663 1382 2730 l
1406 2671 1491 2753 quod
1516 2672 1722 2755 praesagium
1747 2670 1813 2736 illia
1836 2669 1924 2749 dare,
1953 2678 1989 2735 ut
2011 2679 2087 2734 ante
2110 2679 2240 2752 tempus
2263 2687 2381 2751 cogno·

379 2780 451 2826 asse
490 2759 662 2824 clamantia
701 2767 735 2822 et
764 2756 1037 2823 miserationibus.
1092 2757 1223 2822 Interea
1256 2755 1353 2822 simul
1406 2767 1535 2822 sacrent
1550 2758 1672 2822 instare
1688 2757 1890 2822 tristissimas
1906 2756 2023 2832 clades,
2040 2774 2124 2838 quae
2138 2754 2204 2819 illis
2215 2753 2382 2837 eriperent

379 2845 531 2910 admonet
564 2864 629 2908 uon
664 2863 735 2908 esse
767 2865 825 2909 cur
858 2843 1035 2926 quidquam
1068 2843 1136 2925 spei
1170 2841 1354 2925 concipiant
1406 2862 1503 2907 omne
1525 2841 1679 2926 gaudium
1703 2853 1737 2906 et
1758 2842 1927 2908 laetitiam.
1973 2840 2063 2906 Dicit
2086 2839 2187 2925 igitur
2208 2841 2255 2906 sic
2276 2839 2382 2906 Deam

379 2931 584 3015 hypocritae,
623 2931 776 3012 quoniam
814 2932 910 2996 toties
948 2927 1154 2995 commendat
1190 2929 1354 3011 scriptura
1406 2929 1596 2994 meatuum
1618 2927 1703 3010 loqui
1724 2933 1752 2993 ct
1766 2927 1871 2994 Deam
1894 2928 2011 2994 Israel.
2045 2927 2110 2992 Hic
2127 2926 2218 2992 Deus
2236 2925 2381 3009 epitheta

379 3016 585 3084 clementiam
609 3015 672 3080 Dei
695 3025 729 3081 et
750 3016 991 3081 miserationes:
1015 3035 1090 3080 nam
1115 3013 1169 3079 ubi
1191 3014 1354 3081 obstinate
1407 3012 1468 3078 sibi
1487 3027 1586 3098 aptat,
1606 3014 1725 3096 quibus
1740 3014 1881 3081 incutiat
1896 3012 2103 3078 formidinem
2119 3010 2260 3090 Iudaeis,
2280 3031 2381 3093 quum

380 3101 589 3167 accumulant
615 3112 746 3184 peccata
769 3103 918 3184 peccatis,
946 3101 1017 3165 fieri
1041 3101 1137 3166 aliter
1159 3121 1227 3166 non
1248 3111 1354 3183 potest
1406 3119 1442 3164 se
1465 3111 1560 3166 vocat
1576 3101 1684 3166 Deum
1705 3101 1917 3166 exercituum.
1951 3099 2018 3164 Sed
2034 3098 2131 3164 simul
2148 3098 2247 3163 etiam
2263 3096 2383 3180 spoliat

403 3187 460 3251 uin
478 3187 567 3252 Deus
589 3187 659 3267 ipso
681 3185 721 3251 ad
745 3196 926 3252 extremam
945 3188 1152 3252 severitatem
1169 3186 1353 3252 descendat.
1406 3206 1462 3252 eos
1492 3190 1580 3251 omni
1602 3187 1730 3264 fiducia,
1763 3185 1868 3253 Deam
1889 3207 1922 3252 se
1943 3184 2078 3251 Israelis
2099 3185 2274 3250 nominans.
2319 3180 2381 3248 Sc·

380 3208 549 3352 Quantum
590 3269 630 3334 ad
665 3291 796 3336 versum
830 3274 1005 3353 septimum
1043 3275 1199 3355 pertinet,
1240 3295 1283 3338 ex
1316 3293 1354 3338 eo
1407 3272 1474 3338 lent
1497 3274 1585 3338 enim
1609 3272 1798 3357 hypocritae
1821 3271 1873 3339 ael
1888 3271 1953 3336 Dei
1971 3271 2152 3355 potentiam
2169 3268 2381 3352 vilipendere,

379 3355 564 3440 colligimus
594 3355 680 3438 quod
704 3377 808 3439 nuper
829 3357 935 3441 attigi,
967 3377 1082 3440 nempe
1104 3357 1242 3424 Iudaeos
1271 3359 1354 3424 cele·
1408 3359 1459 3423 val
1481 3361 1551 3425 eius
1574 3359 1719 3425 bonitate
1742 3357 1847 3424 abuti:
1872 3357 1936 3424 nisi
1957 3358 2047 3423 Deus
2069 3355 2144 3422 illos
2166 3355 2382 3439 constringet,

380 3441 491 3509 brasse
524 3440 681 3525 lugubres
709 3442 836 3525 epulas,
870 3451 908 3507 ut
937 3442 996 3506 filii
1026 3452 1059 3508 at
1088 3463 1207 3508 uxores
1239 3445 1354 3510 viduae
1407 3465 1465 3527 pro
1505 3445 1609 3510 nihilo
1643 3446 1767 3511 ducunt
1799 3443 1955 3527 quidquid
1994 3445 2159 3508 minantur
2191 3440 2382 3524 prophetae.

380 3527 504 3611 aliquid
536 3526 711 3593 levationis
744 3529 958 3612 perciperent.
1011 3527 1096 3593 Nam
1129 3529 1255 3596 odiam
1287 3551 1353 3597 cca-
1407 3529 1541 3611 Quare?
1573 3551 1649 3597 nam
1678 3538 1836 3613 quantum
1863 3530 1900 3594 in
1921 3529 2000 3612 ipsis
2023 3537 2083 3609 est,
2113 3534 2297 3593 extenuant
2319 3525 2382 3590 Dei

380 3615 569 3682 solutionum
597 3613 652 3680 hio
682 3625 776 3678 vocat
798 3614 966 3699 propheta,
996 3634 1097 3696 quum
1120 3635 1154 3681 se
1178 3617 1280 3681 amice
1302 3616 1353 3681 in·
1408 3619 1573 3682 virtutem.
1617 3616 1692 3682 Hac
1719 3616 1822 3700 igitur
1854 3615 1981 3680 ratione
2015 3614 2092 3680 dicit
2124 3635 2157 3680 se
2185 3633 2251 3680 esse
2277 3612 2383 3679 Deam

381 3701 542 3766 vitarent:
582 3719 768 3782 quanquam
809 3700 942 3766 fuerunt
981 3700 1056 3766 illae
1092 3701 1354 3784 gesticulationes
1406 3703 1603 3769 cecanum.
1647 3701 1712 3768 seu
1744 3699 1799 3766 ubi
1829 3721 1895 3766 non
1924 3708 2061 3784 possunt
2089 3720 2150 3766 sua
2175 3697 2330 3784 superbia
2352 3709 2384 3764 et

380 3784 545 3852 ridiculae.
580 3786 694 3868 Neque
716 3787 802 3850 euim
827 3784 961 3852 dubium
984 3798 1033 3852 ast
1055 3789 1249 3869 quinetiam
1268 3789 1354 3874 apud
1407 3789 1493 3854 fastu
1521 3788 1584 3854 Dei
1611 3789 1794 3871 potentiam
1821 3788 1914 3870 quasi
1945 3787 2030 3851 infra
2058 3807 2092 3852 se
2123 3784 2271 3867 deiicere,
2302 3791 2384 3851 tnnc

380 3869 519 3938 Iudaeos
540 3892 637 3954 saepe
659 3872 719 3938 sub
743 3891 880 3954 persana
901 3872 1045 3954 lugentis
1070 3872 1236 3939 delituerit
1259 3878 1353 3942 risus.
1406 3875 1599 3959 confugiunt
1623 3873 1667 3946 ,ad
1697 3873 1785 3938 aliud
1814 3873 1961 3956 asylum:
1995 3894 2072 3938 nam
2100 3871 2163 3938 sibi
2185 3871 2384 3955 promittunt

381 3955 447 4023 Sed
483 3956 630 4021 videmus
663 3958 810 4022 homines
845 3957 1014 4022 ambitiose
1047 3958 1159 4042 lugere
1189 3972 1353 4027 mortuos:
1406 3961 1498 4026 illum
1528 3958 1735 4044 indulgenter
1764 3970 1925 4038 acturum,
1955 3969 1988 4024 et
2016 3959 2062 4023 ita
2091 3957 2216 4023 iaciunt
2242 3955 2304 4020 sibi
2328 3957 2384 4022 de·

381 4045 455 4126 quis
478 4042 580 4126 pudet
602 4062 656 4107 ecs
678 4043 705 4108 si
729 4063 793 4108 non
817 4047 897 4108 satis
920 4042 1066 4109 dolenter
1088 4046 1194 4110 lerant
1218 4069 1352 4114 suornm
1407 4047 1503 4113 litias.
1536 4047 1589 4111 Ex
1612 4046 1760 4131 opposito
1784 4046 1885 4128 igitur
1908 4044 1961 4109 hic
1983 4066 2017 4111 se
2039 4050 2126 4110 accan
2147 4042 2253 4110 Deam
2268 4042 2385 4122 Israel,

380 4137 539 4194 mortem:
569 4147 643 4191 nam
674 4128 737 4192 nisi
762 4128 927 4212 lacrymae
950 4127 1105 4207 defluant,
1137 4132 1199 4197 nisi
1222 4134 1353 4203 accedat
1407 4140 1446 4199 ut
1465 4135 1569 4200 sciant
1587 4131 1648 4197 sibi
1665 4132 1747 4197 nihil
1763 4131 1981 4215 profuturum,
2005 4130 2092 4213 quod
2108 4151 2212 4214 genus
2228 4128 2385 4194 Abrahae

380 4215 477 4281 etiam
501 4211 653 4293 eiulatus,
674 4215 728 4294 qui
751 4215 890 4296 proximi
913 4225 991 4279 sunt
1013 4217 1151 4282 mortuis
1172 4227 1291 4299 putant
1319 4239 1355 4286 se
1407 4220 1468 4285 sibi
1498 4219 1722 4302 adoptaverit:
1752 4219 1905 4299 quoniam
1934 4237 2000 4282 non
2024 4229 2120 4282 arant
2141 4216 2205 4299 ipsi
2228 4214 2384 4280 Abrahae

379 4319 476 4384 posse
513 4299 765 4364 inhumanitatis
798 4301 962 4374 damnari,
1000 4301 1077 4367 hino
1109 4302 1149 4367 fit
1182 4315 1217 4368 ut
1250 4305 1354 4371 multa
1407 4306 1476 4382 filii,
1506 4303 1563 4370 sed
1593 4304 1752 4382 extranei,
1785 4301 2048 4386 quandoquidem
2077 4302 2117 4368 ab
2148 4302 2237 4366 amni
2259 4302 2384 4383 pietate

380 4385 545 4452 simulatio
574 4387 618 4450 sit
640 4387 673 4450 in
698 4384 804 4455 luctu:
835 4396 869 4451 et
891 4385 989 4452 stulta
1013 4387 1111 4452 etiam
1135 4391 1353 4473 excogitatum
1406 4390 1531 4456 attide
1561 4391 1777 4457 desciverant.
1829 4388 1902 4454 Hoc
1929 4389 2061 4455 valebat
2090 4387 2257 4472 praefatio.
2308 4387 2383 4452 Iam

380 4473 444 4538 luit
466 4470 547 4536 illud
571 4469 762 4548 remedium,
786 4470 868 4553 quod
892 4471 1109 4555 propinarent
1130 4474 1261 4540 calicem
1277 4499 1353 4542 ccu-
1406 4497 1506 4560 quum
1537 4475 1617 4542 dicit
1639 4489 1710 4557 ltin,
1740 4475 1801 4542 hac
1831 4473 2109 4541 demonstratione
2137 4473 2293 4557 iutelligit
2315 4493 2383 4539 non

380 4557 558 4626 solutionis.
604 4555 680 4636 sea,
711 4555 983 4640 quemadmodum
1007 4559 1072 4622 iam
1095 4558 1173 4637 dixi,
1197 4561 1354 4643 propheta
1406 4583 1478 4628 essa
1511 4583 1570 4629 our
1598 4561 1714 4628 Iudaei
1747 4572 1877 4645 tempus
1909 4560 2103 4638 extrahant,
2137 4572 2170 4624 at
2201 4559 2263 4624 sibi
2296 4579 2384 4624 vana

381 4646 434 4711 hic
465 4664 530 4710 non
561 4641 693 4709 disserit
715 4642 792 4724 quid
816 4648 941 4708 rectum
964 4644 1015 4728 sit,
1039 4643 1095 4709 sed
1119 4649 1290 4713 mutuatur
1313 4667 1353 4713 ax
1406 4649 1523 4714 fiducia
1547 4660 1724 4731 prorogent
1745 4646 1902 4725 inducias,
1926 4647 2082 4729 quoniam
2103 4644 2188 4710 adsit
2203 4646 2269 4712 iam
2290 4645 2383 4710 ultio.

380 4730 545 4799 communi
576 4727 728 4813 loquendi
759 4750 819 4794 usu
850 4727 909 4792 has
937 4727 1088 4812 loquendi
1119 4733 1249 4798 lormas.
1295 4731 1352 4800 Se·
1405 4735 1484 4802 Ecce
1502 4754 1563 4817 eqo,
1586 4733 1702 4815 inquit.
1733 4731 1922 4798 Itascilicat
1939 4734 2080 4815 quasiin
2098 4731 2240 4796 medium
2261 4729 2382 4815 prodit,

379 4818 498 4902 quitur,
1406 4833 1439 4884 et
1472 4829 1612 4885 testatur
1645 4839 1679 4882 se
1711 4819 1776 4883 iam
1810 4830 1971 4884 armatum
2010 4839 2081 4884 asse
2118 4824 2155 4882 ut
2183 4826 2383 4900 exsequatur

1405 4928 1501 4972 sunm
1535 4903 1701 4970 iudicium.
1754 4903 1839 4988 Epo,
1873 4904 1993 4988 inquit,
2026 4904 2137 4986 aufero
2169 4902 2292 4970 abhoc
2321 4903 2384 4968 aaa

467 4990 495 5056 8.
520 4987 567 5054 Et
596 4986 719 5052 danum
746 4984 880 5052 amana
901 5005 940 5050 ae
962 4987 1163 5070 iayredioris,
1193 4995 1227 5055 at
1247 4991 1354 5058 sedeam
1405 5011 1509 5058 wem
1541 4989 1638 5056 malis
1669 4991 1778 5056 cedre
1810 4996 1836 5054 ct
1865 4993 1899 5056 in
1931 4988 2040 5056 dictas
2071 4990 2191 5057 vestran
2244 4988 2383 5054 Plenius

381 5095 450 5143 cam
472 5076 553 5157 ipsis
574 5073 617 5139 ad
640 5069 790 5138 edendam
812 5077 840 5138 al
861 5071 903 5138 ad
925 5071 1096 5138 canaam.
1406 5075 1563 5160 exprimit
1591 5074 1682 5141 illam
1711 5076 1906 5159 particulam
1928 5089 1999 5156 :un
2028 5077 2184 5159 quoniam
2211 5076 2383 5158 continget

1406 5162 1523 5242 clades,
1546 5173 1579 5226 at
1602 5162 1702 5242 brevi,
1725 5173 1758 5228 et
1779 5182 1886 5230 coram
1906 5165 2049 5246 ipsorum
2068 5161 2179 5230 oculis.
2214 5163 2382 5244 Auferam,

466 5245 531 5312 Hic
553 5244 593 5310 de
616 5244 688 5310 aliis
710 5243 870 5310 conviviis
886 5241 1029 5326 loquitur
1048 5243 1213 5328 propheta,
1238 5267 1354 5331 nempe
1405 5249 1522 5331 inquit,
1545 5268 1644 5313 cacan
1665 5247 1800 5314 laetitae
1817 5249 1988 5333 etpaadii:
2009 5260 2132 5331 postea,
2154 5268 2255 5314 aecem
2271 5245 2384 5329 sponsi

379 5333 434 5400 ubi
465 5331 599 5416 vigebat
628 5330 792 5397 hilaritas:
828 5349 942 5396 sensus
972 5329 1073 5414 igitur
1104 5341 1167 5410 ast,
1197 5331 1351 5415 populum
1406 5339 1434 5398 et
1461 5353 1602 5414 sponsae.
1648 5333 1714 5398 Hic
1743 5355 1801 5417 per
1831 5333 2056 5419 synecdochen
2087 5334 2252 5420 significat
2275 5333 2382 5418 potius
