5134 6124
222 393 283 460 261
920 397 969 462 IN
993 396 1242 463 quentate.
1287 396 1387 464 uAP.
1410 397 1524 464 XVII.
2167 401 2234 476 262,

222 583 379 666 iniquitas
402 586 433 648 in
458 583 611 651 eornibus
631 585 791 666 altarium,
815 607 932 671 nempe
951 587 1027 671 quia
1050 605 1115 653 non
1138 587 1200 652 fuit
1251 594 1436 654 statuerent
1458 586 1518 652 sibi
1534 585 1665 668 aliquod
1682 585 1794 654 altare.
1828 587 1918 672 Ergo
1928 609 1988 671 per
2001 589 2229 674 syneadoohen

222 669 402 754 temporale
431 670 537 736 seelus
566 670 736 749 duntaxat,
768 692 868 756 quum
899 672 1014 738 Iudaei
1042 673 1114 756 lege
1142 671 1198 738 ab·
1251 671 1305 740 hio
1327 671 1487 758 propheta
1509 671 1661 757 designat
1683 672 1839 756 quidquid
1858 673 1999 740 alienum
2023 685 2094 740 erat
2116 695 2135 740 a
2157 674 2229 761 lege

177 817 179 819 ,
222 756 307 821 ieeta
339 757 469 840 sequuti
503 768 583 822 sunt
615 778 789 840 perversas
822 759 1085 841 superstitiones:
1120 759 1198 842 quin
1252 759 1331 824 Dei:
1362 770 1395 824 et
1417 777 1482 842 quo
1504 761 1609 843 magis
1631 758 1808 842 amplificet
1829 771 1997 843 peceatum
2019 761 2110 841 illud,
2139 761 2228 841 dieit,

221 843 332 926 potius
360 843 455 926 quasi
486 843 704 909 haereditario
733 845 804 910 iure
833 845 890 910 illa
920 844 1071 928 impietas
1100 844 1198 910 latius
1252 844 1294 911 Ia
1316 845 1460 912 manibus
1478 843 1596 926 dabas
1618 845 1699 910 tais:
1720 843 1809 928 quod
1830 846 1954 913 seilieat
1976 847 2075 933 longe
2097 848 2227 932 lateque

222 928 370 994 manavit
403 928 443 995 ad
477 939 633 1013 posteros.
689 930 809 996 Merito
845 931 947 1016 igitur
980 952 1035 997 eos
1067 942 1199 997 aeeusat
1251 931 1369 998 diffusa
1391 941 1463 998 erat
1485 951 1596 996 eorum
1625 931 1786 1015 impietas,
1817 941 1854 996 ut
1883 931 1992 998 nullus
2016 941 2121 999 terrae
2151 935 2227 1002 finis

222 1015 392 1098 Ieremias,
427 1015 513 1098 qnod
548 1036 612 1081 nen
646 1024 771 1082 tantum
806 1026 874 1083 toto
908 1019 997 1083 vitae
1027 1038 1124 1082 eursu
1157 1016 1197 1082 ad
1251 1028 1336 1084 esset
1359 1037 1461 1103 purus
1483 1037 1502 1082 a
1525 1037 1680 1101 perversa
1702 1015 1811 1101 aliqua
1833 1018 2075 1101 superstitione.
2115 1018 2226 1101 Quum

222 1100 346 1166 malum
369 1101 525 1178 terantur,
555 1100 614 1166 sed
636 1103 720 1186 quod
746 1103 845 1168 etiam
869 1114 942 1187 post
963 1112 1197 1169 mortem-eor·
1251 1103 1351 1186 igitur
1385 1110 1475 1170 terra
1503 1103 1550 1168 sia
1579 1103 1668 1167 omni
1697 1104 1731 1167 in
1762 1114 1854 1187 parte
1883 1105 2103 1170 contaminata
2131 1117 2225 1186 esset,

222 1197 379 1270 rumpant
411 1188 494 1254 tilios
529 1207 606 1254 auos
639 1200 671 1253 et
700 1201 863 1272 posteros:
898 1191 975 1273 quia
1007 1189 1197 1254 memoriam
1223 1211 1226 1277 Ι
1252 1190 1367 1254 merito
1391 1190 1468 1256 dieit
1494 1188 1669 1273 propheta:
1704 1188 1747 1255 Ia
1776 1189 1919 1256 omuibus
1944 1189 2071 1270 fiaibaa,
2105 1191 2138 1255 id
2167 1199 2225 1272 est,

223 1271 411 1357 relinquunt
440 1295 574 1340 suarum
597 1277 877 1357 superstitionum.
924 1274 1067 1356 Quidam
1099 1294 1198 1358 expo·
1251 1275 1377 1341 nullum
1402 1275 1466 1341 iam
1491 1274 1556 1341 illis
1584 1275 1650 1341 lore
1685 1276 1856 1358 refugium,
1884 1276 2058 1359 quominus
2090 1275 2226 1342 trahan-

222 1369 316 1442 nunt,
344 1358 627 1440 Quemadmodum
657 1361 806 1440 filiorum,
840 1363 887 1428 sio
915 1365 1014 1428 etiam
1044 1361 1197 1426 altarium
1251 1372 1306 1427 tur
1328 1370 1362 1427 et
1384 1361 1597 1429 subiieiantur
1621 1356 1775 1427 hostibus
1802 1361 1870 1426 suis
1899 1363 1932 1427 in
1963 1361 2128 1445 praedam,
2161 1383 2226 1430 una

222 1445 450 1511 recordantur:
474 1447 567 1528 quasi
591 1447 712 1514 diaeret
733 1447 894 1532 propheta
916 1450 962 1514 sie
984 1447 1098 1513 ardere
1123 1467 1197 1530 per·
1249 1469 1323 1514 eum
1347 1447 1519 1516 thesauris.
1562 1445 1731 1530 Sequitur,

221 1551 317 1598 verso
339 1532 448 1597 studio
469 1532 668 1611 idololatras,
692 1542 729 1599 ut
747 1534 863 1600 altaria
878 1555 960 1618 quae
978 1533 1085 1600 dieata
1103 1543 1198 1598 erant

221 1617 325 1699 idolis,
349 1638 414 1683 nou
437 1619 546 1684 minus
567 1638 642 1685 eura
667 1620 807 1686 habeant
825 1641 922 1703 quarn
947 1621 1094 1704 proprios
1117 1618 1197 1684 libe·
1335 1621 1364 1687 4.
1396 1619 1439 1685 at
1464 1619 1688 1702 derelinqueris
1716 1624 1744 1684 et
1771 1618 1804 1685 ia
1827 1623 1855 1683 te
1875 1618 1915 1684 ab
1943 1618 2130 1688 Maeditate
2158 1626 2223 1699 tao.

221 1723 286 1769 ros.
331 1701 398 1770 Sed
428 1703 510 1770 illud
535 1705 664 1770 videtur
691 1725 762 1772 esse
791 1706 890 1773 nimis
918 1718 1077 1773 ooaetum.
1121 1706 1196 1771 Nou
1249 1726 1344 1789 qaam
1363 1706 1435 1773 dedi
1456 1707 1521 1784 tibi,
1555 1705 1724 1772 etsauire
1752 1705 1917 1786 asariam
1938 1707 2077 1773 inimicis
2103 1708 2168 1774 tais
2189 1709 2224 1773 ia

222 1789 336 1856 dubito
365 1789 468 1875 igitur
497 1793 573 1873 quin
603 1791 762 1874 propbeta
789 1793 843 1858 bio
872 1792 1051 1875 amplificet
1080 1792 1196 1872 seelus,
1247 1797 1333 1858 terra
1355 1813 1451 1875 qaam
1471 1811 1533 1858 aaa
1554 1792 1726 1876 rameseie:
1747 1793 1825 1874 qaia
1846 1792 1947 1875 qaeu
1968 1793 2168 1861 mmerdistis
2190 1794 2224 1858 ia

222 1885 259 1940 ut
280 1875 361 1941 velit
382 1875 581 1960 insoulptum
604 1897 675 1943 esse
697 1879 732 1942 in
753 1878 907 1944 earnibus
925 1879 1094 1944 altarium:
1119 1898 1197 1962 quo-
1248 1880 1500 1945 eaoaadeeaeatio
1516 1897 1585 1944 mea
1607 1877 1673 1964 (vel
1692 1879 1724 1942 in
1746 1897 1825 1943 nare
1844 1897 1926 1954 mea,
1948 1877 1982 1942 in
2002 1879 2099 1944 vultu
2119 1879 2222 1965 meo):

220 1963 309 2027 niam
332 1963 454 2046 posteri
477 1973 573 2029 erant
599 1965 697 2030 nimis
727 1986 886 2032 memores
916 1965 1195 2048 superstitionum,
1248 1965 1283 2030 ia
1303 1963 1464 2032 saeaabsm
1484 1985 1582 2046 usqae
1601 1963 1648 2050 (id
1672 1973 1731 2040 est,
1753 1964 1787 2028 in
1811 1963 2018 2050 perpetuum)
2040 1965 2170 2032 ardebit.

221 2067 305 2130 quae
329 2047 458 2114 fuerant
486 2050 551 2114 illis
581 2049 720 2117 traditae
743 2070 762 2115 a
785 2050 941 2136 patribus.
985 2050 1090 2116 Addit
1111 2051 1197 2117 latas
2226 2087 2233 2100 ·

221 2136 377 2216 ipsoram:
415 2137 492 2218 qaia
524 2155 638 2221 saper,
678 2137 730 2203 vel
765 2157 866 2223 propa
905 2155 1023 2204 omnem
1056 2136 1197 2203 arborau
1333 2137 1398 2204 Hie
1420 2137 1572 2222 quoniam
1596 2140 1646 2203 est
1668 2135 1807 2219 abrupta
1829 2134 1985 2219 loquutio,
2011 2135 2143 2201 videtur
2165 2138 2222 2202 ali·

220 2221 401 2302 frondosam
433 2224 588 2288 cremat
619 2223 746 2290 odiosae
777 2223 894 2290 eada&
935 2223 1067 2304 deinde,
1099 2243 1197 2305 uapor
1248 2222 1328 2306 quid
1351 2244 1421 2290 esse
1444 2221 1668 2290 obseuritatis:
1690 2222 1745 2288 sed
1764 2237 1920 2304 quantum
1940 2220 1980 2285 ud
1997 2242 2065 2286 rem
2084 2233 2220 2304 apeotet¹

222 2325 327 2372 annes
345 2307 479 2375 eaeelsoe
500 2308 597 2374 eolles.
644 2307 807 2394 Sequitur,
1248 2329 1363 2376 sensus
1386 2308 1566 2392 prophetae
1587 2320 1695 2375 aertus
1718 2316 1777 2384 est,
1800 2327 1919 2390 nempe
1941 2307 2027 2390 quod
2048 2306 2222 2390 relinquen-

1214 2457 1219 2464 .
1247 2400 1299 2460 tar
1321 2395 1359 2460 ab
1381 2395 1568 2462 baaeddate
1594 2415 1664 2475 arao,
1694 2394 1785 2476 quasi
1814 2414 1832 2458 a
1863 2393 2004 2476 propriis
2032 2393 2222 2462 visaeribus.

307 2479 338 2544 3.
371 2479 535 2559 Mastane,
574 2480 609 2545 ia
642 2501 718 2566 apro
753 2483 960 2549 nabataatiam
992 2486 1080 2546 taam
1107 2479 1196 2566 (opes
1249 2480 1327 2546 Ideo
1349 2478 1436 2564 dieit,
1462 2481 1511 2547 Tu
1532 2479 1720 2563 relinqueris
1740 2484 1768 2544 et
1787 2480 1823 2545 in
1845 2483 1872 2544 te
1893 2479 1932 2545 ab
1953 2479 2140 2546 haereditate
2160 2485 2225 2562 tuo,

222 2563 319 2652 tuas),
346 2585 449 2632 omues
471 2565 633 2632 thesauros
653 2571 723 2634 tuoe
743 2569 779 2632 ia
795 2568 951 2651 praedam
971 2565 1051 2634 dabo
1067 2571 1196 2649 propter
1248 2566 1310 2634 hoe
1331 2574 1389 2646 est,
1417 2567 1566 2651 quamvis
1594 2565 1715 2650 putetis
1738 2587 1796 2632 vos
1825 2585 1896 2632 esse
1922 2575 2016 2631 extra
2046 2564 2108 2632 hoe
2137 2567 2223 2649 peri·

220 2653 342 2718 eaeelm
362 2657 427 2732 tao,
444 2657 574 2735 propter
596 2659 756 2735 matum
777 2659 866 2719 tuam
893 2655 928 2720 ta
954 2652 1098 2722 mailros
1121 2652 1196 2733 dai·
1248 2651 1370 2733 oulum,
1392 2653 1469 2737 quia
1491 2662 1600 2719 manet
1623 2652 1700 2718 urbs
1724 2650 1814 2718 vobis
1844 2644 1951 2718 adhue
1979 2650 2161 2730 incolumis,
2191 2670 2223 2717 et

221 2736 280 2802 eae
300 2738 373 2804 tale.
1247 2739 1345 2804 inea
1373 2739 1483 2804 statis:
1513 2748 1623 2804 tamen
1653 2737 1801 2821 peribitis
1823 2737 1972 2802 viventes
2001 2757 2039 2803 aa
2061 2737 2224 2816 videntes,

1249 2822 1523 2907 quamadmodum
1550 2823 1741 2905 loquuntur.
1786 2821 1863 2888 Erit
1888 2823 1986 2906 ipitar
2006 2823 2163 2889 derelictio
2183 2823 2224 2890 ob

307 2907 432 2974 Iterum
450 2911 569 2993 repetit
584 2911 742 2994 propheta
759 2912 884 2978 instare
900 2911 1031 2977 Iudaeis
1050 2929 1195 2994 poenam,
1248 2910 1446 2986 laenitate,
1468 2914 1497 2975 et
1517 2910 1643 2993 quidem
1664 2909 1701 2974 ia
1721 2912 1757 2988 te,
1779 2908 1840 2973 hoa
1863 2916 1921 2984 εει,
1942 2909 2041 2972 etiam
2064 2909 2092 2972 si
2112 2909 2223 2975 Domi·

222 3013 282 3058 neo
316 2994 494 3078 quidquam
529 3016 584 3062 eos
613 2999 781 3080 profluere,
811 3019 911 3081 quum
941 3004 1106 3080 quaerunt
1134 2997 1194 3062 sibi
1249 3016 1312 3061 nus
1334 3005 1486 3079 proroget
1504 2995 1596 3061 vobis
1619 3003 1748 3077 tempus
1770 2992 1912 3078 aliquod,
1935 3015 1999 3076 quo
2021 2993 2129 3059 adhue
2151 2995 2223 3062 sitis

221 3079 358 3146 latibula
380 3091 414 3146 at
436 3102 599 3149 mussans:
632 3085 783 3166 quoniam
808 3107 825 3148 ε
848 3083 1015 3149 montibus
1044 3082 1117 3148 illos
1140 3083 1195 3148 ab·
1249 3081 1449 3165 superstites,
1473 3090 1584 3146 tamen
1603 3080 1694 3146 eritis
1714 3080 1838 3146 similes
1861 3081 2013 3146 mortuis:
2037 3082 2114 3163 qnia
2132 3079 2223 3148 Deus

220 3165 347 3230 strahet
377 3166 478 3245 Deus,
508 3178 542 3232 et
570 3179 712 3251 exponet
741 3170 774 3233 in
804 3167 1017 3252 direptionem
1048 3167 1196 3234 hostibus
1248 3189 1307 3234 vos
1336 3166 1469 3245 aoeidet,
1504 3179 1668 3250 uteunque
1695 3165 1859 3250 relinquat
1891 3164 2080 3250 languidam
2110 3166 2222 3234 vitam.

221 3250 378 3333 ipsorum.
415 3266 493 3320 ’ΤιΓι
516 3254 646 3336 quidam
669 3263 817 3320 vertunt:
840 3252 872 3321 Ο
894 3275 987 3319 mons
1011 3275 1112 3319 meus.
1151 3254 1197 3319 Et
1249 3252 1393 3319 Videtur
1425 3254 1486 3320 hoe
1519 3252 1602 3318 mihi
1634 3251 1819 3336 emphatiae
1848 3251 2030 3335 exprimere
2065 3252 2224 3336 propheta

221 3337 328 3419 primo
358 3337 481 3403 intuitu
513 3338 615 3404 videri
646 3350 754 3422 posset
787 3340 840 3406 hie
869 3361 984 3406 sensus
1017 3340 1195 3423 quadrare:
1248 3360 1351 3423 quum
1375 3339 1463 3416 dieit,
1486 3339 1611 3405 medem
1629 3339 1698 3421 fore
1722 3337 1958 3422 derelidioaera
1986 3343 2013 3403 et
2041 3339 2167 3420 quidem
2188 3340 2223 3404 ia

220 3421 276 3487 sed
299 3422 375 3505 qnia
397 3432 572 3490 oontextus
587 3425 732 3508 postulat
749 3427 810 3494 hoe
825 3426 964 3511 intelligi
982 3425 1021 3490 de
1038 3426 1197 3494 Israelitis
1248 3427 1330 3509 ipsa,
1366 3424 1427 3492 hoe
1458 3434 1517 3510 est,
1550 3425 1649 3491 etiam
1683 3424 1711 3491 si
1743 3424 1851 3506 aliqua
1885 3423 2060 3490 multitudo
2093 3435 2224 3490 maneat

221 3517 253 3572 et
284 3507 427 3592 Iudaeis,
460 3510 517 3593 qui
546 3531 675 3595 semper
705 3514 881 3596 eaptabant
907 3532 1066 3591 reeessus,
1096 3534 1196 3597 quum
1249 3519 1430 3596 superstes,
1464 3519 1572 3577 ιεωεε
1606 3510 1722 3576 exsilio
1755 3515 1788 3575 et
1821 3508 2023 3594 dissipationi
2056 3509 2222 3575 addietum

220 3595 336 3676 aliquis
370 3610 475 3660 terror
508 3596 637 3663 hostilis
671 3597 826 3664 instabat:
861 3599 997 3665 alteram
1026 3599 1195 3666 laatiouem
1248 3621 1320 3664 esse
1353 3596 1518 3684 populum.
1573 3597 1656 3661 Erat
1687 3605 1796 3662 autem
1831 3595 1910 3661 haee
1943 3595 2084 3661 eonditio
2118 3607 2223 3662 morte

222 3679 393 3762 amplexus
414 3703 497 3747 sum.
538 3682 649 3765 Quum
672 3705 750 3769 erga
772 3683 813 3749 ad
835 3705 949 3751 omnes
968 3685 1129 3750 tumultus
1151 3686 1197 3750 ita
1250 3685 1401 3762 deterior,
1431 3704 1532 3766 quum
1562 3681 1784 3766 protrahenda
1813 3691 1899 3747 esset
1919 3679 2049 3746 Iudaeis
2072 3681 2150 3760 vita,
2181 3705 2223 3750 ex

222 3765 437 3850 confugerent
457 3769 491 3833 in
515 3769 665 3846 latebras,
698 3771 768 3835 ideo
791 3771 953 3854 propheta
975 3770 1054 3836 dieit
1076 3773 1197 3836 trustra
1249 3793 1312 3852 quo
1344 3769 1481 3853 disparsi
1514 3777 1607 3834 erant
1640 3769 1728 3834 inter
1759 3765 1869 3834 hostes
1902 3787 1988 3833 suos.
2039 3765 2139 3846 Dieit,
2172 3769 2224 3836 At

221 3871 276 3916 eos
313 3853 538 3937 tergiversari,
579 3855 734 3937 quoniam
770 3868 898 3922 montes
939 3869 1035 3922 erunt
1075 3857 1196 3922 similes
1249 3855 1437 3922 haereditate
1470 3874 1566 3939 qaam
1590 3855 1672 3936 dedi,
1704 3875 1744 3918 ne
1772 3851 1896 3920 soilieet
1923 3852 2131 3937 expostulent
2160 3855 2223 3922 sibi

222 3938 319 4020 agris.
376 3938 453 4022 Epo,
486 3940 601 4024 inquit,
633 3947 782 4024 tauquam
814 3943 850 4007 ia
882 3962 968 4026 apro,
1001 3941 1035 4006 id
1068 3952 1126 4016 εει,
1160 3943 1195 4007 in
1250 3942 1371 4007 auferri
1394 3942 1479 4024 quod
1509 3961 1603 4005 suum
1626 3948 1691 4006 est:
1721 3936 1893 4020 Quomodo
1915 3948 2011 4016 terra,
2034 3939 2150 4021 inquit,
2173 3950 2223 4006 est

222 4023 368 4107 planitie,
396 4025 528 4092 diuitiae
556 4033 584 4092 et
612 4026 777 4094 thesauros
804 4048 965 4109 mpetum,
1000 4037 1036 4091 ut
1064 4036 1198 4110 pateant
1251 4040 1359 4093 vestra
1392 4025 1601 4092 baereditas?
1641 4044 1758 4107 nempe
1791 4044 1863 4090 eam
1895 4023 2003 4107 adepti
2038 4027 2116 4090 estis
2150 4046 2224 4093 mea

222 4109 254 4172 in
290 4110 504 4193 direptionem
534 4112 691 4180 hostibus.
743 4113 882 4180 Summa
915 4125 973 4192 εει,
1007 4112 1092 4196 quod
1123 4135 1195 4196 pro·
1250 4111 1461 4178 liberalitate:
1492 4131 1579 4177 uuna
1601 4132 1699 4195 quum
1724 4109 1795 4176 sitis
1816 4111 1945 4190 ingrati,
1967 4129 2026 4175 eur
2049 4110 2225 4194 reprehen-

220 4195 321 4277 pheta
344 4195 519 4261 vindietam
542 4198 673 4264 Iudaeis
691 4199 872 4275 denuntiat,
896 4211 929 4264 et
951 4199 1048 4265 simul
1072 4200 1198 4267 axeutit
1251 4198 1318 4278 dar,
1347 4200 1376 4263 si
1397 4200 1518 4282 reeipio
1541 4197 1628 4280 quod
1652 4195 1743 4263 vobis
1770 4194 1947 4260 dederam?
1981 4196 2033 4260 vel
2062 4215 2224 4279 quaenam

196 4282 357 4347 'stultam
380 4280 542 4360 fiduoiam,
574 4305 658 4367 quae
681 4286 779 4351 nimis
809 4305 939 4352 seeuroa
965 4284 1130 4367 reddebat,
1160 4294 1198 4352 ut
1250 4295 1299 4352 est
1332 4285 1395 4349 ista
1427 4284 1569 4350 iniuria?
1601 4294 1635 4348 et
1667 4282 1744 4365 quid
1778 4282 1913 4365 potestis
1946 4282 2027 4346 mihi
2060 4282 2223 4349 obiicere?

222 4375 416 4449 spernerent
438 4388 551 4434 omnes
578 4371 684 4436 minas
706 4371 788 4437 Dei:
818 4372 896 4448 Vos,
926 4371 1043 4455 inquit,
1074 4373 1196 4456 putatis
1250 4372 1328 4455 quia
1350 4368 1535 4436 haereditas
1552 4389 1682 4452 semper
1699 4388 1772 4434 mea
1790 4375 1849 4446 est,
1870 4369 2018 4450 quamvis
2037 4367 2078 4432 ad
2098 4376 2224 4452 tempus

221 4461 328 4518 tutum
344 4453 438 4518 vobis
456 4455 523 4520 fore
541 4455 702 4540 refugium
720 4458 756 4522 in
775 4458 957 4523 montibus:
976 4458 1069 4524 Deus
1087 4467 1196 4524 autem
1250 4478 1322 4523 eam
1340 4457 1430 4522 vobis
1442 4455 1674 4524 ooneesaerim:
1693 4455 1720 4521 si
1739 4453 1882 4519 fuissetis
1897 4453 1978 4518 mihi
1995 4453 2090 4538 grati,
2110 4455 2224 4521 suisset

222 4538 299 4603 inde
327 4537 466 4622 abripiet
494 4561 606 4606 omnes
629 4551 756 4608 vestras
785 4543 965 4622 t'aonltates,
995 4555 1027 4608 et
1057 4553 1198 4627 exponet
1249 4541 1379 4626 quidem
1402 4542 1458 4607 illa
1487 4546 1661 4626 perpetua:
1690 4538 1746 4605 sad
1770 4560 1858 4606 nune
1880 4559 1977 4621 quum
2009 4561 2048 4605 eu
2071 4560 2128 4606 vos
2150 4561 2224 4624 spo·

223 4634 377 4706 tanquam
413 4627 446 4692 in
478 4647 556 4712 agro
584 4637 704 4710 aperto,
734 4631 780 4694 ita
809 4633 846 4694 ut
875 4629 980 4694 iaeilis
1008 4629 1052 4694 sit
1084 4650 1195 4698 aarum
1249 4629 1345 4708 liobe,
1379 4628 1471 4695 vobis
1504 4628 1635 4710 eulpam
1669 4625 1851 4693 adseribite.
1900 4625 1946 4690 Et
1979 4626 2092 4692 eodem
2124 4627 2223 4691 etiam

223 4707 371 4791 direptio.
404 4712 528 4778 Iterum
550 4713 668 4797 repetit
679 4713 768 4798 quod
783 4715 918 4791 dixerat,
942 4715 1050 4781 Deum
1073 4715 1197 4781 soilieet
1249 4735 1348 4780 sensu
1375 4714 1474 4794 addit,
1506 4712 1632 4779 Seruire
1658 4731 1713 4778 ooe
1740 4711 1860 4793 facim
1881 4711 2075 4778 aduersariis
2103 4713 2223 4792 omitia

221 4795 340 4860 merito
364 4797 445 4864 tales
467 4819 588 4883 poenas
617 4809 824 4882 sumpturum
854 4801 893 4867 de
916 4800 1055 4880 Iudaeis,
1083 4809 1196 4886 utpote
1249 4800 1336 4884 quod
1359 4801 1463 4883 magis
1485 4798 1656 4883 indignum
1680 4805 1739 4877 est,
1762 4817 1860 4881 quam
1883 4798 1911 4864 si
1930 4798 2046 4864 vieinis
2068 4797 2136 4862 suis
2158 4819 2225 4864 ser·

222 4883 277 4962 qui
307 4902 342 4948 se
372 4886 536 4966 gesserint
561 4886 634 4969 plus
663 4907 761 4970 quam
791 4887 947 4953 seelerate
976 4888 1010 4952 in
1041 4889 1109 4954 suis
1138 4907 1195 4952 ax·
1249 4887 1365 4965 virent,
1390 4885 1509 4968 quibus
1531 4905 1597 4950 nou
1624 4883 1764 4952 fuissent
1785 4884 1868 4949 odio.
1913 4882 1979 4950 Sed
2004 4882 2058 4946 hie
2079 4883 2224 4949 ostendit

222 4966 325 5067 oelsis.
377 4967 443 5033 Per
475 4971 602 5038 exeslsa
635 4972 723 5038 haud
756 4972 854 5039 dubie
887 4973 1050 5057 signifieat
1082 4993 1195 5039 omnes
1248 4993 1345 5056 quam
1368 4973 1480 5056 gravis
1503 4972 1677 5071 futurasit
1694 4971 1879 5038 salamitae:
1903 4970 2056 5053 quoniam
2079 4971 2223 5070 servient

221 5055 768 5225 :ulutatu:ttttt'ttt2
798 5059 1015 5210 lttdtt.
1037 5059 1195 5212 ttttllt
1248 5080 1316 5210 tlt
1335 5056 1658 5226 litttet‘lt
1677 5056 2222 5216 ttttt.t‚“tt.ttt⁰ttttt

221 5223 282 5289 sibi
314 5227 441 5292 offerri:
474 5229 535 5311 ipsi
569 5239 678 5296 autem
712 5231 813 5296 stulta
843 5229 971 5294 fervore
1000 5232 1062 5298 sibi
1091 5231 1195 5296 molta
1248 5231 1418 5295 Postremo
1441 5231 1611 5294 confirmat
1639 5228 1723 5312 quod
1752 5228 1881 5293 dixerat
1910 5226 1951 5292 de
1979 5226 2124 5309 ipsorum
2155 5249 2223 5294 see-

221 5309 339 5376 altaria
368 5321 550 5396 erexerant,
582 5326 620 5381 ut
649 5318 757 5382 nullus
786 5326 872 5382 esset
905 5317 1005 5398 eollis,
1039 5317 1094 5383 ubi
1129 5337 1193 5381 non
1248 5315 1333 5381 lare:
1364 5315 1504 5396 Ardabil,
1535 5316 1650 5398 inquit,
1683 5315 1769 5398 iouis
1795 5315 1830 5380 ia
1849 5333 1927 5380 aare
1947 5333 2025 5378 mea
2071 5315 2155 5380 Nam
2179 5327 2223 5406 ‘tlt

1962 5415 2012 5468 17·
