5134 6124
388 446 447 512 167
1189 443 1575 514 Puauuuouloreas
2320 447 2376 513 tea

385 655 461 700 men
485 633 634 700 dominae
660 655 725 700 non
755 635 884 716 capitur
912 654 970 715 pro
999 635 1129 720 regina,
1163 655 1245 717 quae
1273 642 1360 700 esset
1411 633 1606 716 superbiam,
1636 653 1700 718 qua
1721 632 1899 720 turgebant
1920 634 2037 700 Iudaei
2058 633 2129 718 ipsi.
2176 631 2243 699 Sed
2264 654 2323 718 ego
2343 635 2375 700 in

370 741 471 796 ‚uxor
490 718 629 800 Ioalsim,
659 720 716 786 sed
739 729 936 803 prometto,
961 739 1043 802 quae
1066 721 1359 802 tunoeratimpe-
1411 719 1576 786 dicerem
1596 732 1724 803 partem
1748 720 1854 804 magis
1877 720 2015 786 inclino:
2050 719 2138 802 quod
2160 718 2284 786 seilicet
2305 739 2376 804 pro·

387 807 426 872 rii
450 806 551 882 socia,
585 813 618 871 ει
639 807 732 871 εείεε
754 805 910 870 εειεείιεε
933 804 1074 870 multum
1097 804 1249 888 pollebat.
1294 805 1358 870 Mi·
1411 805 1511 889 pheta
1531 806 1688 888 loquatur
1709 803 1749 870 de
1770 805 1932 889 superbia,
1956 804 2007 870 vsl
2024 805 2064 870 de
2079 803 2255 890 magnifica
2271 817 2376 888 poten·

371 892 475 962 ,nime
497 903 606 958 autem
628 888 763 958 dubium
786 899 836 956 est
857 889 935 973 quin
951 889 1043 956 Deus
1065 889 1128 956 hoo
1144 891 1238 956 modo
1255 892 1360 973 magis
1412 891 1456 955 tia
1478 891 1630 966 hostium,
1653 913 1673 956 a
1694 890 1812 974 quibus
1834 891 1897 959 sibi
1920 902 1998 956 tuno
2018 889 2132 956 ludaei
2154 889 2235 956 nibil
2257 901 2376 956 metue·

388 976 532 1044 excitare
561 976 705 1042 voluerit
731 975 834 1060 plebis
863 975 1007 1054 animos,
1040 996 1140 1058 quum
1173 975 1361 1043 ostenderet
1412 977 1501 1042 bant.
1535 975 1647 1057 Quum
1669 996 1748 1060 ergo
1770 987 1835 1040 tarn
1854 984 1966 1042 essent
1980 976 2095 1054 ssouri,
2119 975 2199 1041 dicit
2214 977 2376 1058 propheto.

388 1082 424 1128 se
439 1083 480 1128 ne
495 1063 565 1147 regi
579 1060 711 1146 quidem
727 1073 761 1127 ει
773 1061 906 1144 reginae
921 1080 1063 1143 parcere.
1087 1059 1154 1127 Sed
1168 1061 1244 1126 hino
1259 1062 1358 1126 etiam
1412 1061 1483 1145 Ego
1505 1062 1605 1146 igitur
1625 1082 1771 1128 seorsum
1800 1061 1933 1139 deflebo,
1963 1063 2079 1145 inquit,
2109 1073 2144 1126 et
2171 1062 2282 1127 anima
2308 1082 2378 1126 mea

388 1145 575 1232 colligimus
597 1147 682 1230 quod
704 1157 780 1213 ante
804 1146 912 1212 visum
928 1145 999 1221 luit,
1023 1145 1204 1212 doctrinam
1219 1147 1358 1229 prophe·
1412 1146 1623 1229 lacrymando
1646 1145 1893 1232 lacrymabitur:
1921 1149 1985 1212 into
2010 1148 2124 1214 oculus
2147 1166 2238 1213 mons
2261 1147 2379 1213 defluet

389 1232 486 1300 ticam
521 1233 679 1299 excellere
706 1253 806 1315 supra
833 1251 964 1296 omnem
994 1230 1107 1296 mundi
1142 1231 1358 1298 altitudinem.
1411 1233 1444 1296 in
1467 1233 1629 1314 lacrymas
1657 1244 1789 1316 proptor
1819 1233 2002 1316 superbiam
2033 1232 2192 1311 bostium,
2225 1253 2308 1315 quae
2337 1235 2379 1298 its

388 1318 525 1384 Dictum
547 1320 635 1385 enim
656 1320 781 1401 primus
803 1315 866 1382 luit
887 1316 1055 1394 Ieremias,
1086 1318 1200 1400 Argue
1220 1327 1357 1393 montes,
1411 1318 1504 1383 vobis
1526 1330 1575 1382 cet
1597 1318 1859 1401 contemptibilis.
1904 1318 2002 1384 Nunc
2024 1337 2207 1402 pergamus.

390 1413 422 1468 et
442 1406 567 1487 corripe
589 1403 703 1470 oollae:
733 1402 859 1482 duodo,
882 1401 968 1468 Ecce
990 1422 1050 1487 ego
1072 1403 1227 1468 constitui
1251 1413 1282 1468 tc
1304 1423 1358 1468 su·

389 1509 448 1572 per
469 1510 571 1574 regna
593 1501 625 1554 ει
644 1509 743 1571 snper
764 1488 918 1573 populos,
948 1497 984 1553 ει
1006 1489 1135 1567 diruas,
1168 1499 1206 1552 ut
1228 1486 1358 1566 evellas,
1498 1488 1548 1554 19.
1579 1487 1677 1554 Urbes
1699 1489 1803 1554 curbi
1824 1489 1950 1556 clausae
1970 1493 2051 1567 aaut,
2079 1493 2214 1556 ducato
2235 1489 2379 1573 quispe

390 1585 423 1639 et
445 1595 527 1659 quae
548 1587 738 1658 sequuntur.
783 1573 857 1638 Hoc
879 1573 1052 1657 diligenter
1082 1573 1262 1638 notandum
1293 1588 1358 1638 est:
1410 1575 1490 1639 riui:
1511 1575 1674 1640 teducius
1691 1579 1744 1656 cet,
1766 1572 1831 1660 (vel
1848 1573 2111 1659 transmigravit)
2133 1574 2279 1641 Ieltudclt
2292 1579 2378 1653 tolus

390 1660 467 1742 quia
489 1681 593 1744 reges,
615 1659 856 1743 etquicunque
878 1660 913 1723 in
927 1658 1048 1724 mundo
1063 1659 1218 1736 eminant,
1241 1669 1359 1741 putant
1411 1659 1585 1726 tremuere
1598 1665 1643 1725 eet
1659 1661 1793 1742 perfecte
1808 1659 2028 1744 (perfectione,
2053 1660 2115 1727 hoc
2137 1674 2195 1739 est,
2217 1660 2253 1726 in
2276 1673 2377 1728 totum

391 1745 550 1829 singulari
572 1745 744 1830 privilegio
765 1765 801 1810 se
823 1765 889 1810 non
912 1755 1040 1808 tentum
1058 1743 1181 1810 solutos
1195 1763 1266 1810 esse
1280 1743 1360 1826 legi·
1410 1743 1570 1813 abductus
1592 1756 1642 1812 εει
1663 1747 1699 1810 in
1721 1744 1966 1832 captivitatem).

392 1831 467 1907 bus,
499 1830 675 1898 sedetiam
700 1835 861 1895 immunes
891 1829 932 1894 ab
960 1830 1050 1894 omni
1078 1831 1153 1914 iugo
1182 1829 1360 1896 modestiae

390 1927 425 1982 ει
446 1916 589 2000 pudoris.
634 1916 723 1982 Hinc
745 1917 798 1992 fir,
828 1929 865 1980 ut
892 1915 1075 1999 despiciant
1104 1937 1146 1982 ex
1168 1935 1229 1980 sua
1251 1914 1361 1980 altitu·
1497 1915 1562 1980 Per
1584 1916 1674 1982 urbes
1694 1916 1850 1983 australes
1871 1936 1985 1983 omnes
2011 1918 2079 1982 lere
2108 1915 2300 2001 intelligunt
2330 1938 2380 1982 ur·

389 2002 466 2068 dine
488 2011 522 2066 at
543 2003 661 2078 Deum,
685 2015 718 2065 et
740 2003 810 2066 eius
832 2000 1017 2086 prophetas.
1061 2000 1128 2066 Hic
1153 2021 1231 2085 ergo
1252 2010 1359 2066 osten-
1411 2001 1468 2067 bes
1490 2001 1595 2068 tribus
1612 2000 1774 2084 Iehudah,
1796 2003 1889 2068 ouius
1911 2003 2016 2086 portio
2038 2004 2196 2087 uergebat
2218 2000 2260 2070 ed
2283 2005 2379 2068 meri·

389 2088 438 2153 dit
461 2086 561 2165 Deus,
583 2108 618 2152 se
641 2089 701 2153 hac
724 2088 796 2171 lege
813 2085 909 2152 verbo
923 2106 981 2151 suo
998 2088 1158 2153 instrucre
1173 2086 1358 2169 propbetas,
1412 2086 1515 2152 diem:
1537 2099 1570 2152 et
1591 2101 1761 2171 exponunt
1779 2085 1875 2154 urbes
1896 2087 1971 2154 illas
1992 2089 2137 2155 clausam
2153 2088 2204 2165 iri,
2227 2087 2378 2171 qnoniam

390 2185 427 2240 ut
448 2172 602 2238 claudant
627 2173 736 2240 oculos
764 2171 807 2238 ad
836 2191 966 2238 omnem
996 2171 1111 2238 mundi
1140 2171 1359 2255 splendorem,
1411 2186 1509 2238 erunt
1530 2172 1685 2238 desertae.
1722 2172 1888 2239 Dicuntur
1909 2173 1999 2238 enim
2021 2185 2155 2256 apertae
2177 2173 2275 2240 urbes
2297 2193 2378 2256 qnae

390 2279 451 2325 neo
473 2279 628 2342 personas
650 2258 828 2341 accipiant:
858 2256 914 2323 sed
937 2255 1113 2323 detrahant
1133 2277 1263 2323 omnem
1287 2257 1359 2320 elti-
1410 2259 1671 2341 frequentantur.
1715 2259 1783 2325 Sed
1805 2257 1858 2324 hio
1880 2259 1979 2324 stiam
2005 2277 2103 2340 cogor
2130 2258 2219 2324 alind
2249 2259 2378 2324 sentire.

286 2395 288 2400 .
390 2344 546 2420 tudinem,
569 2356 604 2409 ει
624 2342 783 2427 quidquid
805 2343 840 2408 in
862 2345 984 2408 mondo
999 2343 1139 2421 excellit,
1161 2343 1195 2407 in
1210 2342 1358 2407 ordinem
1411 2343 1546 2427 Proprie
1567 2344 1669 2428 igitur
1696 2345 1817 2426 accipio
1844 2343 1936 2410 orbes
1962 2345 2065 2410 amet
2092 2365 2153 2429 pro
2181 2344 2379 2429 aegyptiacis

391 2440 519 2514 cogant.
575 2429 698 2496 Paulus
730 2429 827 2494 etiam
862 2428 956 2493 docet
988 2427 1030 2515 (2.
1054 2427 1129 2494 (ior.
1155 2427 1206 2510 10,
1231 2426 1264 2513 5)
1298 2428 1359 2493 heo
1411 2430 1553 2495 urbibus.
1599 2428 1729 2496 Scimus
1751 2430 1838 2496 enim
1860 2428 2001 2496 Iudaeos
2021 2429 2101 2496 illue
2122 2440 2286 2514 spectasse
2301 2450 2379 2513 qno·

391 2527 551 2598 potestate
573 2536 686 2582 omnes
708 2513 873 2598 evangelii
895 2513 1061 2579 ministros
1084 2533 1154 2580 esse
1177 2512 1356 2596 praeditos:
1411 2516 1473 2581 ties
1501 2516 1644 2582 instabat
1675 2515 1836 2581 tumultus
1864 2515 1905 2580 ab
1936 2515 2082 2600 Assyriis
2112 2516 2164 2583 vel
2194 2513 2379 2582 Ohaldaeis.

393 2599 479 2666 Data
500 2608 565 2678 εει,
599 2601 723 2683 inquit,
756 2599 851 2666 nobis
879 2609 1022 2682 potestus
1050 2596 1209 2666 adversus
1230 2618 1357 2664 omnem
1411 2599 1575 2681 Quoniam
1596 2620 1673 2685 ergo
1694 2601 1852 2681 putabant
1879 2599 1944 2666 sibi
1965 2603 2155 2684 Aegyptum
2184 2621 2258 2668 esee
2286 2601 2380 2684 quasi

391 2684 597 2752 altitudinem
621 2707 704 2768 quae
734 2707 769 2750 se
799 2683 926 2750 extollit
955 2695 1069 2752 contra
1091 2683 1270 2752 Christum.
1314 2683 1359 2748 l'lt
1411 2686 1493 2771 asyli
1521 2685 1639 2752 instar:
1673 2685 1746 2752 ideo
1773 2686 1948 2753 denuntiat
1976 2684 2136 2769 propbeta
2163 2687 2307 2754 obuncat
2336 2687 2381 2752 ιη’

391 2771 468 2838 hino
491 2771 673 2838 notandum
694 2783 757 2847 est,
789 2770 973 2854 quicunque
1002 2771 1096 2838 electi
1125 2769 1264 2840 suntad
1287 2790 1359 2834 mu·
1411 2790 1517 2838 omues
1537 2771 1612 2838 tuae
1632 2771 1739 2848 urbm,
1771 2791 1826 2840 aec
1852 2770 1922 2852 fore
1949 2773 2006 2854 qui
2034 2791 2089 2838 eus
2110 2773 2253 2856 aperiat:
2285 2772 2379 2854 quasi

390 2880 453 2926 nus
476 2858 627 2934 docendi,
658 2878 723 2923 non
746 2876 840 2940 posse
863 2857 962 2940 probe
983 2855 1118 2940 implere
1140 2877 1217 2922 suas
1238 2864 1358 2939 partes,
1411 2858 1541 2932 diceret,
1564 2855 1725 2923 Dominus
1748 2880 1805 2924 vos
1822 2855 1984 2937 excludet,
2004 2865 2103 2940 atquo
2125 2858 2248 2926 arcebit
2268 2856 2381 2924 abillo

381 2943 455 3016 ¹nisi
477 2959 511 3010 et
532 2965 625 3028 reges
647 2952 680 3007 ει
701 2942 832 3027 reginas
855 2942 997 3008 audeant
1019 2941 1118 3008 libere
1145 2940 1294 3025 aggredi,
1327 2951 1360 3006 ει
1411 2943 1566 3026 perfugio.
1610 2941 1695 3008 Nam
1729 2943 1873 3025 apertius
1905 2953 1992 3010 certe
2020 2943 2173 3027 loquutus
2203 2941 2318 3010 inisset
2340 2941 2380 3006 de

390 3027 554 3112 intrepido
583 3029 717 3114 spiritu:
750 3050 792 3096 ne
821 3026 946 3094 scilicet
975 3026 1108 3093 verbum
1138 3027 1202 3094 Dei
1230 3036 1359 3092 tantum
1411 3027 1544 3094 urbibus
1571 3026 1736 3095 Ishudah:
1769 3028 1886 3094 deinde
1914 3049 2014 3111 quum
2043 3039 2129 3095 esset
2149 3027 2380 3112 lerosolymae,

391 3114 431 3180 ad
455 3113 608 3196 plebeios,
631 3114 684 3180 vel
707 3114 860 3180 obscuros
882 3113 1030 3178 homines
1052 3112 1279 3197 restringatur,
1302 3111 1359 3177 sed
1412 3115 1524 3180 fuisset
1547 3113 1627 3180 haec
1648 3111 1803 3196 loquendi
1824 3116 1907 3178 ratio
1930 3113 2098 3198 ambigua,
2132 3125 2165 3179 et
2186 3115 2281 3197 quasi
2302 3132 2379 3180 oon·

391 3197 541 3265 subiiciat
561 3198 625 3265 sibi
646 3218 757 3264 ornnes
780 3217 798 3261 a
820 3197 957 3262 minimo
978 3218 1080 3280 usque
1101 3196 1143 3262 ad
1170 3199 1358 3264 maximum.
1411 3209 1513 3265 torta:
1544 3211 1578 3264 ει
1599 3198 1696 3283 paulo
1719 3209 1792 3282 post
1813 3199 1964 3281 loquetur
1985 3200 2026 3265 de
2047 3199 2203 3284 Assyriis,
2227 3215 2309 3284 quos
2332 3199 2380 3263 di·

391 3283 472 3349 Fuit
492 3282 580 3348 baud
602 3281 699 3348 dubie
721 3283 802 3348 hace
823 3280 994 3366 prophetia
1016 3302 1082 3346 non
1105 3301 1219 3364 parum
1245 3282 1361 3348 acerba
1411 3297 1463 3350 nst
1501 3285 1780 3367 septentrionales.
1835 3283 1932 3350 Nunc
1971 3303 2050 3368 ergo
2089 3286 2243 3351 admoram
2279 3286 2380 3370 ipsos,

392 3379 459 3434 tam
482 3369 553 3452 regi
574 3388 670 3452 qnam
694 3368 753 3433 toti
775 3367 912 3451 populo:
946 3365 1003 3432 sed
1025 3367 1167 3448 oportuit
1187 3366 1360 3432 Ieremiam
1410 3368 1599 3453 Aegyptum
1620 3370 1690 3436 fore
1706 3370 1772 3436 illis
1787 3370 1947 3438 clausam:
1970 3390 2070 3453 quum
2085 3381 2196 3437 tamen
2211 3379 2382 3453 sperarent

391 3474 451 3521 suo
480 3473 617 3520 munero
646 3452 788 3537 defungi.
834 3451 879 3518 Ει
907 3451 970 3517 hoo
998 3451 1095 3515 etiam
1125 3451 1188 3518 luit
1214 3470 1361 3518 necessa·
1411 3474 1446 3519 se
1468 3455 1536 3519 fore
1559 3455 1624 3521 illio
1647 3457 1681 3520 in
1704 3463 1781 3532 tuto,
1806 3464 1840 3520 ει
1857 3454 2027 3522 tolerabile
2048 3455 2200 3522 exsilium
2222 3476 2294 3522 asse
2315 3456 2382 3520 illis

390 3540 494 3605 mum:
517 3539 671 3621 quoniam
694 3559 753 3603 rex
771 3535 909 3615 loekim,
931 3546 1036 3600 mater
1057 3537 1154 3602 etiam
1178 3536 1247 3602 cius
1269 3551 1361 3618 puta·
1412 3539 1504 3620 quasi
1527 3539 1560 3604 in
1591 3560 1700 3606 manu.
1745 3540 1856 3622 Quum
1884 3561 1961 3624 ergo
1988 3539 2087 3606 stulte
2116 3540 2318 3608 confiderent
2345 3561 2381 3607 se

391 3624 650 3726 bantufieri‘non
673 3644 782 3719 posse,
802 3636 851 3721 ‘ut
873 3642 1016 3720 unquam
1040 3620 1290 3720 detraherentur
1318 3642 1360 3686 ex
1411 3633 1578 3722 receptum
1604 3625 1644 3688 iri
1672 3624 1713 3690 ab
1741 3625 1932 3724 Aegyptiis,
1966 3625 2126 3725 prqpbata
2158 3623 2238 3692 dicit
2259 3637 2382 3726 'portae

391 3705 1360 3890 irruet..litterarumrore
1410 3707 1566 3876 loir
1585 3709 2382 3878 stratselerttfsaauu

389 3879 505 3963 Neque
528 3883 615 3946 enim
638 3879 828 3963 simpliciter
850 3876 1001 3941 hortamr
1022 3897 1110 3959 ipsos
1132 3879 1172 3942 ad
1193 3889 1359 3960 poeniten·
1409 3883 1471 3959 tue,
1494 3879 1663 3946 traductus
1683 3883 1834 3963 perlecto,
1858 3883 1919 3948 hoo
1941 3895 2000 3962 εει,
2022 3901 2136 3948 εειεεε
2157 3882 2191 3947 in
2208 3882 2380 3966 Assyriam

391 3967 484 4056 tiam,
499 3966 556 4032 sed
578 3965 729 4044 ostendit,
751 3961 882 4046 quando
899 3961 947 4026 ita
963 3960 1136 4043 praclraoti
1153 3976 1230 4028 sunt
1246 3961 1282 4026 in
1300 3983 1359 4028 sua
1411 3964 1609 4048 migrabitis,
1639 3977 1673 4030 et
1694 3965 1913 4052 Babylonem,
1941 3987 2023 4050 quae
2044 3975 2095 4032 est
2116 3967 2382 4050 septentrionalis

390 4052 559 4201 sluperbia,
579 4053 723 4199 Ιἱεειιεεε
756 4049 821 4197 illito
856 4065 992 4196 ρεῐεεεὲε
1027 4045 1243 4198 ἰςεεωίεἰεεε
1282 4051 1360 4198 qluia
1411 4053 1510 4135 regio,
1533 4048 1803 4133 quemadmodum
1826 4062 1938 4135 postea
1958 4051 2117 4136 sequitur.

425 4159 554 4204 ominus
576 4157 695 4200 invios
742 4153 913 4202 roseros.
990 4153 1137 4196 ronon
1167 4153 1201 4198 as
1244 4154 1283 4200 ex
1310 4155 1358 4199 or·

390 4225 478 4301 tatio,
504 4243 569 4306 qna
586 4155 744 4304 prophetld
768 4220 855 4301 ipsos
879 4151 1029 4284 erudiat‘:3
1044 4219 1102 4283 aad
1121 4227 1247 4283 tantum
1266 4239 1361 4301 prae·
1497 4219 1548 4284 20.
1579 4219 1693 4284 Leuate
1721 4220 1822 4285 auae
1850 4225 1976 4298 νεεινοε,
2007 4227 2036 4289 ει
2056 4223 2209 4303 wacta
2230 4224 2383 4290 emeca

390 4309 470 4376 dicit
502 4309 589 4392 quod
622 4307 756 4371 minime
788 4304 962 4388 putabant,
997 4322 1129 4384 nempe,
1161 4303 1282 4370 frustra
1303 4323 1360 4368 eos
1411 4303 1450 4368 ob
1471 4304 1624 4384 aquilem.
1675 4303 1737 4370 Uti
1756 4324 1835 4388 ρνεε
1861 4306 1918 4387 qui
1946 4307 2040 4374 deae
2064 4308 2171 4390 faeci
2198 4307 2281 4374 tibi?
2312 4328 2382 4375 coes

391 4395 540 4480 gloriari,
573 4395 650 4475 quia
684 4389 779 4473 paulo
812 4398 885 4471 post
907 4387 1072 4452 Dominus
1104 4406 1160 4451 eos
1193 4407 1259 4452 non
1288 4389 1359 4452 eine
1411 4388 1528 4454 ἀειονιε
1548 4389 1619 4453 lui?

390 4481 509 4565 probro
530 4480 667 4546 deliciet.
712 4476 758 4540 Et
789 4474 849 4540 hoc
882 4482 971 4556 potet
1004 4492 1045 4537 ex
1076 4471 1199 4536 ratione
1232 4471 1359 4537 addita:

394 4567 547 4650 Quoniam
568 4562 736 4644 descendet,
759 4561 875 4643 inquit,
898 4577 1010 4622 corono
1031 4557 1152 4623 derata
1172 4558 1275 4635 uestri,
1298 4556 1359 4624 hoc
1496 4558 1655 4623 Videmus
1677 4577 1754 4641 ergo
1777 4557 1832 4622 hio
1853 4561 1991 4628 conferri
2013 4565 2100 4629 inter
2122 4585 2157 4631 se
2178 4567 2381 4648 Aegyptum,

391 4667 450 4728 εει,
474 4650 665 4716 detrahetur
685 4647 779 4712 vobis
802 4667 844 4710 ax
866 4641 1038 4708 altitudine
1060 4653 1185 4716 vestra,
1216 4662 1257 4705 ex
1279 4642 1359 4706 emi·
1412 4655 1444 4708 et
1462 4643 1683 4710 Chaldaeam:
1705 4644 1796 4724 quasi
1819 4643 1938 4711 diceret
1960 4649 2135 4732 propheta:
2159 4649 2297 4731 Quoties
2320 4649 2381 4716 ali·

390 4738 512 4804 nentiis
534 4734 665 4812 vestris,
695 4732 749 4797 uel
772 4753 814 4797 ex
836 4727 1006 4811 capitibus.
1050 4727 1135 4793 Nam
1158 4737 1256 4794 ΓιιιιιιἾ
1279 4727 1359 4792 aeci·
1412 4728 1489 4810 quid
1511 4727 1605 4793 votis
1627 4725 1763 4792 affertur
1784 4727 1823 4794 ds
1846 4728 2029 4812 Chaldaeis,
2057 4735 2249 4802 convertitis
2271 4734 2382 4802 oculos

390 4824 480 4908 pitur
501 4823 599 4888 etiam
629 4839 688 4903 pro
715 4817 822 4900 capite
851 4810 1026 4878 interdum.
1069 4811 1135 4879 Sed
1165 4810 1221 4876 alii
1248 4811 1359 4876 existi·
1411 4811 1676 4894 inaegyptum,
1707 4815 1798 4895 quasi
1821 4824 1906 4882 esset
1927 4818 1993 4884 illic
2016 4821 2109 4886 vobis
2131 4820 2311 4904 tranquilla
2332 4841 2381 4886 se-

391 4918 495 4987 mant,
517 4902 788 4991 quemadmodum
811 4899 897 4976 dixi,
927 4896 981 4962 hio
1003 4899 1110 4963 notari
1133 4895 1359 4973 sublimitates,
1413 4896 1478 4961 des.
1516 4897 1619 4978 Atqui
1642 4897 1731 4962 Deus
1754 4920 1810 4965 vos
1832 4899 1955 4968 arcebit
1976 4905 2016 4970 ab
2039 4926 2170 4972 accessu
2194 4907 2283 4972 illins
2305 4926 2381 4988 per·

391 5008 426 5062 ει
447 4994 628 5078 appositive
650 4988 766 5056 deinde
788 4984 923 5066 adiungi
945 5003 1099 5049 coronam
1121 4981 1211 5046 illem
1236 4983 1360 5063 magni·
1412 4980 1509 5064 fugii:
1545 4980 1606 5045 Sed
1628 4983 1765 5063 aspicite,
1794 4987 1931 5067 nepeta
1961 4989 2078 5073 inquit,
2109 4993 2229 5071 hostes,
2259 4993 2381 5075 quiex

392 5083 496 5148 finam.
530 5079 603 5163 Ego
625 5077 798 5143 omiseram
821 5090 923 5137 unum
946 5066 1022 5153 (nisi
1044 5066 1152 5151 fallor)
1173 5065 1257 5148 quod
1274 5067 1361 5163 dixe·
1412 5066 1548 5131 adversa
1571 5075 1661 5146 perte
1683 5071 1829 5149 veniunt,
1860 5093 1975 5155 nempe
2005 5075 2224 5143 aObaldaea.
2270 5077 2381 5144 Tollite

392 5177 442 5231 rat
464 5165 624 5249 propbeta
647 5163 686 5229 de
708 5158 874 5244 superbia,
911 5153 987 5219 Nisi
1009 5151 1177 5217 oodiuitie
1202 5156 1230 5215 et
1250 5149 1306 5216 boc
1327 5170 1362 5214 m
1412 5170 1489 5234 ergo
1514 5151 1632 5217 erube:
1665 5156 1817 5234 quoniam
1847 5156 1945 5222 nimis
1973 5161 2063 5226 affixi
2092 5177 2185 5228 erant
2214 5163 2381 5246 praesenti

392 5252 520 5318 crocotis
547 5256 598 5316 etc.
630 5272 650 5315 α
677 5247 758 5329 facie
785 5239 960 5326 superbiae.
1017 5235 1226 5303 Subaudiuot
1260 5238 1361 5299 inter·
1412 5256 1489 5301 suae
1511 5236 1620 5319 quieti,
1650 5237 1723 5303 ideo
1745 5238 1836 5303 iubet
1858 5241 1959 5308 οειιῑεε
1985 5245 2096 5327 tedae,
2127 5248 2188 5314 hoc
2217 5259 2277 5329 cst,
2309 5249 2380 5314 100.

392 5349 501 5423 pratee
524 5357 542 5401 a
565 5337 646 5403 isoio
668 5332 837 5416 superbiae
864 5337 1006 5401 vestrae,
1041 5323 1102 5387 hoc
1129 5329 1194 5399 εει,
1228 5330 1361 5404 propter
1413 5319 1486 5400 gius
1507 5323 1659 5403 aspicere,
1683 5342 1781 5403 quam
1804 5322 1890 5387 soliti
1911 5327 1985 5392 sint.
2029 5332 2176 5398 Tandem
2199 5333 2289 5411 dicit,
2322 5332 2381 5400 Ubi
