5158 6124
355 423 417 490 487
1159 421 1546 491 Puteteorlottrts
2295 421 2358 488 488

354 613 451 694 ipses.
508 611 649 678 Videtur
689 632 748 695 per
781 631 893 678 vocem
927 623 1022 678 om
1054 616 1167 676 notare
1200 620 1332 675 mutuos
1385 611 1546 677 tenebrae.
1582 609 1722 691 Quando
1738 611 1830 676 Deus
1848 610 2015 694 praelucet
2031 609 2065 673 in
2085 609 2220 676 ecelesia
2235 629 2304 689 sua,
2327 617 2359 673 et

355 697 426 762 iore
454 697 639 776 conflictus,
673 707 710 764 ut
737 696 792 761 elii
822 696 901 762 alios
929 695 1079 779 perdent.
1132 695 1223 760 Deus
1253 715 1331 779 ergo
1383 694 1526 762 ostendit
1545 695 1640 778 viem,
1663 694 1938 779 quemadmodum
1957 695 2036 761 dicit
2049 694 2158 762 Moses
2179 693 2290 779 (Dent.
2306 694 2358 773 30,

356 783 465 848 mittet
486 782 631 868 gladium
654 803 765 850 suum:
789 781 846 849 sed
868 803 955 848 nunc
977 782 1122 865 porriget
1140 801 1215 846 eum
1231 779 1330 847 Ohal·
1385 781 1435 858 15,
1458 782 1525 869 19),
1555 782 1641 848 Eece
1663 783 1756 849 vebis
1780 802 1926 866 propono
1946 781 2035 846 viam
2060 779 2145 846 ritae
2170 786 2204 844 et
2227 782 2358 846 mortis:

357 866 461 946 dacis,
495 891 583 936 nune
612 868 802 954 Aegyptiis,
831 889 918 934 nunc
948 868 1110 952 Assyriis,
1143 887 1231 932 nune
1259 866 1331 931 eliis
1385 876 1488 933 testor
1510 867 1612 951 igitur
1634 869 1759 934 coelum
1786 877 1818 932 et
1841 879 1962 933 terram
1997 865 2080 931 nibil
2103 866 2193 932 vebia
2215 864 2359 950 relinqui

356 953 501 1036 populis,
534 956 582 1021 ita
611 971 647 1019 ut
677 954 790 1020 ecdem
820 953 928 1037 gladio
950 952 1005 1019 alii
1036 953 1118 1018 alios
1146 952 1331 1031 conficiant,
1384 953 1613 1020 excusationis.
1665 953 1757 1020 Haec
1792 953 1894 1038 igitur
1926 951 2070 1018 secunda
2102 952 2185 1016 ratio
2222 961 2271 1016 est
2299 972 2359 1017 cur

358 1036 459 1105 donec
477 1051 610 1106 ventum
627 1040 671 1107 sit
686 1039 728 1106 ed
744 1039 893 1106 ultimam
909 1039 1054 1104 omnium
1066 1038 1331 1104 internecionem.
1383 1038 1476 1104 Deus
1498 1039 1660 1104 maturius
1682 1059 1821 1123 poenam
1843 1039 1956 1124 exigat
1978 1036 2019 1101 de
2041 1037 2181 1119 peccatis
2202 1035 2358 1116 fidelium,

355 1122 427 1189 Iam
450 1126 607 1208 sequitur,
1385 1123 1437 1190 vel
1477 1123 1534 1207 qui
1574 1123 1685 1190 fideles
1725 1137 1911 1192 censentur.
1964 1121 2095 1186 Deinde
2135 1122 2278 1204 pertinet
2317 1121 2358 1188 ad

1384 1209 1588 1293 exemplum,
1624 1218 1663 1275 ut
1695 1210 1787 1276 Deus
1820 1211 1865 1274 lta
1898 1208 1982 1274 illios
2015 1227 2091 1273 suos
2124 1208 2279 1290 castiget,
2316 1228 2359 1272 ne

1383 1296 1534 1362 videatur
1573 1315 1633 1361 sua
1673 1295 1880 1380 indulgentia
1912 1295 2056 1377 ipsorum
2090 1294 2172 1358 vitia
2204 1292 2292 1359 alere
2325 1303 2360 1358 et

1384 1379 1505 1447 l'crere.
1538 1380 1631 1446 Haeo
1654 1382 1751 1447 tertia
1773 1382 1856 1447 ratio
1878 1390 1929 1446 eet
1951 1377 2188 1462 quodammodo
2211 1377 2359 1444 acciden-

1384 1467 1476 1545 talis‚
1506 1466 1578 1532 ideo
1606 1467 1697 1532 volui
1728 1488 1747 1532 a
1776 1465 1902 1533 duabus
1930 1465 2065 1548 reliquis
2093 1484 2166 1531 eum
2195 1484 2358 1549 separare.

1383 1550 1496 1632 Quum
1519 1572 1596 1637 ergo
1611 1552 1705 1620 Deus
1723 1563 1788 1618 tam
1808 1571 1921 1618 severe
1939 1550 2108 1617 ecelesiam
2127 1569 2219 1614 snam
2238 1551 2360 1616 retinet

1383 1638 1419 1702 in
1441 1637 1557 1716 cilicio,
1579 1638 1731 1724 colligere
1753 1637 1873 1704 debent
1889 1635 2059 1714 increduli,
2081 1637 2108 1701 si
2129 1635 2242 1701 hocin
2262 1634 2360 1699 viridi

444 1724 541 1790 Nunc
571 1722 733 1808 propheta
755 1723 904 1809 adiungit
926 1744 961 1788 se
984 1723 1130 1806 paruisse
1152 1721 1216 1786 Dei
1238 1741 1330 1786 man·
1384 1725 1451 1802 fiet,
1480 1723 1560 1806 quid
1588 1724 1625 1789 in
1654 1723 1746 1790 arido
1776 1721 1854 1789 liet‘t
1900 1721 1967 1790 Sed
1996 1721 2079 1787 duee
2106 1720 2183 1787 illae
2205 1720 2359 1798 rationes,

357 1809 445 1891 dato,
479 1810 753 1894 quemadmodum
784 1821 881 1875 antea
913 1808 1083 1893 aliquoties
1113 1813 1252 1874 testatus
1281 1818 1331 1872 est
1384 1830 1465 1893 quas
1487 1819 1564 1874 ante
1587 1811 1691 1892 posui,
1713 1809 1865 1876 sulficere
1888 1807 1982 1874 nobis
2004 1806 2133 1888 debent,
2154 1826 2212 1873 eur
2234 1805 2360 1872 seilicet

355 1896 506 1961 sciuisse
521 1905 667 1963 coactum
683 1895 723 1961 ad
739 1893 925 1961 obeundum
942 1915 1072 1975 munos,
1090 1892 1175 1977 quod
1192 1892 1332 1958 libenter
1384 1897 1491 1974 Deus,
1531 1894 1610 1960 dum
1650 1896 1820 1979 suspendit
1859 1914 1951 1960 suam
1988 1892 2170 1960 vindictam
2203 1891 2360 1957 adversus

357 1993 551 2061 recusasset,
580 1982 608 2048 ei
636 1981 752 2047 luisset
781 1980 937 2047 liberum:
967 1979 1023 2046 sed
1051 1981 1128 2063 quia
1151 1977 1332 2062 parendum
1383 1981 1546 2064 reprobos,
1578 2001 1716 2063 poenam
1744 1990 1854 2046 sumat
1882 1994 1949 2044 tam
1980 1979 2020 2045 de
2047 1978 2167 2054 electis,
2197 1975 2360 2061 quamde

356 2069 419 2133 fuit
448 2067 578 2134 divinae
606 2067 778 2150 vocationi,
808 2067 881 2133 ideo
910 2065 1053 2132 ostendit
1079 2086 1115 2132 se
1145 2085 1215 2131 esse
1238 2076 1331 2130 extra
1385 2066 1438 2132 bis
1456 2066 1616 2146 omnibus,
1635 2069 1689 2149 qui
1708 2068 1907 2152 profitentur
1923 2086 1959 2130 ee
1977 2085 2048 2130 esee
2066 2085 2108 2129 ex
2126 2063 2197 2128 eius
2214 2061 2360 2128 ecclesia.

356 2153 503 2237 culpam,
545 2160 578 2220 et
618 2154 738 2219 iniuste
778 2153 876 2218 etiam
915 2152 1046 2238 gravari
1079 2172 1099 2216 e
1131 2149 1265 2234 populo,
1303 2152 1330 2216 si
1383 2151 1480 2218 Nunc
1498 2161 1648 2218 tenemus
1667 2174 1726 2220 cur
1743 2152 1901 2218 Ieremias
1919 2151 2023 2233 primo
2042 2150 2113 2216 loco
2127 2157 2361 2216 commemoret

356 2239 564 2304 existimetur
586 2238 747 2304 malcrum
770 2247 875 2304 autor.
909 2238 995 2303 Nam
1018 2236 1137 2304 seimus
1155 2236 1331 2319 prophetas
1384 2249 1530 2304 sanctem
1549 2239 1674 2321 urbem,
1697 2237 1813 2304 deiude
1831 2257 1945 2303 omues
1967 2235 2063 2302 urbes
2081 2231 2241 2312 lehudah,
2264 2254 2361 2318 reges

328 2325 512 2409 degresso
545 2325 671 2390 invidie
693 2333 726 2388 et
747 2323 883 2390 infamia
904 2323 989 2406 apud
1012 2323 1190 2390 obstinatos
1212 2331 1245 2386 et
1266 2321 1330 2386 Dei
1383 2323 1470 2405 eius,
1503 2328 1537 2388 et
1570 2325 1746 2408 principes:
1781 2323 1933 2408 quoniam
1965 2321 2090 2388 scilicet
2122 2340 2177 2385 ecs
2208 2331 2360 2402 porrecte

356 2419 605 2492 contemptores,
636 2429 673 2475 ac
702 2407 731 2476 si
753 2410 832 2493 ipsis
853 2408 1064 2492 imputandas
1086 2415 1196 2474 essent
1218 2427 1331 2474 omues
1383 2411 1460 2475 sinu
1480 2410 1573 2475 Deus
1603 2408 1644 2476 ad
1666 2431 1701 2476 se
1723 2409 1929 2474 invitaverit:
1960 2419 2220 2490 provocaverant
2248 2415 2360 2470 autem

356 2495 473 2562 clades.
528 2495 618 2560 Dicit
649 2495 808 2561 Ieremias
848 2515 881 2561 se
913 2495 1083 2576 sumpsisse
1118 2490 1261 2576 saliceto,
1303 2499 1333 2560 et
1383 2495 1475 2578 quasi
1504 2494 1665 2562 destinata
1692 2494 1818 2561 malitia
1845 2495 1915 2559 eius
1948 2494 2029 2557 iram
2052 2493 2100 2557 ita
2120 2490 2304 2574 spernendo
2327 2498 2363 2554 et

350 2581 553 2663 propinasse,
577 2579 639 2648 hoe
658 2589 717 2658 est,
740 2601 775 2646 ee
794 2579 876 2645 nihil
899 2580 1104 2663 appetivisse,
1127 2576 1184 2645 sed
1205 2578 1330 2645 iniunc
1383 2581 1487 2665 legem
1510 2591 1542 2646 et
1563 2583 1751 2664 prophetas.
1789 2581 1907 2646 Postea
1929 2577 2090 2662 adiungit,
2111 2575 2167 2644 Ae
2178 2576 2360 2658 putendum

357 2675 425 2730 tam
448 2666 509 2732 sibi
531 2666 630 2732 luisse
653 2666 738 2732 hene
760 2665 986 2732 necessitatem
1008 2662 1147 2731 obeundi
1176 2666 1329 2733 muneris.
1382 2666 1468 2750 ipsos
1500 2667 1536 2732 ic
1566 2667 1820 2745 devastationem,
1855 2665 1906 2730 vel
1939 2665 1973 2729 in
2007 2663 2226 2729 solitudinem.
2277 2661 2362 2726 Fuit

355 2749 453 2818 Nunc
475 2751 618 2817 ostendit
638 2772 798 2835 quaenam
821 2751 943 2818 luerint
963 2749 1038 2816 illae
1060 2757 1190 2836 gentes:
1384 2751 1464 2818 baec
1486 2751 1599 2836 gravis
1617 2752 1830 2830 denuntiatio,
1861 2771 1921 2816 nee
1941 2747 2075 2814 dubium
2102 2759 2161 2826 est,
2184 2757 2223 2812 ut
2247 2757 2362 2830 postea

1384 2836 1580 2914 videbimus,
1621 2838 1698 2920 quin
1739 2836 1979 2904 excandueriot
2019 2834 2168 2918 plerique
2200 2832 2361 2898 adversus

443 2973 493 3039 ιε.
517 2972 725 3058 Jerosoclwe
754 2979 783 3038 et
811 2971 942 3040 urbibus
968 2971 1119 3051 restet,
1148 2979 1176 3038 e
1204 2973 1331 3056 reete
1383 2919 2243 3093 tlttlgtillttt‘,ltili“ittttlilll
2264 2917 2361 3087 llil

355 3060 447 3208 {gaz
463 3059 1332 3228 6(ξέηᾶῗῖῧέτὲθὲζῆἑέᾱπεᾞωίἱθζὸἶέαξηωιὲ
1383 3093 1476 3160 Deus
1505 3094 1655 3161 iusserat.
1700 3093 1812 3172 Addit,
1840 3096 1874 3159 in
1902 3097 2068 3190 stupqrern,
2097 3092 2193 3189 tertio
2222 3090 2256 3155 in
2280 3088 2359 3153 sibi·

355 3227 611 3314 meeetolee
634 3229 726 3295 eolo·
748 3193 816 3294 eis
836 3166 955 3296 eet-²⁰
1040 3194 1048 3226 '
1270 3194 1278 3226 '
1383 3173 2361 3350 itt,tittittitttlttttlltmtttltt,itt

1383 3359 1416 3414 et
1448 3353 1675 3418 contumeliae.
1730 3351 1828 3417 Ponit
1860 3358 1991 3434 quarto,
2025 3347 2069 3413 Ia
2100 3312 2358 3414 maledictionem.

440 3432 564 3518 Incipit
586 3431 833 3520 aIercsolyme,
857 3433 1129 3518 quemadmodum
1152 3432 1228 3502 alibi
1251 3433 1330 3502 dici·
1383 3436 1540 3504 Diximus
1563 3437 1641 3521 quid
1660 3458 1717 3520 per
1734 3438 1822 3504 hauc
1837 3455 1950 3503 vocem
1966 3434 2155 3518 significent
2169 3430 2358 3515 prophetae,

357 3531 412 3586 tur
444 3518 603 3586 iudicium
635 3519 778 3604 incipere
812 3542 831 3586 a
865 3520 959 3587 domo
987 3518 1062 3588 Dei.
1116 3519 1231 3604 Neque
1264 3520 1330 3586 ulla
1383 3543 1500 3604 nempe
1526 3521 1665 3589 Iudaees
1693 3523 1763 3590 lere
1791 3522 1886 3606 quasi
1912 3519 2082 3603 exemplar
2109 3516 2360 3592 maledictionis,

356 3616 407 3673 est
429 3607 646 3690 repugnantia
666 3607 703 3670 in
726 3606 904 3689 prophetae
926 3616 1093 3674 contextu.
1131 3604 1330 3689 Quanquam
1382 3620 1419 3671 ut
1447 3607 1593 3692 quisquis
1616 3609 1705 3676 volet
1727 3608 1800 3674 aliie
1822 3605 2026 3686 maledicere,
2052 3614 2162 3670 sumat
2183 3601 2360 3668 formulam

357 3692 445 3758 enim
478 3712 584 3775 nuper
614 3690 776 3774 pollicitus
805 3700 854 3757 est
881 3692 958 3759 liliis
985 3692 1049 3758 Dei
1078 3692 1199 3758 laetum
1230 3693 1329 3758 linem
1382 3693 1423 3759 eb
1453 3693 1546 3776 ipsis,
1580 3695 1672 3759 Deus
1702 3699 1736 3759 te
1768 3693 1883 3777 perdat
1914 3688 2186 3775 quemadmodum
2217 3687 2361 3772 perdidit

357 3776 465 3852 malis,
495 3797 580 3860 quae
607 3776 707 3860 paule
737 3785 809 3859 post
836 3779 966 3861 passuri
994 3785 1105 3844 erant:
1137 3778 1191 3844 hic
1219 3788 1329 3843 tamen
1382 3777 1531 3846 Iudaeos.
1575 3779 1749 3864 Adiungit,
1781 3778 1881 3846 Sicuti
1907 3779 1975 3844 dies
1995 3778 2079 3842 laec.
2123 3774 2198 3840 Non
2222 3773 2361 3840 dubium

356 3862 451 3945 quasi
483 3862 518 3927 io
551 3862 663 3930 tabula
695 3870 866 3929 enumerat
895 3873 1010 3947 gentes
1046 3885 1175 3944 omnes,
1213 3864 1330 3947 quibua
1383 3872 1434 3931 est
1461 3865 1540 3948 quin
1572 3864 1733 3948 propheta
1767 3865 1915 3948 designet
1949 3873 2079 3944 tempus
2109 3859 2228 3927 excidii
2258 3858 2360 3925 urbis.

356 3947 487 4015 volebat
508 3945 602 4013 Deus
624 3948 921 4028 vindictam'suam
945 3948 1140 4016 denuntiari.
1180 3948 1328 4015 Primum
1382 3951 1454 4016 Iam
1488 3960 1565 4018 tune
1597 3959 1749 4034 coeperat
1781 3948 1873 4015 Deus
1905 3959 2047 4014 atterere
2082 3945 2259 4029 populum:
2299 3943 2361 4009 sed

356 4033 457 4118 igitur
490 4034 630 4117 gradum
662 4035 804 4100 obtinuit
834 4033 971 4101 ecelesia
1002 4037 1038 4098 in
1071 4034 1131 4102 hcc
1171 4035 1328 4118 catalogo,
1382 4037 1565 4104 ridebimus
1601 4046 1715 4120 postea
1754 4035 1862 4102 adbuc
1902 4035 2002 4100 luisse
2043 4031 2191 4116 turgidos
2232 4029 2361 4095 animes

356 4119 434 4202 quia
464 4119 616 4201 quamvis
637 4117 728 4185 Deus
750 4121 794 4186 sit
815 4121 913 4186 tetius
937 4119 1052 4186 muudi
1077 4121 1184 4198 iudex,
1213 4123 1330 4188 meritc
1382 4144 1521 4208 magnae
1544 4123 1655 4206 partis,
1685 4131 1722 4188 ut
1744 4121 1860 4186 cristes
1881 4119 2021 4186 subinde
2043 4118 2217 4201 erigerent,
2240 4127 2273 4180 et
2295 4115 2360 4181 eir·

356 4215 467 4270 tamen
490 4206 530 4272 ab
553 4204 690 4271 ecclesia
707 4225 766 4271 sua
781 4206 896 4289 incipit
911 4212 1043 4288 prepter
1061 4204 1141 4272 dues
1158 4208 1330 4291 praecipue
1382 4209 1623 4292 cumspicerent
1654 4207 1695 4272 ad
1728 4228 1781 4274 res
1815 4227 1931 4285 novas,
1960 4215 1993 4270 et
2032 4203 2263 4288 promitterent
2295 4199 2360 4266 eibi

354 4310 482 4444 titt
509 4291 886 4443 l⁰tttl⁰tt⁹³ltt
909 4290 1330 4444 lttltltltlltt:
1382 4288 2182 4445 “liliolisigilii‘amsiiulllli‘lt„lli
2208 4286 2361 4439 ‘litttt

355 4427 498 4528 maxime
528 4462 594 4529 illic
624 4425 679 4528 eet'
702 4461 773 4528 eius
803 4398 1005 4529 sqcllicitude:
1018 4399 1081 4528 pitu
1103 4429 1259 4545 quobiam
1281 4485 1330 4528 re·
1383 4401 1475 4548 guasi
1498 4463 1609 4550 digito,
1631 4465 1723 4547 quasi
1745 4465 1811 4529 iam
1835 4397 2077 4530 vpeutum'esset
2094 4457 2135 4525 ad
2151 4458 2236 4525 diem
2253 4458 2360 4535 illum,

356 4547 441 4614 sidet
464 4547 556 4613 Deus
585 4549 619 4613 iu
649 4546 785 4615 ecelesia
814 4567 875 4613 sua
903 4569 969 4612 non
998 4557 1105 4632 petest
1134 4549 1218 4627 lieri,
1251 4549 1329 4632 quin
1381 4572 1446 4634 quc
1474 4551 1552 4618 urbs
1579 4549 1761 4618 excidenda
1790 4555 1875 4629 eret,
1902 4559 1935 4614 et
1959 4547 2116 4631 templum
2141 4544 2359 4610 exurendum.

356 4635 469 4700 statim
508 4633 645 4716 castiget
684 4654 816 4700 suorum
855 4632 982 4699 delicta.
1044 4633 1171 4698 Deinde
1210 4635 1330 4700 scimus
1383 4637 1473 4721 Ergo
1501 4635 1543 4702 ed
1572 4635 1799 4702 certitudinem
1829 4635 1974 4703 vaticinii
1998 4633 2059 4700 boc
2080 4631 2232 4698 refertur.
2278 4628 2360 4710 Qni-

355 4720 466 4786 minus
487 4717 690 4785 excusabiles
711 4740 782 4785 esse
804 4719 859 4801 qui
881 4719 985 4785 edocti
1007 4718 1046 4786 de
1072 4719 1243 4788 voluntate
1267 4719 1330 4786 Dei
1383 4724 1458 4788 dam
1481 4723 1672 4789 existimant
1694 4722 1754 4787 hcc
1777 4721 1876 4788 luisse
1899 4719 2056 4803 scriptum
2080 4727 2253 4802 postquem
2271 4717 2360 4780 Iere-

356 4805 574 4872 nibilominus
618 4818 762 4889 pergunt
802 4803 935 4888 obsequi
976 4805 1044 4871 suis
1083 4805 1329 4889 cupiditatibus:
1382 4809 1466 4875 miae
1498 4807 1532 4873 in
1567 4806 1718 4873 exsilium
1751 4804 1911 4873 abductus
1944 4815 2038 4872 esset.
2094 4802 2162 4869 Sed
2196 4799 2360 4868 divinatio

356 4913 462 4976 neque
485 4893 573 4958 enim
592 4890 669 4956 licet
686 4889 752 4956 illis
770 4902 960 4974 praetexere
978 4891 1206 4974 ignorantiam.
1240 4891 1330 4974 Ergo
1381 4893 1439 4959 illa
1471 4914 1590 4976 perum
1623 4894 1718 4958 firma
1748 4900 1806 4958 est.
1857 4893 1943 4959 Mihi
1971 4892 2072 4976 igitur
2101 4889 2239 4968 suflicit,
2272 4885 2360 4970 quod

355 4977 512 5061 impletur
541 4977 627 5060 quod
651 4975 805 5044 Christus
834 4975 1031 5058 pronuntiet,
1062 4997 1173 5044 serves
1194 4977 1329 5061 gravius
1382 4979 1520 5046 ludaeos
1542 4978 1663 5044 excitet
1685 4999 1705 5044 a
1727 4998 1786 5043 sua
1804 4979 1988 5056 securitate,
2011 4991 2043 5044 et
2061 4973 2215 5044 ostendet
2233 4975 2360 5038 instare

356 5063 530 5147 vapulare,
564 5062 621 5146 qui
654 5063 793 5130 seientes
823 5061 946 5126 domini
975 5061 1176 5128 veluntatem
1210 5062 1330 5127 nihilo·
1382 5065 1475 5134 brevi
1492 5063 1765 5147 complementum
1783 5084 1895 5129 eorum
1911 5065 2068 5142 omnium,
2089 5081 2172 5147 quac
2188 5059 2359 5144 praedicit,

355 5149 467 5216 minua
496 5150 729 5216 contumaciter
757 5166 828 5215 eam
859 5148 1019 5214 relioiunt.
1067 5146 1199 5229 Duplex
1228 5148 1330 5231 igitur
1383 5172 1443 5218 nee
1477 5151 1580 5233 magis
1614 5148 1830 5216 dubitandum
1865 5170 2060 5233 essequam
2090 5150 2117 5216 si
2148 5145 2257 5213 clades
2287 5145 2361 5228 ipsa

356 5234 453 5319 culpa
482 5243 532 5301 est
561 5236 597 5300 in
626 5234 781 5304 membris
803 5233 966 5300 ecclesiae.
1012 5230 1124 5315 Neque
1146 5234 1232 5298 enim
1257 5253 1329 5316 pos·
1384 5236 1476 5304 vobis
1498 5257 1585 5303 nune
1607 5245 1694 5302 esset
1715 5235 1751 5300 in
1772 5231 1958 5318 conspeetu.
2004 5233 2170 5319 Sequitur,

357 5332 435 5389 sunt
466 5322 605 5389 conferri
644 5320 837 5398 incredulis,
877 5320 935 5402 qui
967 5325 1061 5382 erant
1094 5317 1181 5383 inter
1214 5317 1330 5386 densas

444 1347 493 1411 17.
517 1347 563 1413 Et
582 1348 705 1432 sumpsi
732 1347 858 1413 culicem
878 1366 894 1411 e
915 1364 1013 1410 mccc
1036 1345 1179 1428 lebetae,
1209 1349 1331 1426 etpro-

351 1433 468 1514 pirtcui
495 1433 610 1500 minois
636 1433 792 1517 patlibus,
825 1433 868 1498 ad
896 1451 977 1514 quas
1003 1433 1092 1496 misit
1119 1450 1167 1495 asc
1194 1429 1332 1495 chevclr

358 1518 401 1584 ad
431 1539 485 1584 ecs
515 1518 585 1604 (sed
614 1519 732 1584 iterum
756 1538 958 1601 supervacua
980 1523 1030 1584 est
1054 1517 1133 1582 haee
1156 1517 1329 1604 repetitio).
