5134 6124
351 361 412 426 183
1155 358 1543 428 Patanaoaloalas
2287 367 2348 432 184

348 552 519 631 scelerum,
549 551 764 636 praeveniant
792 549 856 614 fide
885 559 918 614 et
940 547 1142 632 poenitentia
1174 549 1323 626 exitium,
1375 570 1501 633 nempe,
1524 554 1558 616 ut
1576 549 1677 631 faeiat
1691 555 1822 633 propter
1843 571 1953 617 nomen
1975 573 2080 636 suum,
2104 553 2165 622 hoe
2187 565 2247 632 est,
2271 559 2346 622 uta

349 639 436 724 qaod
469 639 534 705 illis
566 638 677 702 instet.
730 635 825 702 Nune
859 653 937 720 ergo
964 644 1113 700 tenemus
1143 633 1323 718 prophetae
1374 655 1409 700 se
1438 636 1509 718 ipso
1538 654 1669 702 oausam
1697 635 1937 704 miseridordiae
1966 652 2088 718 sumat,
2118 640 2195 723 qaia
2223 641 2346 707 nullam

349 724 523 796 eonsilium
563 723 599 788 in
631 721 693 788 hoe
730 720 810 785 loco.
867 720 1016 786 Primum
1050 719 1144 798 dieit,
1184 719 1324 785 Diuersi
1373 720 1409 783 in
1432 720 1526 786 nobis
1547 721 1697 804 reperiet.
1731 720 1817 787 Nam
1840 723 1868 788 si
1891 722 1930 788 de
1952 743 1987 790 se
2008 725 2079 808 ipso
2099 724 2160 792 hoe
2183 726 2347 810 praediuat

350 811 534 893 iniquitates
559 814 682 876 uestrae
704 807 914 888 testificentur.
959 805 1106 870 Verbum
1128 819 1186 881 aee
1210 806 1323 889 propie
1373 805 1541 884 Ieremias,
1571 817 1604 870 et
1633 827 1697 872 non
1728 808 1811 885 fiete,
1840 809 1932 876 ouius
1960 829 2048 876 nuno
2071 811 2253 877 dementiae
2275 814 2345 892 erit,

351 898 514 981 signifieat
535 893 748 1046 resEondere:
772 890 829 958 sed
851 891 1009 974 aeeipitur
1030 892 1130 956 etiam
1153 911 1212 974 pro
1235 890 1324 956 testi·
1375 900 1501 958 tantum
1525 891 1617 958 nobis
1640 912 1801 976 arrogare,
1825 901 1862 960 ut
1883 893 1954 961 Deo
1977 895 2098 980 aliquid
2122 897 2238 963 afferat
2260 900 2345 982 qais·

349 983 448 1059 fieeri,
474 981 570 1048 aienti
616 998 654 1046 oe
676 979 761 1046 loeo:
790 976 944 1055 Domine,
966 978 1083 1059 inquit,
1108 977 1161 1042 hin
1183 995 1249 1041 non
1271 983 1323 1041 est
1374 996 1472 1059 quam
1500 985 1667 1055 nostrum,
1701 999 1765 1061 quo
1794 981 1896 1062 possit
1925 981 1966 1046 ad
1996 983 2250 1049 miseridordinm
2271 1004 2345 1068 pro·

349 1087 408 1134 our
430 1068 597 1152 litigemus
619 1075 735 1142 teeum,
758 1064 811 1130 vel
834 1062 1090 1146 expostulem,
1113 1062 1164 1130 vel
1186 1082 1320 1146 quaera-
1375 1062 1506 1129 venari?
1555 1061 1705 1130 Seiemus
1740 1085 1832 1150 ergo,
1867 1065 1976 1133 Deum
2005 1068 2175 1152 ignoseere
2208 1072 2346 1154 peeoatis

349 1175 423 1220 mus
445 1175 503 1220 oar
519 1165 585 1219 tam
601 1171 714 1218 severe
732 1150 899 1216 nobiseum
914 1167 1008 1232 agas:
1031 1149 1193 1214 taoeaaant
1210 1168 1322 1213 omnes
1375 1149 1510 1229 nostris,
1551 1169 1616 1214 non
1657 1159 1807 1232 respeetu
1841 1151 1939 1220 ullius
1972 1154 2260 1237 compensationis,
2290 1155 2346 1222 sed

349 1239 588 1307 exeusationes:
618 1257 692 1302 uum
716 1240 842 1318 gemetu
867 1239 973 1300 ιιιινι
993 1233 1196 1314 testificentur
1216 1239 1322 1300 carrara
1375 1244 1503 1300 tantum
1536 1235 1613 1318 quia
1652 1235 1686 1299 in
1719 1255 1754 1300 se
1788 1237 1857 1320 ipso
1891 1240 1972 1304 satis
2006 1238 2105 1305 hebet
2136 1260 2273 1319 oausae,
2310 1255 2346 1306 nt

349 1346 421 1392 uos:
446 1325 506 1391 hoo
529 1335 588 1404 est,
611 1324 707 1389 etiam
730 1321 758 1388 si
781 1341 885 1404 neque
906 1319 1024 1404 angeli,
1048 1340 1153 1402 nequa
1175 1317 1323 1385 homines
1375 1340 1494 1386 nomen
1524 1340 1620 1386 suum
1650 1319 1819 1404 glorifioet.
1864 1321 1936 1389 Iam
1966 1326 2115 1408 sequitur
2143 1325 2262 1392 olarior
2290 1347 2345 1392 ex·

348 1432 409 1477 nos
436 1420 602 1484 aennsent,
637 1412 746 1472 temen
778 1406 976 1473 eonscientin
1009 1406 1102 1472 nobie
1130 1404 1252 1471 suffieit
1281 1403 1321 1468 ad
1374 1407 1491 1488 positio
1513 1415 1547 1471 et
1568 1405 1771 1472 confirmatio
1795 1408 1892 1476 huius
1915 1412 2105 1492 sententiae,

348 1517 409 1562 nos
431 1494 641 1562 damnandos.
677 1491 847 1574 Quomodo
870 1492 958 1557 enim
980 1491 1170 1575 iniquitates
1190 1498 1322 1559 nostrae

349 1591 463 1650 eontra
490 1603 549 1648 nos
576 1577 814 1646 testitieenter?
844 1598 959 1661 nempe
990 1575 1044 1642 ubi
1074 1577 1233 1644 sentimus
1263 1596 1322 1642 nos
1461 1577 1489 1642 8.
1521 1575 1600 1658 sper
1633 1577 1738 1642 Israel
1775 1576 1841 1662 (vel
1874 1584 2088 1664 exspectatio:
2123 1597 2176 1661 rep
2209 1597 2258 1650 est
2289 1606 2345 1650 ex·

349 1688 419 1734 esse
454 1667 612 1733 obnoxios
640 1663 760 1731 indioio
789 1661 869 1740 Dei,
903 1672 936 1728 et
964 1663 1070 1728 teneri
1099 1673 1187 1730 nerto
1217 1670 1321 1728 reeta.
1374 1661 1534 1748 speotere)
1555 1668 1694 1730 seruetur
1714 1683 1747 1729 ee
1763 1665 1798 1728 ie
1816 1669 1948 1746 empore
1964 1670 2130 1750 sapietiae
2147 1670 2223 1754 (vel,
2247 1671 2345 1736 tribu·

348 1752 518 1835 Quantum
551 1752 592 1816 ad
626 1749 781 1834 reprobos
814 1757 951 1833 speetat,
985 1748 1175 1831 iniquitates
1208 1769 1321 1814 eorum
1373 1747 1526 1834 lationis),
1555 1767 1613 1813 eur
1639 1750 1703 1814 eris
1730 1751 1823 1831 guasi
1844 1753 2034 1836 peregrinus
2054 1756 2090 1820 ie
2111 1755 2223 1820 terra?
2254 1759 2346 1838 paesi

347 1840 491 1906 olamant
512 1841 547 1903 in
570 1836 707 1914 eoelum,
736 1835 832 1903 sieuti
854 1832 894 1899 de
916 1833 1061 1900 Sodoma
1083 1832 1209 1902 dieitur.
1254 1831 1321 1900 Sed
1372 1833 1475 1900 vietor
1496 1835 1650 1900 divertens
1672 1834 1715 1900 ed
1733 1837 2000 1916 pernoctandum?

347 1923 507 2007 propheta
536 1923 591 1988 hie
621 1921 750 1988 videtur
779 1919 898 2003 aliquid
926 1920 1001 2004 plus
1024 1920 1108 1986 valle
1129 1921 1321 2002 exprimere,
1459 1919 1489 1985 9.
1519 1919 1623 2001 Quare
1655 1921 1718 1986 eris
1747 1922 1840 2002 quasi
1868 1923 1920 1989 eir
1946 1925 2098 1990 territus?
2127 1928 2222 2007 paesi
2248 1929 2345 2013 pipea

348 2030 465 2093 nempe
488 2007 573 2092 qaod
595 2007 709 2073 ludaei
732 2027 796 2072 non
820 2011 955 2090 possent
976 2005 1212 2090 subterfugere,
1242 2006 1320 2089 quin
1372 2006 1428 2085 qui
1448 2025 1510 2072 eon
1526 2009 1627 2088 potest
1645 2005 1797 2072 seruare?
1820 2009 1907 2090 utqui
1929 2006 2059 2093 (aepule
2080 2012 2168 2075 enim
2193 2013 2281 2080 valet
2294 2011 2346 2080 hio

347 2096 530 2161 faterentur
558 2115 592 2159 se
622 2093 738 2174 dignos
768 2091 916 2158 interitu.
961 2091 1051 2158 Dieit
1078 2093 1160 2172 iam,
1190 2090 1322 2174 Propter
1373 2088 1628 2175 adversativam)
1651 2097 1685 2156 ta
1706 2093 1739 2158 ie
1762 2093 1863 2158 medie
1893 2095 1992 2159 noeti
2014 2094 2159 2180 Ieleouul,
2189 2106 2218 2164 et
2238 2119 2345 2166 uomere

347 2201 455 2248 emese
482 2186 569 2246 tuum
588 2179 703 2261 secius.
748 2177 909 2244 Videmus
930 2185 969 2244 ut
990 2177 1083 2244 initio
1106 2178 1265 2262 prophete
1286 2197 1321 2243 se
1372 2181 1459 2242 taum
1481 2198 1576 2260 super
1597 2197 1655 2242 uos
1677 2179 1852 2246 invocatum
1872 2185 1927 2263 est,
1948 2200 1986 2246 ue
2007 2181 2132 2248 aereas
2153 2204 2218 2250 nos.

346 2280 379 2333 et
407 2275 510 2333 totum
540 2265 695 2349 populum
725 2263 934 2330 eondemnet:
968 2264 1061 2346 qnasi
1088 2263 1220 2340 diaeret,
1252 2263 1320 2329 Do·

345 2352 444 2433 mine,
467 2353 496 2418 si
514 2371 572 2416 nos
595 2350 636 2415 ad
655 2349 826 2415 dieendam
842 2367 974 2415 oensem
991 2350 1079 2428 uites,
1103 2348 1187 2414 nihil
1204 2349 1319 2414 melius
1459 2347 1538 2414 Dixi
1569 2349 1755 2414 confirmari
1784 2348 1835 2414 hie
1868 2350 2016 2418 versibus
2047 2357 2249 2435 superiorem
2272 2378 2344 2424 sen·

346 2443 405 2517 est,
428 2457 525 2521 quem
548 2458 608 2502 uos
631 2435 780 2501 damnari
797 2455 853 2500 ere
868 2435 1013 2519 proprio:
1038 2456 1115 2500 nam
1131 2435 1320 2517 iniquitates
1373 2437 1517 2500 tentiam.
1552 2434 1663 2516 Quum
1686 2435 1774 2501 anim
1797 2435 1956 2519 propheta
1977 2439 2117 2524 ingessit
2136 2439 2209 2508 Deo
2228 2465 2344 2510 nomen

345 2535 476 2590 nostrae
509 2521 550 2587 ad
584 2521 828 2586 damnationem
861 2519 1038 2586 sutfioiunt.
1094 2518 1184 2601 Quid
1217 2520 1320 2604 igitur
1372 2542 1485 2600 suum,
1519 2518 1663 2585 notanda
1695 2529 1744 2586 est
1777 2541 1876 2586 eausa
1909 2523 2061 2603 fiduoiea‚
2095 2546 2159 2608 qua
2190 2530 2345 2596 suffultus

345 2608 471 2675 restat?
507 2607 570 2673 hoo
601 2627 703 2672 unum
733 2604 913 2672 remedium
942 2606 1043 2672 sumit
1073 2605 1247 2690 propheta,
1282 2615 1320 2671 ιιι
1372 2606 1442 2683 tuit,
1465 2626 1582 2691 nempe
1605 2607 1757 2689 quoniam
1776 2605 1868 2674 Deus
1891 2609 2048 2692 populum
2072 2611 2164 2677 illum
2188 2614 2342 2700 elegerat:

345 2696 438 2761 Deus
468 2700 602 2778 propter
629 2712 746 2759 nomen
770 2712 866 2758 suem
888 2691 1047 2774 populum
1068 2703 1191 2757 servat:
1224 2693 1318 2774 quasi
1371 2692 1524 2775 quoniam
1558 2692 1753 2775 promiserat
1784 2693 1846 2758 sibi
1880 2695 1948 2760 tore
1975 2697 2009 2760 in
2044 2697 2217 2780 pedulium.
2269 2701 2345 2768 Iure

344 2780 480 2860 diaeret,
514 2780 554 2844 In
589 2778 682 2844 nobie
712 2777 913 2861 reperiemus
940 2787 1067 2844 tentum
1099 2777 1319 2844 damnationis
1371 2797 1448 2860 ergo
1483 2777 1621 2844 foederis
1653 2799 1742 2844 nune
1773 2777 1882 2844 Deum
1916 2780 2059 2864 appellat
2096 2784 2268 2867 propheta,
2308 2797 2345 2852 ut

343 2867 530 2932 materiam:
562 2874 637 2947 pete
665 2865 768 2947 igitur
798 2885 816 2928 a
844 2863 979 2947 teipso,
1009 2871 1047 2928 ut
1068 2882 1128 2929 nos
1151 2863 1317 2931 absolvas:
1371 2884 1490 2928 nomen
1519 2883 1615 2929 suum
1643 2863 1811 2950 glorifioet.
1857 2865 1930 2931 Non
1961 2868 2069 2949 potuit
2099 2868 2179 2935 haee
2204 2873 2344 2954 prosatio

343 2953 497 3035 quoniam
521 2948 676 3034 quamdiu
700 2969 761 3016 nos
783 2948 946 3033 raspioies,
974 2969 1105 3016 neeesse
1128 2960 1178 3015 est
1200 2960 1235 3014 ut
1258 2970 1317 3015 nes
1369 2951 1549 3015 eommunis
1579 2969 1650 3016 essa
1680 2951 1823 3034 prolenis
1853 2952 2016 3037 gentibus.
2068 2954 2232 3022 Tenemus
2266 2979 2343 3043 erge

343 3037 549 3118 abomineris,
577 3041 611 3100 et
636 3036 685 3101 ita
707 3035 751 3102 sie
773 3034 900 3118 rigidus
922 3035 1031 3100 iudex.
1076 3035 1165 3118 lirge
1188 3034 1317 3102 desinas
1370 3034 1531 3118 quomodo
1571 3034 1731 3120 prophete
1771 3057 1871 3102 ausus
1909 3039 2008 3102 tuerit
2049 3060 2168 3107 noman
2202 3043 2266 3109 Dei
2297 3047 2343 3111 sia

343 3121 383 3188 de
406 3122 499 3187 nobis
520 3141 687 3203 quaerere,
709 3129 743 3184 et
765 3141 825 3186 nos
849 3140 965 3186 voeare
987 3120 1028 3185 ad
1050 3122 1220 3186 rationem.
1266 3123 1316 3188 Tu
1370 3142 1542 3204 usurpare,
1577 3132 1614 3186 ut
1644 3121 1780 3200 diaeret,
1810 3121 1931 3189 Facies
1952 3130 2082 3206 weptsr
2110 3147 2219 3194 nomen
2246 3135 2341 3196 tuum.

341 3208 446 3292 igitur
474 3217 625 3270 mutuare
655 3211 728 3271 ate
757 3205 837 3288 ipso,
866 3205 981 3286 inquit,
1011 3216 1048 3269 ut
1078 3204 1171 3272 nobis
1193 3227 1316 3289 pareas.
1369 3206 1525 3273 Proximo
1549 3207 1618 3274 loeo
1641 3207 1750 3274 Deum
1772 3219 1867 3274 vooat
1888 3228 1976 3290 ιριιι
1998 3209 2141 3291 Israelis,
2168 3235 2235 3280 non
2257 3216 2343 3298 quod

341 3293 462 3359 Postea
498 3290 605 3367 addit,
657 3289 739 3370 Quia
775 3289 999 3376 multiplicatae
1033 3295 1106 3355 susat
1142 3292 1318 3357 ιιινιιιιιι
1369 3291 1404 3354 in
1433 3313 1508 3356 eum
1537 3293 1764 3360 reoumberent
1791 3291 1971 3375 israelitae,
2003 3301 2040 3362 ut
2070 3296 2213 3364 deeebet.
2258 3301 2343 3366 Nem

340 3383 474 3460 ιοιιναι,
498 3382 525 3442 et
545 3377 582 3441 ia
596 3381 623 3440 te
637 3376 781 3442 ιιιιιναιι
802 3375 929 3460 emmae.
964 3375 1029 3440 His
1049 3375 1157 3440 verbis
1176 3377 1317 3441 ostendit
1369 3377 1480 3442 desem
1513 3378 1617 3444 tribue
1651 3380 1692 3445 eb
1724 3379 1795 3463 ipso
1830 3379 1956 3462 pridem
1990 3380 2191 3450 detonarent:
2226 3385 2343 3453 deinde

342 3462 559 3549 prophetase
583 3482 648 3526 non
672 3461 873 3528 detenetorie
898 3467 1037 3538 tantum,
1068 3467 1106 3524 ut
1128 3459 1316 3544 hypoeritae
1369 3470 1461 3527 tante
1499 3463 1685 3529 invaluerat
1726 3466 1891 3548 eorruptio
1930 3467 1965 3531 in
2005 3467 2169 3548 Iehudeb,
2211 3478 2249 3537 ιιι
2285 3474 2342 3538 vix

344 3551 467 3628 solent,
507 3547 604 3614 fateri
637 3554 784 3630 pensate,
824 3545 881 3612 sed
912 3546 997 3612 serie
1029 3565 1205 3629 agnoseare
1238 3553 1318 3629 quot
1369 3547 1562 3613 millesimus
1600 3550 1737 3634 quisque
1782 3561 1892 3634 posset
1930 3555 2055 3620 oensori
2095 3556 2181 3621 inter
2220 3557 2341 3624 fideles.

344 3635 450 3701 modia
472 3636 519 3701 rei
541 3645 650 3700 essent
671 3631 796 3712 Iudaei,
818 3631 847 3698 si
863 3631 1025 3698 Dominus
1047 3633 1118 3697 inre
1140 3650 1215 3697 oum
1237 3632 1317 3715 ipsis
1369 3631 1453 3715 Spes
1475 3634 1576 3716 igitur
1598 3636 1665 3700 fere
1686 3636 1847 3700 exstinote
1870 3646 1940 3703 erat
1962 3639 1995 3704 in
2018 3641 2147 3724 populo.
2182 3641 2249 3710 Sed
2273 3665 2343 3726 pro-

344 3740 442 3804 egere
471 3720 581 3786 vellet.
625 3718 724 3785 Nune
752 3717 828 3801 quia
850 3726 998 3783 tenemus
1020 3736 1180 3784 summam
1204 3719 1316 3783 verbo·
1367 3719 1467 3800 pheta
1497 3719 1550 3784 hio
1572 3718 1612 3784 ed
1636 3721 1886 3803 perpetuitatem
1910 3723 2048 3792 toederis
2071 3728 2220 3809 respieit:
2250 3731 2342 3813 quasi

343 3827 427 3884 rum,
451 3805 615 3872 diseamus
629 3825 671 3871 ex
689 3805 750 3869 hoo
764 3803 849 3868 loeo:
872 3822 938 3867 non
955 3801 1052 3868 aliam
1068 3823 1141 3868 esse
1155 3803 1316 3870 rationem
1368 3803 1498 3882 diaeret,
1522 3804 1635 3870 Etiam
1653 3806 1680 3870 si
1695 3806 1824 3889 indigni
1839 3809 1950 3887 simne,
1973 3810 2090 3894 quibus
2105 3813 2205 3879 fidem
2221 3835 2341 3899 serves,

343 3888 493 3976 pleeandi
517 3889 597 3969 Dei,
626 3891 688 3954 nisi
721 3899 757 3954 ut
786 3895 920 3972 propter
947 3909 1069 3953 noman
1098 3908 1193 3954 suum
1222 3891 1316 3956 nobis
1369 3899 1476 3956 tamen
1511 3891 1588 3974 quia
1618 3891 1780 3974 pollieitas
1809 3912 1845 3958 es
1873 3903 1904 3957 te
1932 3915 2062 3980 semper
2090 3910 2242 3980 peratum
2271 3921 2341 3967 esse

343 3979 386 4044 sit
415 3976 581 4061 propitius.
626 3976 671 4039 Et
700 3975 763 4040 hae
791 3973 941 4040 doetrina
969 3972 1130 4038 refellitur
1159 3973 1315 4058 quidquid
1367 3977 1407 4040 ad
1441 3997 1535 4060 opem
1570 3977 1662 4043 nobis
1695 3977 1877 4058 terendam,
1910 3985 1945 4045 tu
1972 4001 2005 4047 es
2032 4003 2103 4065 epea
2127 3992 2245 4052 ιοιινι.
2298 3987 2339 4053 In

344 4063 443 4128 stulte
484 4082 551 4127 non
585 4061 694 4125 minus
727 4080 825 4142 quam
859 4059 998 4143 superbe
1031 4063 1205 4125 oommenti
1237 4071 1316 4127 sunt
1367 4081 1505 4139 summa,
1536 4064 1606 4146 spei
1636 4063 1690 4129 vel
1718 4066 1972 4146 exspectationis
1996 4088 2113 4134 nomen
2139 4073 2279 4138 retertur
2300 4075 2340 4139 ad

342 4151 488 4233 papistae
524 4147 563 4211 de
595 4145 878 4212 satisteotionibus.
936 4143 1054 4211 Sciunt
1091 4145 1219 4226 quidem
1253 4146 1316 4211 sibi
1367 4147 1615 4229 promissionem
1648 4149 1710 4213 Dei
1753 4163 1785 4214 et
1817 4149 1857 4214 ad
1891 4149 1967 4216 fidei
2000 4159 2233 4222 constentiam:
2276 4180 2338 4226 non

342 4255 424 4317 opus
454 4254 526 4299 esse
547 4231 612 4297 Dei
642 4229 880 4298 miseriem-dia:
915 4250 1012 4296 nemo
1041 4230 1129 4295 anim
1160 4241 1226 4295 tam
1257 4252 1314 4296 ex·
1366 4242 1475 4296 autem
1509 4232 1550 4297 ad
1582 4232 1677 4298 fidem
1712 4232 1898 4316 hominum,
1930 4257 2014 4319 quae
2043 4240 2109 4306 tera
2139 4241 2233 4310 nulla
2260 4256 2337 4322 erat,

342 4329 490 4386 oaeoatus
524 4329 574 4383 eet
607 4317 640 4381 in
675 4328 811 4402 papatu,
844 4317 900 4401 qui
933 4337 997 4382 non
1030 4315 1153 4381 sentiat
1181 4336 1315 4382 areenos
1365 4315 1482 4382 saltem
1506 4325 1577 4382 erat
1599 4320 1726 4402 exigue,
1750 4328 1782 4386 at
1800 4322 1834 4386 in
1858 4325 2069 4404 penaisaimia.
2104 4326 2208 4392 Addit
2225 4330 2338 4395 eodem

341 4425 471 4471 morsus
491 4404 642 4488 propriae
663 4402 891 4470 eonscientiae.
934 4401 988 4467 Ita
1009 4401 1150 4467 aanotuli
1173 4400 1229 4479 illi,
1259 4403 1314 4484 qui
1364 4421 1475 4486 sensu,
1505 4409 1644 4468 seruator
1671 4405 1735 4469 eris
1763 4407 1798 4471 ie
1828 4411 1962 4488 tempore
1984 4409 2180 4491 afflictionis:
2209 4416 2340 4500 raspioit

342 4491 522 4575 angelioem
552 4490 782 4572 perfeetionem
811 4488 874 4553 sibi
896 4495 1059 4572 arrogant,
1093 4494 1201 4552 tamen
1225 4507 1314 4554 aear-
1366 4486 1406 4552 ad
1430 4495 1478 4552 tot
1504 4486 1707 4568 doeumente,
1737 4489 1855 4573 quibus
1879 4503 2016 4560 testatus
2039 4498 2146 4563 tuerat
2168 4500 2261 4567 Deus
2283 4523 2338 4584 po-

341 4586 487 4663 guuntar
510 4596 529 4640 a
551 4595 586 4639 aa
615 4576 705 4658 ipsis,
734 4583 767 4640 et
790 4574 983 4640 nenessitete
1005 4581 1167 4657 urgentur
1189 4569 1229 4636 ad
1259 4593 1312 4655 pe·
1366 4573 1503 4638 tentiam
1541 4594 1633 4640 suam
1674 4574 1715 4639 ad
1751 4577 1930 4643 servandos
1963 4579 2085 4649 fideles.
2140 4585 2187 4650 lat
2219 4587 2339 4654 diserta

341 4663 474 4730 tendam
507 4661 653 4728 veniam:
688 4659 745 4726 sed
777 4659 903 4725 interea
931 4658 1111 4724 obtrudant
1139 4656 1211 4722 Deo
1238 4679 1314 4724 suas
1364 4660 1458 4740 penit
1488 4680 1606 4724 noman
1636 4660 1832 4742 afflictionis:
1862 4665 1957 4747 quasi
1987 4664 2109 4736 dieeret
2137 4671 2219 4738 satis
2241 4673 2338 4740 alaris

340 4748 594 4824 satistaotiones,
634 4755 667 4812 et
707 4764 806 4829 opere
845 4743 1157 4829 supererogationis,
1197 4742 1313 4825 quibes
1365 4745 1599 4827 experimentis
1615 4747 1781 4828 eogeitum
1797 4747 1896 4814 tuisse
1912 4748 1976 4815 Dei
1991 4755 2160 4835 auxilium,
2185 4762 2337 4842 quoniam

339 4841 553 4920 oompensant
584 4852 643 4898 aaa
675 4835 825 4915 peeoata,
863 4841 897 4895 et
929 4829 976 4894 ita
1008 4851 1044 4896 se
1076 4830 1240 4895 redimant
1272 4849 1312 4894 ex
1365 4830 1393 4893 ai
1426 4832 1565 4914 populus
1596 4851 1762 4914 nunquam
1791 4835 1934 4917 eguisset
1962 4840 2084 4905 auxilio
2114 4843 2193 4922 Dei,
2225 4845 2338 4912 luisset

339 4941 439 4986 manu
463 4919 537 4985 Dei.
581 4917 646 4985 Hie
676 4927 785 4984 autem
815 4922 867 4981 est
895 4915 1034 4998 insignis
1055 4915 1145 4980 loeus
1166 4914 1207 4978 ed
1230 4915 1313 4980 retu·
1364 4914 1532 4982 obseerior
1561 4917 1683 5002 gratie:
1717 4918 1773 4983 sed
1804 4940 1905 5002 quum
1927 4941 2025 5006 saepe
2046 4925 2164 4992 fuisset
2187 4929 2337 4998 redaotes

339 5005 477 5072 tendum
510 5003 590 5071 illud
624 5003 818 5070 diabolinum
853 5001 1020 5077 delirium,
1062 5001 1115 5066 ubi
1154 4997 1313 5082 propheta
1363 5000 1399 5064 in
1422 5001 1555 5067 ultimas
1577 5005 1754 5089 angustias,
1777 5005 1897 5071 elarius
1920 5012 2025 5090 potuit
2047 5015 2191 5096 eonspiei
2211 5015 2338 5082 benitas

339 5113 459 5159 nomen
487 5090 552 5157 Dei
585 5090 701 5159 statuit
731 5091 765 5154 in
791 5085 915 5153 medio:
949 5086 1043 5169 quasi
1076 5084 1198 5150 dieeret
1227 5083 1312 5150 hane
1362 5091 1397 5152 et
1419 5087 1524 5153 virtus
1546 5087 1626 5154 Dei<
1658 5110 1759 5172 quarn
1783 5091 1828 5153 ita
1851 5112 1891 5155 ex
1915 5097 2068 5163 maximia
2090 5102 2338 5169 neeessitatibus

338 5180 441 5245 solem
464 5178 728 5254 uenerationem,
752 5169 1222 5260 quaredirepossimusoum
1241 5170 1312 5237 Deo
1363 5171 1484 5255 eripuit
1514 5175 1657 5241 miseros.
1704 5175 1825 5241 Postea
1847 5175 1946 5257 addit,
1981 5181 2084 5262 Quaere
2104 5186 2169 5250 eris
2189 5191 2337 5270 ιιιᾳιιιιιι

338 5265 373 5330 in
408 5264 565 5348 gratiam,
604 5272 638 5329 et
670 5261 824 5344 oonsaqai
859 5267 896 5325 ut
929 5278 987 5324 nos
1020 5257 1081 5324 sibi
1116 5254 1310 5339 reeoneiliet,
1359 5259 1546 5340 ρινιρνιιιι
1577 5262 1612 5325 ie
1644 5261 1754 5326 terra?
1788 5263 1937 5342 tanquam
1968 5267 2088 5352 vietor,
2125 5273 2183 5352 pei
2209 5274 2339 5354 deflente
