5038 6118
387 443 428 508 lt
1192 440 1577 510 Pssuuucutouus
2338 435 2374 500 48
2479 473 2480 478 κ

390 631 435 697 Os
447 629 521 708 Dei,
543 635 571 696 el
591 649 686 696 aurea
706 628 883 712 mulierum,
905 636 941 693 ut
956 627 1107 696 diximus.
1142 625 1208 696 Sed
1224 630 1359 697 minime
1410 630 1475 696 His
1496 631 1594 697 etiam
1617 631 1725 697 verbis
1748 628 1848 696 cladis
1869 631 2074 697 atrocitatem
2097 625 2263 712 designat,
2295 623 2373 708 quod

386 715 523 794 dubium
544 727 594 780 est
615 716 692 798 quic
716 714 876 798 propheta
907 715 1128 798 perstringere
1158 715 1238 781 velit
1266 715 1357 781 duri·
1410 717 1533 784 scilieet
1559 738 1625 783 non
1654 727 1808 800 poterunt
1836 736 1873 782 se
1903 716 1988 782 tueri
2017 713 2239 780 adolescentes
2268 709 2374 777 robore

387 803 466 867 tiem
499 800 606 880 illam,
647 800 687 864 de
726 805 791 884 qna
827 802 891 866 iem
924 800 1096 885 aliquoties
1129 799 1253 866 dictum
1286 802 1356 868 fuit.
1410 823 1478 868 sno.
1520 802 1607 869 Nam
1628 823 1687 887 per
1708 814 1822 870 nt'ttm
1845 802 2006 885 significat
2020 797 2265 868 robustissimos
2285 816 2375 879 quos·

390 887 506 954 Sermo
519 887 585 952 Dei
599 886 723 952 nulline
745 886 814 951 fere
835 888 993 952 momenti
1015 894 1094 966 erat,
1116 906 1194 970 crgo
1209 886 1358 972 adiungit
1409 908 1484 972 que.
1533 888 1610 955 Non
1643 893 1799 972 poterunt
1831 888 1932 972 igitur
1965 886 2012 952 illi
2044 885 2188 952 hostium
2221 883 2374 966 impetum

389 993 424 1040 os
443 973 519 1056 Dei,
548 993 586 1038 ec
607 973 635 1037 si
657 971 789 1050 diceret,
819 971 910 1038 Deus
933 973 1026 1056 qnasi
1050 992 1105 1037 ore
1127 972 1168 1037 ad
1190 993 1226 1038 os
1249 971 1356 1038 vobis·
1410 973 1584 1056 repellere:
1615 981 1649 1039 ot
1675 973 1823 1058 quemvis
1851 973 1959 1040 adhuc
1987 972 2052 1039 sint
2079 974 2113 1037 in
2143 971 2225 1036 flore
2254 967 2374 1047 aetatis,

386 1079 460 1126 cum
482 1059 644 1143 loquitur:
673 1059 804 1123 tametsi
826 1057 912 1123 enim
937 1059 1042 1123 utitur
1063 1078 1137 1122 mea
1158 1079 1265 1142 opera,
1296 1080 1357 1144 ego
1410 1067 1519 1124 tamen
1542 1061 1637 1143 vigor
1659 1081 1722 1143 quc
1745 1057 1911 1125 excellunt
1942 1079 1996 1125 eos
2026 1079 2089 1124 non
2122 1061 2288 1140 proteget:
2321 1073 2375 1118 nec

386 1157 498 1211 tamen
520 1147 568 1209 ite
589 1164 662 1210 sum
684 1164 844 1228 organum
866 1143 977 1226 ipsius,
1001 1148 1039 1208 ut
1060 1143 1154 1210 facile
1172 1143 1266 1210 vobis
1279 1166 1357 1211 cou-
1409 1155 1560 1227 parcetur
1582 1147 1681 1212 etiam
1711 1145 1820 1228 pneris
1847 1152 1880 1210 et
1908 1143 2099 1210 infantibus.
2144 1139 2303 1206 Videmus
2324 1138 2373 1204 hic

386 1237 452 1296 stet
472 1250 526 1296 me
548 1230 631 1295 nihil
653 1234 773 1295 temere
794 1229 957 1314 proferre,
986 1229 1044 1296 sed
1067 1228 1206 1294 fideliter
1227 1231 1356 1296 tradere
1410 1229 1476 1295 duo
1494 1230 1635 1315 exprimi
1657 1251 1676 1296 e
1696 1231 1869 1314 propheta,
1900 1249 2018 1313 nempe
2040 1243 2107 1294 tam
2130 1227 2292 1294 violentos
2314 1225 2375 1288 fore

386 1335 468 1399 quse
498 1316 538 1383 ab
571 1317 639 1399 ipsc
671 1315 789 1398 accepi.
834 1313 995 1380 Videmus
1028 1336 1105 1399 ergo
1138 1315 1355 1398 emphaticam
1411 1316 1555 1382 hostium
1588 1317 1742 1399 impetus,
1783 1324 1819 1382 ut
1852 1315 1976 1383 frustra
2014 1333 2185 1382 occurrere
2224 1317 2376 1378 conentur

387 1422 458 1468 esse
479 1401 565 1467 hanc
594 1401 838 1485 repetitionem,
871 1421 954 1482 quas
983 1411 1091 1483 posset
1118 1400 1222 1466 rideri
1252 1403 1356 1484 primo
1409 1401 1648 1482 adolescentes,
1681 1402 1759 1487 quia
1779 1400 1864 1467 nihil
1885 1401 2031 1486 proderit
2055 1401 2136 1483 ipsis
2163 1418 2243 1464 suus
2270 1397 2374 1480 vigor:

386 1488 507 1553 intuitu
540 1507 760 1570 supervacue:
801 1484 858 1550 ubi
890 1484 1014 1552 scilicet
1045 1486 1205 1570 propheta
1235 1488 1356 1553 diserte
1409 1487 1527 1554 deinde
1550 1497 1674 1553 mntem
1706 1489 1775 1554 fore
1805 1487 1993 1566 saevitiam,
2026 1495 2063 1550 ut
2095 1483 2189 1550 nulla
2220 1482 2376 1548 habeatnr

385 1573 540 1656 exprimit
562 1593 596 1638 oe
616 1574 692 1654 Dei,
715 1575 743 1638 el
764 1591 933 1636 sermonen
954 1572 1031 1637 eius.
1066 1572 1110 1636 llt
1128 1571 1240 1638 eadem
1256 1574 1354 1638 etiam
1408 1574 1491 1639 ratic
1510 1575 1635 1652 aetatis,
1654 1575 1732 1656 quia
1750 1574 1923 1639 trahentur
1941 1573 1981 1639 ad
2000 1582 2139 1637 mortem
2158 1570 2257 1636 etiam
2277 1567 2376 1632 teneri

386 1659 550 1741 emphasis
572 1656 717 1723 notanda
743 1667 795 1722 est
824 1659 857 1720 in
885 1656 1018 1722 curdus
1046 1657 1229 1724 mulierum:
1262 1659 1355 1740 quasi
1407 1659 1522 1726 foetus.
1568 1658 1735 1743 Sequitur,

386 1744 508 1810 diceret
529 1745 630 1809 fuisse
652 1743 811 1808 hactenus
834 1741 969 1807 nimium
992 1744 1152 1822 socordes,
1174 1755 1208 1808 et
1226 1753 1355 1826 tempus

385 1829 450 1894 iam
473 1851 544 1896 esse
566 1834 605 1893 ut
626 1828 759 1893 tandem
782 1828 926 1912 arrigere
950 1849 1046 1895 aures
1073 1828 1242 1913 incipient.
1286 1829 1354 1894 Ad·
1492 1831 1543 1895 22.
1577 1829 1732 1912 Loquere,
1766 1829 1821 1896 Sic
1843 1830 1919 1895 dicit
1941 1826 2092 1910 lelcoel,
2129 1825 2225 1892 Cale
2249 1825 2377 1892 elaver

385 1916 510 2000 iungit,
542 1914 654 1981 Doeeie
689 1915 783 1978 elium
812 1914 900 1993 filiae
931 1919 1068 1979 cestrae:
1107 1914 1201 1998 qussi
1234 1915 1355 1980 diceret
1407 1915 1560 1996 uminis,
1593 1919 1744 1998 toccum
1765 1921 1883 1981 ειινοιιι
1903 1916 1938 1979 in
1959 1913 2123 1995 superficie
2144 1913 2235 1996 apri,
2265 1915 2376 1976 diau-

385 2001 485 2066 talem
508 1999 577 2064 fore
598 1999 739 2077 luctum,
772 2000 828 2081 qui
849 1998 999 2065 involvat
1021 2021 1085 2065 uon
1108 2009 1237 2065 tantum
1259 2005 1355 2066 vetu-
1407 2021 1502 2083 pacm
1522 2001 1706 2082 manipulus
1726 2022 1747 2066 a
1768 2007 1851 2085 terpo
1871 2001 2034 2080 mucoris,
2062 2004 2091 2066 el
2116 2016 2204 2063 nemo
2227 1997 2376 2079 eclipses.

386 2085 446 2166 las,
473 2095 531 2149 aut
552 2084 678 2151 mediae
700 2087 817 2150 aetatis
837 2083 987 2163 feminas,
1019 2084 1075 2151 sed
1098 2086 1196 2150 etiam
1220 2086 1355 2169 puellas,

386 2191 468 2254 quae
490 2169 598 2235 adhuc
620 2169 718 2235 rudes
740 2179 816 2235 sunt
837 2179 871 2233 et
892 2169 1036 2254 ignarae.
1075 2167 1121 2236 et
1140 2191 1355 2254 umquamne,
1493 2171 1637 2236 Tametsi
1660 2172 1831 2238 continuat
1855 2189 2037 2236 sermonem
2060 2168 2237 2244 Ieremias,
2271 2174 2377 2231 tamen

384 2257 508 2339 inquit,
536 2257 719 2336 proximem
741 2275 833 2321 suam
859 2257 963 2321 doceat
987 2257 1157 2340 placetum.
1203 2256 1355 2340 Denique
1407 2257 1522 2322 inserit
1543 2255 1786 2340 praefationem,
1813 2255 1898 2338 quod
1920 2255 2043 2322 scilicet
2065 2255 2174 2320 iussus
2197 2251 2300 2318 fucrit
2321 2251 2377 2316 hoc

385 2349 514 2407 summa
535 2349 596 2423 est,
620 2341 726 2406 nullas
749 2340 801 2406 rel
824 2341 986 2422 mulieres,
1016 2341 1068 2406 vel
1091 2341 1214 2425 puellas
1236 2343 1354 2408 immn·
1407 2343 1504 2407 etiam
1526 2343 1687 2424 proferre,
1716 2343 1793 2426 quia
1814 2363 1872 2424 pro
1895 2341 1942 2406 rei
1971 2340 2163 2406 difficultate
2190 2335 2378 2405 incredibile

384 2449 444 2492 nes
466 2427 536 2491 fore
557 2447 576 2491 e
601 2427 697 2504 fletu,
731 2427 886 2508 quoniam
916 2447 1029 2492 omnes
1056 2427 1232 2512 implicitae
1260 2437 1356 2494 erunt
1407 2437 1479 2492 eret
1501 2428 1701 2493 vaticinium.
1745 2428 1879 2493 Poterat
1900 2428 2000 2511 igitur
2028 2447 2094 2491 uno
2123 2436 2237 2490 tenore
2269 2441 2378 2505 prose·

385 2511 552 2576 communi
575 2511 700 2577 dolore:
723 2533 762 2576 ex
782 2530 846 2594 quo
861 2511 984 2577 scilicet
998 2513 1185 2596 pervenerit
1199 2512 1354 2579 iudicium
1408 2514 1472 2596 qui,
1496 2521 1531 2578 ct
1550 2513 1700 2578 omittere
1724 2514 1782 2578 hes
1804 2512 1982 2595 particulae
2003 2522 2319 2586 ministremus,
2349 2517 2379 2572 et

385 2597 451 2662 Dei
473 2596 514 2662 cd
535 2617 648 2662 omncs
670 2602 803 2676 aetates,
824 2605 857 2661 et
878 2616 985 2677 sexus,
1016 2607 1049 2662 ct
1070 2597 1210 2678 ordines,
1240 2597 1355 2664 deinde
1408 2599 1550 2681 incipere
1573 2619 1713 2676 versum,
1739 2597 1835 2664 cele
1850 2599 1982 2663 cadaver
1997 2596 2142 2663 hominis.
2177 2595 2246 2661 Sed
2269 2613 2379 2677 quem·

386 2683 610 2766 penetraverit
638 2684 738 2748 etiem
766 2683 802 2746 in
831 2681 977 2765 singulae
1007 2681 1126 2750 domos.
1171 2684 1217 2748 Et
1244 2693 1356 2767 postca
1408 2682 1582 2748 admodum
1605 2685 1671 2749 iam
1693 2684 1778 2761 dixi,
1811 2682 1940 2748 videbat
1962 2703 1981 2747 a
2003 2684 2118 2747 maiori
2143 2690 2237 2764 parte
2268 2679 2378 2746 vatici·

386 2767 537 2852 adiungit
566 2767 748 2851 explicandi
776 2786 889 2848 causa,
927 2767 1081 2848 Quoniam
1107 2769 1246 2835 moendil
1273 2789 1356 2834 mors
1409 2770 1500 2834 nium
1522 2767 1585 2832 hoc
1606 2789 1663 2850 pro
1686 2768 1790 2832 nihilo
1812 2768 1896 2846 duci,
1924 2769 2016 2850 quesi
2043 2778 2129 2833 esset
2157 2766 2280 2849 fabula,
2311 2763 2378 2829 ideo

386 2854 421 2918 iu
440 2853 596 2934 senneber
616 2859 757 2933 nostroe,
790 2853 904 2936 inquit
948 2853 1014 2918 Hic
1035 2855 1135 2919 etiam
1160 2855 1283 2938 species
1306 2860 1357 2920 est
1407 2874 1538 2919 necesse
1560 2852 1622 2918 fuit
1642 2853 1849 2936 interponere
1870 2852 1929 2918 has
1943 2852 2131 2937 particulas,
2153 2852 2240 2936 quod
2256 2851 2379 2918 scilicet

386 2939 661 3006 subsannationis.
705 2938 791 3004 Nam
812 2937 933 3012 ludaei.
964 2950 1001 3004 ut
1029 2939 1151 3006 dictum
1174 2945 1233 3017 est,
1263 2938 1356 3004 fallu·
1408 2937 1542 3020 prodeat
1562 2938 1596 3003 in
1619 2937 1781 3016 medium,
1813 2939 1993 3004 instructus
2020 2938 2176 3004 mandato
2205 2937 2291 3002 Dei:
2326 2935 2379 3000 ubi

387 3023 469 3088 citer
500 3024 560 3089 sibi
595 3025 813 3106 promiserant
845 3033 1009 3089 aeternum
1044 3025 1288 3107 impunitatem,
1322 3035 1355 3090 et
1407 3024 1504 3090 simul
1520 3023 1662 3089 ostendit
1677 3045 1712 3088 se
1727 3022 1809 3090 nihil
1824 3024 1974 3108 ingerere
1988 3025 2168 3107 proprium,
2192 3024 2250 3089 sed
2272 3022 2378 3088 Deum

387 3107 460 3172 ideo
482 3108 641 3190 propheta
661 3109 715 3174 hio
729 3109 931 3192 aptissimam
947 3110 1192 3176 similitudinem
1208 3119 1354 3194 usurpat.
1407 3110 1515 3193 ipsum
1538 3109 1638 3192 loqui.
1679 3109 1844 3176 Tenemus
1865 3130 1943 3192 ergo
1965 3130 2121 3193 quorsum
2147 3118 2278 3192 spectet
2302 3110 2379 3172 haee

387 3191 671 3274 Quemadmodum
700 3195 788 3257 enim
818 3212 931 3257 secure
959 3193 1125 3259 dormiunt
1154 3198 1209 3279 qui
1235 3194 1355 3261 clausis
1407 3195 1612 3277 interpositio
1663 3215 1839 3276 pancorum
1884 3195 2069 3260 verborum.
2135 3196 2259 3260 Postea
2305 3192 2380 3257 dicit

386 3279 511 3343 foribus
533 3277 690 3343 videntur
711 3278 773 3343 sibi
795 3297 866 3342 esec
895 3289 989 3341 extra
1017 3299 1148 3343 omnem
1176 3281 1354 3358 incursum,
1402 3286 1598 3360 prostratum
1627 3281 1673 3345 iri
1705 3281 1855 3346 cadavere
1888 3279 2049 3345 emicem
2086 3281 2192 3346 inetur
2223 3279 2378 3346 serres.

387 3365 434 3428 ita
454 3363 552 3428 etiam
576 3362 690 3428 Iudaei
712 3371 791 3428 tunc
813 3363 1012 3443 spernebant
1034 3361 1159 3438 Deum,
1193 3369 1226 3427 et
1247 3365 1357 3428 omnia
1408 3363 1627 3446 Ignominiose
1659 3363 1818 3448 loquitur:
1851 3365 1944 3448 quasi
1976 3365 2114 3448 diceret,
2148 3367 2221 3430 sine
2257 3365 2379 3430 honore

387 3451 458 3514 eius
479 3447 618 3524 iudicia,
652 3467 689 3512 ac
711 3448 739 3511 si
767 3448 895 3512 clausae
924 3454 1033 3512 essent
1060 3448 1206 3530 ipsorum
1234 3447 1357 3513 domus.
1409 3467 1522 3514 omnes
1544 3450 1584 3512 iri
1607 3455 1808 3531 prostratum
1831 3449 1870 3515 eh
1893 3450 2050 3516 hostibus.
2083 3452 2129 3516 Et
2150 3449 2244 3514 addit
2266 3449 2378 3516 simili-

386 3535 479 3601 Dicit
505 3534 607 3618 igitur
635 3531 810 3615 propheta,
841 3537 968 3596 medem
994 3533 1170 3615 inpressum
1205 3552 1270 3598 esee
1298 3553 1358 3614 per
1409 3532 1567 3612 tudinem,
1591 3531 1715 3614 Godeni,
1737 3535 1852 3616 inquit,
1881 3536 1916 3599 iu
1936 3537 2098 3618 superficie
2120 3537 2202 3619 apri,
2233 3534 2301 3600 hoc
2324 3547 2379 3612 est,

385 3621 558 3702 fraudas.-
578 3629 612 3682 ct
633 3619 679 3682 ita
700 3616 827 3681 deridet
847 3636 958 3680 eornm
981 3619 1164 3694 stultitiam,
1187 3618 1274 3699 quod
1296 3618 1356 3682 sci-
1410 3620 1528 3700 passim
1562 3638 1621 3698 per
1650 3637 1762 3682 omnes
1791 3639 1903 3701 agros,
1936 3622 2044 3686 eadee
2071 3627 2223 3704 maguam
2251 3626 2379 3698 surore,

387 3707 464 3772 licet
485 3703 653 3770 confidunt
671 3721 764 3786 posse
779 3700 898 3784 expelli
913 3721 1047 3766 manum
1061 3702 1135 3780 Dei,
1158 3703 1214 3766 ubi
1229 3701 1357 3768 clausae
1410 3701 1495 3784 quod
1516 3702 1693 3784 proiicitnr,
1716 3717 1748 3768 et
1770 3703 1854 3788 quod
1877 3706 1974 3771 etiam
1995 3707 2063 3772 fere
2085 3727 2243 3772 nauseam
2263 3727 2380 3788 proso·

387 3798 466 3856 sunt
487 3791 622 3856 ianuae:
644 3787 738 3872 quasi
760 3806 840 3853 vero
862 3786 924 3850 Dei
947 3789 1093 3868 potentia
1114 3805 1181 3851 non
1203 3807 1357 3852 conseen·
1409 3786 1537 3852 calvel
1559 3788 1722 3869 adspectu,
1752 3789 1803 3855 vel
1826 3788 1938 3854 odore:
1971 3792 2019 3856 ita
2041 3790 2201 3876 propheta
2222 3792 2381 3857 foetorem

387 3877 445 3941 det
466 3895 566 3957 supra
587 3875 700 3958 nubes,
724 3881 757 3938 et
772 3890 839 3936 non
858 3870 960 3952 possit
974 3871 1100 3954 ingredi
1116 3892 1174 3953 per
1188 3871 1358 3950 fenestras,
1410 3873 1462 3937 hic
1480 3881 1513 3936 et
1526 3872 1624 3937 simul
1643 3871 1814 3939 deformem
1834 3875 2019 3956 adspectum
2039 3879 2172 3943 denotat
2187 3879 2249 3943 sub
2266 3877 2381 3942 simili·

389 3961 444 4026 uhi
476 3960 605 4025 clausae
638 3964 716 4024 sunt
749 3958 873 4023 domne.
917 3954 1071 4037 Denique
1100 3956 1264 4037 significat
1293 3977 1357 4021 non
1410 3957 1538 4022 tudines
1553 3959 1699 4023 tercoris:
1715 3960 2088 4044 scimusautemquenta
2103 3962 2259 4046 superbia
2275 3962 2381 4028 inflati

388 4044 582 4129 aperiendas
604 4064 675 4110 csse
696 4045 782 4110 fores
805 4043 894 4123 Deo,
927 4040 1005 4122 quie
1027 4042 1125 4105 stiam
1148 4042 1176 4104 si
1199 4041 1283 4104 nolit
1304 4061 1359 4104 eas
1411 4051 1489 4106 tunc
1510 4043 1632 4107 fuerint
1654 4042 1776 4108 Iudaei.
1821 4045 1900 4108 Fuit
1928 4047 2029 4128 igitur
2057 4047 2140 4113 hacc
2167 4049 2381 4115 comminatio

388 4131 600 4216 perfringere,
624 4129 725 4213 possit
746 4134 856 4194 tamen
879 4145 1074 4207 consurgere
1089 4126 1199 4190 statim
1215 4125 1256 4189 ad
1271 4126 1360 4207 ipsas
1410 4125 1475 4189 illis
1498 4127 1592 4191 valde
1614 4128 1712 4192 durs:
1735 4128 1791 4193 sed
1814 4129 1967 4210 qnoniam
1989 4133 2051 4197 sibi
2068 4134 2245 4215 placebunt
2260 4134 2298 4199 in
2317 4135 2383 4200 suis

389 4220 560 4284 fenestras.
604 4216 769 4281 Tenemus
791 4233 878 4277 nnnc
899 4209 1072 4277 consilium
1094 4210 1282 4292 prophetae,
1305 4209 1360 4274 ubi
1411 4210 1602 4290 sceleribus,
1631 4215 1772 4296 oportuit
1795 4232 1833 4277 eo
1855 4214 2000 4295 asperius
2023 4220 2166 4284 tractari.
2212 4217 2272 4284 stc
2296 4221 2383 4285 enim

390 4304 469 4371 dicit
490 4307 617 4368 moriem
633 4321 694 4385 per
713 4299 869 4380 fencsbas
890 4297 990 4377 fuisse
1011 4296 1195 4378 inpressam.
1240 4295 1285 4360 Et
1307 4315 1359 4358 eo·
1412 4295 1574 4376 agendum
1597 4309 1646 4361 est
1671 4318 1743 4362 cum
1772 4297 1966 4380 hypocritis,
1999 4303 2053 4383 qui
2084 4305 2146 4367 sibi
2176 4301 2312 4370 delitias
2340 4305 2384 4369 ic-

391 4389 463 4455 dem
498 4389 598 4452 etiam
627 4385 768 4469 pertinet
796 4382 882 4465 qnod
913 4378 1004 4446 addit
1032 4379 1070 4444 de
1092 4378 1238 4459 piaccia:
1269 4380 1360 4462 qnasi
1411 4380 1517 4443 ciunt:
1550 4389 1583 4444 et
1613 4400 1677 4462 quo
1710 4381 1832 4446 maiore
1864 4381 1980 4450 fiducia
2012 4389 2192 4472 insurgunt
2221 4387 2384 4456 adversus

391 4475 514 4541 diceret
521 4523 529 4554 ,
562 4472 675 4536 Etiam
697 4471 725 4535 si
749 4468 865 4533 domus
886 4476 1018 4530 nostrae
1040 4462 1186 4527 munitae
1213 4463 1296 4542 sint,
1328 4476 1361 4528 et
1412 4463 1538 4541 Deum,
1569 4485 1606 4529 eo
1628 4466 1727 4529 etiam
1753 4464 1928 4534 violentius
1956 4469 2094 4537 deiicere
2123 4475 2212 4555 ipsos
2242 4483 2385 4556 oportet,

390 4564 418 4627 si
439 4581 506 4625 non
528 4566 658 4622 tantum
680 4557 748 4620 sint
767 4551 956 4620 commodae
970 4547 1197 4622 habitationes,
1220 4547 1276 4612 sed
1294 4547 1361 4611 sint
1413 4558 1450 4612 ut
1470 4547 1599 4614 tendent
1622 4571 1657 4613 se
1682 4548 1859 4614 humilient
1888 4573 1995 4619 eorem
2026 4559 2154 4639 potenti
2182 4579 2287 4626 manu
2310 4561 2383 4626 Dei.

391 4646 517 4714 similes
538 4642 683 4718 arcibus,
717 4650 829 4705 tamen
850 4636 943 4701 Deus
966 4656 1031 4700 non
1060 4631 1134 4697 ideo
1163 4633 1284 4713 poterit
1305 4653 1361 4696 ex·
1412 4631 1514 4696 Addit
1537 4633 1672 4698 alteram
1695 4633 1951 4715 similitudinem,
1984 4641 2085 4721 Quasi
2105 4645 2314 4727 renuetur,
2336 4649 2385 4710 in-

392 4732 488 4798 cludi.
537 4729 622 4795 Nem
652 4747 769 4793 manns
798 4725 867 4790 eins
897 4729 1002 4804 potest
1030 4727 1064 4784 et
1090 4715 1296 4782 latitudinem
1329 4724 1362 4780 et
1413 4717 1492 4798 quit
1524 4717 1747 4800 Hieronymus
1768 4721 1876 4803 vertit,
1899 4723 2063 4790 Foenum:
2085 4729 2172 4810 quod
2191 4731 2219 4796 si
2236 4731 2320 4798 alibi
2339 4753 2386 4796 re·

392 4814 597 4884 altitudinem
621 4831 788 4878 murorum
809 4817 989 4893 penetrare,
1012 4805 1060 4868 ita
1081 4810 1117 4866 ut
1140 4800 1297 4883 palatium
1319 4799 1361 4864 si·
1413 4801 1575 4899 periretur
1597 4804 1629 4865 in
1652 4800 1712 4866 hoc
1734 4822 1831 4870 sensu
1853 4819 1940 4890 otuu,
1970 4811 2063 4877 facile
2084 4813 2332 4882 subscriberem
2355 4827 2387 4882 ct

393 4904 470 4969 mile
491 4903 536 4967 sit
564 4897 662 4965 debili
692 4894 876 4963 etcaduca
906 4889 1050 4974 tugurio.
1095 4885 1254 4950 Videmus
1283 4903 1361 4983 ergo
1412 4884 1560 4949 libenter.
1595 4884 1660 4951 Sed
1682 4889 1788 4968 potius
1809 4891 1961 4957 existimo
1983 4897 2085 4979 accipi
2100 4920 2160 4981 pro
2175 4901 2279 4982 spicis
2303 4923 2386 4984 quae

394 4987 540 5055 subhac
571 4982 785 5052 similitudine
817 4977 922 5044 refelli
953 4973 1087 5041 stultam
1121 4968 1361 5045 confidentiam,
1412 4988 1479 5032 non
1493 4968 1822 5067 comprehenduntur,
1846 4975 1922 5041 dum
1946 4998 2104 5048 messores
2126 4985 2293 5070 colligunt
2312 5008 2387 5053 snos

393 5066 949 5226 stertetttt‘ttet
973 5061 1013 5210 t
1036 5052 1363 5224 eluisset
1413 5053 2387 5224 rttttffltztttttettutrttettttustt

393 5183 502 5328 iddio,
534 5205 589 5309 eid
616 5173 818 5308 meletiam
847 5236 978 5317 fodies,
1011 5226 1066 5293 vel
1097 5224 1138 5291 ad
1167 5221 1362 5320 excidendos
1414 5230 1452 5318 ut
1474 5243 1594 5304 paucae
1614 5223 1721 5306 spicue
1743 5225 1830 5306 ipsos
1852 5228 1985 5312 fugiant.
2029 5236 2120 5320 Ergo
2150 5241 2317 5325 propheta
2340 5244 2386 5307 di.

395 5330 567 5416 parvulos,
599 5329 698 5396 eriis
714 5323 867 5410 psallitis,
899 5325 928 5386 el
949 5315 1153 5384 accusem
1174 5330 1190 5373 e
1211 5311 1361 5387 competes.
1414 5315 1459 5371 cit
1481 5306 1618 5374 ludaeos
1641 5309 1708 5374 fore
1729 5310 1849 5376 similes
1872 5316 1988 5384 talibus
2010 5323 2106 5403 spicis
2122 5344 2206 5406 quas
2222 5349 2387 5396 messores
