5118 6136
200 437 263 502 601
894 429 944 494 IN
966 428 1217 496 lentennaco.
1254 429 1355 496 OAP.
1378 428 1511 495 XXIX.
2142 435 2206 501 602

200 624 324 689 mulam
342 621 482 688 iurandi.
516 621 636 687 Postea
653 619 753 696 addit,
776 625 804 683 et
821 617 856 684 iu
872 623 1048 702 stuporem:
1067 639 1178 700 quem·
1230 627 1379 700 parcunt,
1402 619 1457 684 sed
1478 618 1618 684 libenter
1636 619 1788 684 fraudant
1806 641 1840 684 sc
1856 621 1967 703 aliqua
1982 633 2074 704 parte
2089 625 2204 702 somni,

200 709 376 775 admodum
403 710 559 790 loquutus
589 714 639 771 est
667 705 707 771 de
734 707 945 772 concussione
974 704 1101 787 capitis,
1133 706 1178 769 ita
1232 715 1267 767 ut
1291 703 1476 787 compleant
1498 707 1561 770 iter
1583 725 1689 771 sunm.
1728 706 1839 786 Quum
1862 727 1940 789 ergo
1962 706 2054 773 Deus
2077 719 2204 774 tantam

201 817 289 862 nunc
309 794 401 861 addit
419 799 576 878 stuporem
599 792 684 874 quod
708 792 843 875 gravius
866 802 925 874 est,
947 789 1031 873 quod
1055 791 1179 856 seilicet
1232 789 1434 874 diligentiam
1457 792 1492 854 in
1514 791 1659 855 curanda
1682 791 1852 856 homiuum
1871 793 1976 858 salute
1994 793 2205 878 demonstrat,

200 881 258 947 ubi
292 889 441 946 occurret
472 880 537 944 talc
568 878 807 961 spectaculum,
848 897 964 941 omnes
999 875 1179 941 subsistent
1230 897 1268 940 ec
1289 877 1417 958 turpior
1439 887 1490 940 est
1511 877 1669 960 segnities
1690 877 1717 942 si
1741 877 1888 943 homiues
1918 879 1980 962 ipsi
2010 879 2102 944 surdi
2129 882 2204 964 sint,

200 977 359 1050 tanquam
383 966 523 1042 attoniti,
551 963 627 1046 quia
656 961 812 1044 consequi
834 983 898 1027 non
922 971 1075 1046 poterunt
1098 961 1178 1043 quid
1232 962 1365 1026 velcon
1386 975 1591 1038 moveantur,
1615 975 1768 1028 maneant
1783 964 1923 1046 denique
1937 966 1972 1028 iu
1988 987 2048 1030 sua
2062 967 2203 1048 pigritia.

200 1052 263 1118 hoc
284 1051 346 1119 sibi
362 1051 450 1117 velit.
484 1049 624 1134 Ponitur
645 1048 782 1125 sibilum,
806 1046 1079 1131 quemadmodum
1098 1044 1177 1111 alibi
1231 1047 1328 1113 Nunc
1349 1047 1507 1130 sequitur,

200 1137 320 1204 dicitur
341 1138 410 1202 lore
432 1137 519 1219 ipsos
546 1137 639 1214 but),
668 1134 831 1209 fabulam,
862 1133 979 1199 deinde
1005 1134 1075 1197 tore
1103 1152 1176 1214 pro·
1282 1139 1287 1150 ¹

200 1223 365 1289 verbium:
398 1223 446 1286 ita
477 1221 539 1288 hoo
572 1223 641 1286 loco
675 1220 868 1302 prenuntiat
900 1219 1056 1284 Ieremias
1090 1219 1177 1302 ipsos
1316 1221 1368 1284 20.
1403 1219 1447 1285 Et
1477 1239 1531 1284 voe
1569 1219 1677 1285 audite
1715 1241 1886 1288 sennonem
1926 1221 2059 1288 Iettooae
2095 1226 2204 1287 cunda

198 1311 270 1393 fore
290 1310 326 1374 ie
347 1307 487 1391 abitum,
516 1309 611 1372 sicuti
634 1306 789 1388 loquutus
815 1315 866 1371 cst
895 1305 935 1370 de
964 1305 1177 1371 concussione
1229 1307 1406 1388 captivitas,
1429 1325 1522 1388 qesem
1544 1306 1620 1371 mim
1642 1305 1835 1390 Ierusalpme
1856 1306 2064 1390 Babytouau:

199 1395 326 1477 capitis.
388 1394 562 1459 Postremo
601 1391 693 1457 addit
729 1392 797 1475 sore
836 1389 1038 1474 opprobrium
1077 1391 1175 1455 stiam
1315 1392 1367 1455 21.
1400 1391 1453 1457 Sic
1481 1391 1556 1456 dicit
1577 1391 1712 1456 Iehovah
1740 1395 1939 1473 ardumum,
1972 1394 2061 1460 Deua
2089 1393 2203 1477 Israel,

199 1481 327 1547 cunctis
346 1477 499 1564 pentibus,
522 1478 600 1562 quia
619 1498 734 1544 omnes
753 1477 870 1560 dignos
888 1475 1068 1542 censebunt
1085 1474 1177 1541 clade
1229 1478 1273 1542 ad
1301 1477 1409 1542 Achab
1439 1477 1543 1558 tilium
1573 1475 1718 1560 Oeteieb
1751 1484 1779 1543 et
1810 1479 1853 1543 ed
1886 1479 2071 1547 &daritiam
2099 1481 2203 1564 tilium

199 1566 267 1645 illa,
290 1566 504 1648 quantumvis
526 1567 635 1630 lutura
662 1564 704 1628 sit
731 1564 851 1647 gravis,
880 1563 936 1628 ubi
966 1561 1089 1627 scilicet
1117 1561 1177 1626 fiet
1229 1562 1395 1628 Menoetae
1409 1562 1633 1644 prophetantes
1647 1563 1738 1629 'uehis
1764 1565 1801 1628 iu
1828 1566 1952 1630 uomiue
1978 1587 2045 1631 meo
2073 1571 2202 1635 meudu-

198 1651 399 1734 comparatio
431 1650 591 1715 scelerum
621 1669 695 1714 cum
723 1651 795 1730 ipsa
822 1647 886 1713 Dei
917 1647 1069 1712 vindicta.
1114 1646 1176 1713 Sc·
1227 1651 1328 1713 aum:
1355 1647 1435 1714 Eece
1456 1668 1511 1730 epo
1529 1670 1649 1731 praem
1677 1669 1728 1716 eos
1749 1648 1814 1733 (vel
1837 1650 1978 1737 tradam)
2007 1654 2043 1716 iu
2070 1669 2202 1721 meeum

198 1739 311 1819 quitur
328 1737 420 1814 ratio,
443 1737 525 1817 quod
546 1754 610 1800 uou
631 1733 876 1801 auscultaverint
896 1733 976 1817 Deo,
999 1733 1056 1799 sed
1075 1753 1175 1815 qnam
1230 1733 1494 1800 Nabuchodonosor
1510 1737 1595 1819 repis
1612 1735 1801 1818 Babylonis:
1822 1742 1852 1801 et
1861 1740 2014 1818 percutiet
2029 1759 2080 1806 ecs
2098 1755 2202 1806 ouem

199 1843 265 1888 nou
288 1841 460 1906 possumus
483 1840 571 1886 nuuc
593 1821 773 1887 absolvere.
1227 1821 1465 1887 maurensis.
1686 1825 1688 1828 ’

285 1988 463 2074 Postquam
493 1992 703 2057 denuntiavit
732 1991 891 2074 propheta
923 1990 1081 2057 iudicium
1111 1989 1175 2054 Dei
1313 1992 1444 2057 Profert
1477 1991 1633 2058 Ieremias
1666 1993 1806 2076 speciale
1839 1995 2041 2074 vaticinium,
2074 1996 2131 2061 sed
2164 1999 2199 2062 in

199 2089 267 2144 tam
290 2077 470 2156 exsulibus,
499 2099 598 2161 quam
622 2078 694 2143 aliis
716 2079 773 2160 qui
796 2077 916 2142 residui
940 2076 1117 2141 manebant
1140 2077 1174 2139 in
1227 2078 1508 2143 confirmationem
1540 2081 1716 2161 superioris
1749 2080 1925 2146 doctrinae.
1978 2081 2070 2146 Idem
2100 2083 2200 2166 igitur

196 2164 315 2247 patria,
337 2165 497 2228 rationem
520 2163 660 2242 subiicit,
691 2165 774 2245 quod
795 2163 912 2229 seitioet
932 2183 994 2228 uon
1015 2163 1177 2227 audierint
1226 2185 1355 2246 semper
1373 2173 1421 2229 est
1439 2163 1525 2243 finis,
1547 2185 1589 2229 ue
1606 2186 1642 2230 se
1660 2165 1826 2231 blanditiis
1843 2168 2060 2232 assuefaciant
2077 2169 2200 2251 oaptIvi

131 2323 132 2326 Ἴ
197 2269 369 2316 emmonem
401 2247 478 2315 Dei:
518 2260 552 2314 et
584 2250 647 2314 hoc
680 2259 730 2312 est
769 2251 892 2314 crimen
933 2250 1174 2332 gravissimum.
1226 2249 1498 2332 quemadmodum
1520 2262 1705 2334 coeperant,
1728 2251 1783 2317 aed
1804 2261 1840 2316 ut
1858 2257 2005 2318 statuant
2026 2253 2199 2319 terendum

197 2335 394 2418 Quanquam
431 2335 518 2399 enim
556 2334 648 2399 nulla
687 2342 737 2398 cst
768 2335 975 2416 ignorantiae
1007 2335 1174 2399 excusatio
1227 2334 1289 2400 sibi
1317 2357 1387 2401 asse
1416 2335 1566 2400 exsilium
1597 2357 1699 2419 usque
1729 2337 1769 2402 ad
1799 2357 1903 2403 annos
1926 2339 1977 2404 70.
2023 2338 2198 2405 Caeterum

199 2442 307 2487 coram
331 2421 413 2498 Deo,
441 2420 520 2503 quin
552 2429 690 2503 percant
719 2420 773 2503 qui
803 2420 909 2502 legem
938 2441 1004 2484 non
1033 2418 1172 2484 habent:
1226 2422 1281 2487 hic
1303 2421 1343 2485 de
1365 2420 1469 2486 tribus
1492 2421 1723 2504 impostoribus
1745 2423 1890 2505 loquitur
1912 2424 2087 2490 Ieremias:
2118 2424 2199 2492 duos

197 2517 308 2571 tamen
331 2525 456 2585 servus,
478 2507 533 2588 qui
553 2505 723 2570 voluntate
741 2505 863 2570 domini
887 2506 937 2569 sci
955 2507 1086 2590 cognita
1108 2525 1172 2569 nou
1226 2507 1322 2572 simul
1345 2509 1524 2590 coniungit,
1553 2508 1642 2572 tertii
1664 2519 1774 2589 postea
1803 2508 1862 2572 fiet
1888 2530 2034 2574 seorsum
2064 2512 2197 2576 mentio.

197 2592 319 2658 desinit
341 2601 419 2657 tuuc
441 2611 569 2675 quoquo
590 2599 745 2674 proterve
767 2611 802 2655 se
826 2611 950 2674 gerare,
980 2592 1096 2654 merito
1118 2611 1174 2655 va·
1225 2591 1350 2676 Disigit
1378 2593 1482 2676 prium
1511 2613 1694 2658 sermonem
1723 2592 1764 2657 ad
1793 2615 1908 2660 omnes
1936 2596 2093 2678 captivos,
2123 2597 2200 2678 quia

196 2678 332 2763 pulatur
352 2677 387 2742 in
411 2676 547 2760 duplum
569 2676 623 2742 vel
647 2677 792 2758 triplum.
828 2678 949 2759 Ihtqno
964 2677 1174 2742 excellentior
1225 2697 1394 2762 nunquam
1425 2679 1579 2762 diguatus
1608 2685 1694 2744 essct
1714 2680 1851 2746 verbnm
1881 2681 1986 2746 lacere
2018 2683 2054 2745 iu
2084 2701 2198 2746 eorum

197 2773 247 2829 ast
269 2763 335 2828 Dei
358 2764 473 2847 gratia,
497 2762 574 2828 dum
598 2784 657 2828 nos
675 2763 832 2847 dignatur
854 2783 1010 2828 revocare
1032 2764 1065 2827 in
1085 2763 1172 2827 viam
1225 2769 1375 2848 gratiam,
1398 2765 1454 2847 qui
1471 2763 1609 2846 professi
1627 2774 1723 2829 erant
1741 2766 1802 2830 Dei
1822 2765 1940 2846 hostes,
1963 2775 1997 2830 et
2016 2787 2052 2832 se
2069 2765 2199 2831 dlabolo

196 2849 322 2933 salutis,
352 2869 391 2914 eo
421 2851 520 2914 etiam
549 2848 673 2914 foedior
702 2859 752 2914 cat
780 2847 991 2930 ingratitudo,
1021 2850 1049 2913 si
1077 2868 1173 2913 aures
1225 2851 1492 2931 mancipaverant
1522 2849 1562 2913 ad
1592 2849 1790 2915 fallendum:
1825 2871 2065 2933 supervacuum
2097 2853 2199 2935 igitur

196 2933 389 3011 claudimus,
412 2944 446 2998 et
467 2936 652 3016 respuimus
674 2954 786 3001 curam
810 2934 909 3013 illam,
938 2954 1039 3016 qaam
1064 2945 1171 2999 osten·
1225 2945 1296 2998 erat
1318 2956 1396 3020 erga
1417 2935 1491 3000 illos
1518 2953 1650 3017 operam
1679 2955 1880 3002 consumere.
1924 2937 1991 3002 Sed
2021 2937 2199 3018 alloquitur

196 3020 245 3086 dit
266 3041 302 3084 se
324 3019 445 3084 habere
468 3018 509 3085 de
530 3020 635 3086 saluta
658 3031 780 3084 nostre.
815 3018 966 3086 Sciamus
988 3041 1066 3102 crgo
1088 3018 1172 3082 nihil
1225 3027 1331 3085 totam
1361 3019 1526 3104 populum,
1557 3031 1589 3085 et
1618 3020 1716 3085 simul
1749 3023 1907 3105 praedicit
1936 3022 2015 3105 quid
2045 3023 2196 3087 futurum

194 3108 307 3172 minus
341 3125 412 3171 esse
442 3105 625 3182 tolerabile,
656 3126 752 3187 quum
784 3107 916 3172 reiiccrc
945 3105 1170 3189 propheticum
1224 3108 1268 3171 sit
1301 3105 1426 3172 duobus
1458 3105 1765 3190 pseudoprophetis,
1797 3128 1913 3190 nempe
1935 3108 2050 3174 Achab
2081 3119 2114 3172 et
2135 3108 2197 3172 Ζο·

196 3211 392 3260 sermonem.
433 3193 479 3256 Et
501 3193 683 3256 notandum
706 3199 755 3255 est
778 3192 863 3272 quod
887 3192 1043 3273 sequitur,
1066 3209 1173 3271 haupt
1225 3192 1367 3258 decbiae.
1412 3191 1563 3258 Alterum
1584 3193 1733 3258 nominat
1759 3194 1861 3258 hlium
1885 3193 2031 3274 Oolaiah,
2054 3193 2198 3259 alterum

196 3295 369 3345 eumenen
391 3277 480 3342 illum
500 3277 602 3358 fuisse
619 3277 753 3342 misaam
769 3297 830 3358 per
846 3276 1030 3360 propbetas:
1051 3276 1171 3360 alioqui
1224 3278 1328 3342 filium
1357 3279 1534 3345 Maassiae:
1568 3280 1644 3361 quia
1673 3299 1790 3344 nomen
1813 3279 1928 3344 Achab
1958 3289 2031 3345 eret
2056 3291 2136 3346 tunc
2162 3280 2198 3344 in

195 3371 384 3449 promptum
408 3375 477 3427 erat
495 3362 627 3427 Iudaeis
644 3365 803 3444 excipere,
827 3385 861 3428 se
885 3384 949 3427 nun
972 3363 1074 3429 tuisse
1097 3362 1171 3427 data
1222 3364 1408 3446 trequuenti
1430 3385 1502 3444 usa,
1532 3374 1565 3428 et
1587 3385 1705 3429 nomen
1727 3365 1908 3430 chechiae
1936 3367 1978 3431 ob
2007 3365 2197 3430 memoriam

194 3469 294 3533 opera
316 3446 454 3512 rebelles
470 3449 551 3526 Deo,
575 3451 652 3530 quia
674 3448 799 3513 multae
817 3455 912 3513 erant
934 3459 1013 3513 tnnc
1035 3461 1170 3515 conten·
1222 3453 1267 3535 pii
1290 3460 1323 3516 ot
1344 3452 1449 3517 sancti
1471 3448 1594 3535 regis¹)
1617 3461 1687 3515 erat
1710 3461 1788 3517 tunc
1805 3452 1839 3515 in
1858 3453 1962 3533 pretio
1979 3450 2066 3534 apud
2085 3452 2196 3516 bonos.

194 3536 302 3601 dones
323 3535 412 3598 inter
430 3534 617 3616 prophetas.
663 3533 753 3617 Ergo
774 3555 814 3599 ue
832 3535 1092 3619 tergiversantur
1110 3535 1171 3599 hoc
1222 3537 1276 3602 Ad
1310 3536 1489 3601 tollendum
1522 3537 1626 3619 igitur
1665 3556 1826 3613 errorem,
1868 3536 2019 3620 designet
2050 3537 2198 3620 ipsorum

194 3621 301 3688 colore
315 3618 464 3695 obducto,
479 3619 557 3684 dicit
572 3640 754 3685 sermonem
771 3622 923 3702 quamvis
941 3621 1011 3686 eius
1028 3621 1171 3686 ministri
1223 3642 1337 3706 genus.
1374 3622 1466 3688 Haec
1488 3631 1596 3687 antem
1615 3641 1744 3686 summa
1761 3631 1811 3687 est
1827 3623 1982 3698 vaticinii,
2005 3622 2103 3705 paulo
2125 3630 2199 3705 post

194 3719 227 3772 et
250 3715 349 3771 testes
367 3705 432 3770 sint
455 3707 645 3788 prophetae,
668 3726 732 3786 non
752 3709 878 3772 minore
895 3708 1082 3772 reverentia
1101 3727 1171 3772 esse
1223 3719 1378 3773 venturos
1409 3727 1479 3772 esse
1511 3707 1546 3771 in
1575 3705 1749 3786 iudicium,
1780 3717 1817 3772 ut
1845 3707 2037 3772 occidantur
2070 3728 2090 3772 a
2118 3726 2198 3790 rege

193 3792 341 3877 dignum,
374 3810 473 3873 quum
500 3792 527 3855 si
551 3790 660 3874 augeli
683 3813 701 3855 e
723 3791 822 3856 coelis
845 3792 886 3856 ad
914 3813 973 3857 uos
996 3791 1170 3858 descende·
1222 3792 1517 3859 Nabuchaduencrs
1547 3801 1641 3856 crant
1664 3793 1698 3856 in
1721 3792 1845 3870 exsilio,
1868 3792 1924 3858 scd
1949 3802 2042 3857 tanta
2063 3814 2118 3858 eos
2140 3791 2197 3856 de·

193 3887 278 3943 rent.
324 3879 368 3942 let
391 3877 444 3942 hic
467 3875 559 3943 locus
581 3877 669 3942 valet
697 3875 737 3940 ad
768 3878 1082 3943 commendationem
1114 3899 1170 3942 ax·
1222 3881 1345 3944 mentia
1367 3882 1566 3960 corruperat,
1596 3888 1634 3943 ut
1657 3899 1720 3943 non
1743 3878 1933 3943 dubitarent
1963 3899 2139 3961 provocare
2160 3878 2197 3942 in

192 3976 305 4029 ternae
334 3962 510 4041 doctrinae,
542 3983 639 4046 quam
663 3963 870 4044 vilipendunt
899 3963 1080 4045 phrenetici
1111 3963 1170 4027 ho·
1223 3984 1259 4029 ee
1291 3966 1373 4028 iram
1408 3965 1559 4048 tyranni,
1592 3985 1688 4046 quem
1722 3964 1869 4028 sciebant
1901 3985 2036 4029 saevam
2066 3983 2137 4028 esee
2163 3966 2198 4027 ct

192 4050 300 4114 mines
322 4051 378 4130 qui
402 4047 515 4113 dicunt
538 4049 686 4114 sufficere
714 4067 868 4115 arcannm
893 4069 1086 4127 sermonem,
1109 4048 1170 4114 hoc
1222 4052 1483 4134 sanguinarium.
1522 4049 1612 4134 Ergo
1634 4048 1791 4114 Ieremias
1814 4051 2017 4133 pronuntiat,
2040 4050 2196 4131 qnoniam

192 4146 259 4212 est,
293 4134 451 4217 quidquid
485 4136 662 4199 somniant.
717 4133 820 4217 Atqui
854 4133 944 4200 Deus
980 4134 1042 4199 hcc
1073 4135 1170 4200 modo
1221 4136 1267 4200 ita
1296 4135 1450 4218 populum
1478 4135 1673 4216 deciperent,
1703 4135 1794 4199 brevi
1818 4135 1951 4200 daturos
1973 4157 2044 4200 esse
2065 4154 2196 4218 ροοοοο,

190 4220 307 4307 probat
329 4220 408 4285 fidei
431 4230 561 4284 nostrae
583 4220 810 4294 obedientiam,
834 4220 909 4285 dum
932 4240 990 4286 uos
1008 4223 1170 4303 gubernat
1222 4222 1298 4305 qaia
1337 4221 1619 4286 Nabuchaduener
1657 4240 1712 4285 ecs
1748 4221 1880 4286 occidet.
1936 4221 2051 4303 Neque
2084 4229 2197 4284 tamen

191 4329 292 4373 manu
327 4314 361 4369 et
393 4325 493 4389 opera
526 4304 707 4372 hominum.
762 4306 918 4388 Quisquis
954 4327 1031 4390 crgo
1064 4307 1170 4372 reiicit
1222 4308 1357 4372 dubium
1379 4319 1428 4373 est
1451 4309 1527 4390 quin
1552 4307 1680 4390 privato
1704 4326 1764 4371 suo
1794 4306 1962 4372 commodo
1992 4307 2198 4390 prospexerit

190 4392 305 4458 fideles
322 4390 470 4457 doctores
488 4391 631 4458 ostendit
648 4411 684 4457 se
703 4411 773 4456 esse
791 4404 1045 4474 contemptorem
1066 4394 1169 4475 ipsius
1220 4394 1516 4460 Nabuchadnezer:
1540 4395 1616 4474 quia
1638 4390 1715 4456 dum
1739 4392 1780 4458 ad
1803 4393 1908 4476 ipsum
1932 4392 2031 4457 delati
2054 4393 2196 4474 suerunt,

191 4479 267 4544 Dei.
311 4477 405 4543 Haec
427 4497 556 4542 summa
579 4490 638 4554 est,
668 4499 768 4560 quum
793 4479 883 4543 Deus
905 4498 1089 4544 sermonem
1114 4479 1168 4543 de·
1221 4480 1327 4546 voluit
1339 4499 1542 4562 compescere
1555 4499 1682 4542 omnem
1699 4479 1870 4543 materiam
1887 4478 2059 4543 tumultus.
2083 4477 2196 4557 Quum

190 4565 265 4632 finit
288 4584 353 4629 non
368 4562 535 4628 oraculum
555 4563 683 4646 aliquod
708 4563 877 4642 duntaxat,
900 4566 955 4630 scd
976 4563 1168 4642 doctrinam,
1222 4566 1307 4630 enim
1332 4573 1583 4630 concesserant
1606 4562 1732 4628 hortari
1755 4566 1911 4647 populum
1935 4564 1975 4629 ad
1999 4583 2090 4648 spem
2114 4560 2197 4626 redi·

191 4671 275 4734 quae
298 4649 446 4730 deposita
468 4649 531 4714 luit
552 4649 639 4730 apud
663 4648 745 4714 fidos
769 4647 926 4715 doctores.
971 4649 1089 4715 Postea
1111 4651 1168 4714 ad·
1222 4662 1285 4731 tus,
1308 4653 1372 4716 nisi
1394 4651 1524 4714 obviam
1544 4651 1627 4714 itum
1650 4660 1744 4727 esset,
1767 4670 1833 4714 non
1852 4659 1981 4732 peterat
1998 4650 2093 4714 aliter
2114 4647 2197 4723 fieri,

191 4736 310 4821 iungit,
342 4734 440 4800 Mane
461 4736 616 4819 surpeuda
638 4741 667 4800 et
692 4735 848 4800 mittendo.
893 4735 1087 4819 Metaphcra
1118 4746 1169 4802 est
1221 4739 1299 4820 quin
1323 4735 1461 4803 subinde
1483 4735 1691 4800 exorirentur
1711 4755 1817 4800 novae
1839 4737 1964 4801 turbae.
2000 4731 2196 4800 Nabuchad·

191 4833 325 4904 sumpta
346 4822 387 4886 ab
409 4820 596 4887 hominibus
618 4819 739 4886 sedulis
762 4832 795 4884 et
824 4823 992 4904 promptis.
1037 4820 1169 4887 Scimus
1220 4844 1318 4888 nener
1339 4823 1442 4905 igitur
1463 4841 1543 4886 suae
1565 4820 1702 4886 utilitati
1733 4821 1906 4900 consuluit,
1937 4831 1973 4885 at
2002 4821 2109 4885 solent
2130 4826 2196 4883 ter·

191 4909 278 4974 enim
301 4906 412 4972 Deum
436 4928 499 4972 non
530 4906 722 4991 expergisci,
753 4927 858 4988 nequa
888 4919 1013 4972 mutare
1041 4906 1168 4972 locum:
1220 4911 1290 4974 reni
1325 4927 1430 4991 reges.
1474 4906 1541 4973 Sed
1574 4907 1700 4972 interea
1733 4908 1794 4973 fuit
1826 4909 1977 4972 minister
2012 4906 2086 4982 Dei,
2121 4905 2197 4988 quia

191 4994 249 5060 sed
282 5012 348 5058 non
378 5003 506 5074 poterat
533 4992 628 5058 aliter
661 4992 846 5076 exprimere
872 4993 1044 5075 paternam
1074 5013 1167 5058 suam
1220 4995 1360 5060 ludibrio
1394 4994 1534 5076 expositi
1567 4993 1701 5058 fuerunt
1730 4994 1780 5058 illi
1809 4993 1873 5057 duo
1902 4993 2110 5074 impostores,
2141 4988 2196 5073 qui

190 5100 304 5147 curam
327 5097 407 5163 argu
436 5078 602 5160 populum,
637 5096 735 5161 quam
768 5079 796 5143 si
830 5077 954 5144 diceret
986 5078 1098 5144 sedulo
1132 5101 1168 5146 se
1220 5082 1438 5163 promiserant
1471 5080 1590 5163 populo
1624 5079 1777 5144 reditum.
1828 5079 1920 5144 Mors
1949 5079 2051 5162 igitur
2081 5095 2196 5142 corum

190 5167 354 5232 intentum
378 5165 480 5229 tuisse
509 5164 550 5228 ad
580 5165 667 5247 ipsos
696 5162 889 5229 monendos:
923 5175 957 5230 et
984 5167 1032 5230 ita
1062 5166 1168 5249 magis
1220 5167 1377 5232 refutavit
1398 5166 1543 5249 ipsorum
1559 5165 1747 5245 vanitatem,
1770 5165 1846 5248 quia
1864 5165 2016 5248 apparuit
2037 5184 2102 5229 nou
2125 5181 2196 5228 esse

190 5249 427 5318 inexcusabilis
458 5249 606 5314 redditur
638 5249 772 5334 ignavia
802 5249 929 5334 populi,
960 5251 1046 5334 quod
1076 5251 1167 5318 Deus
1220 5297 1425 5310 ---

191 5337 395 5417 acceleravit,
418 5337 511 5420 qnasi
534 5355 631 5401 mane
652 5345 811 5420 surgeret,
835 5347 873 5401 ut
896 5337 952 5419 qui
975 5337 1077 5402 labori
1101 5357 1166 5404 non
1307 5355 1329 5424 ¹)
1350 5355 1403 5410 Etr
1421 5353 1536 5410 temnet
1554 5351 1661 5424 aliquid
1676 5367 1779 5423 peresa
1796 5357 1835 5408 est
1852 5359 1941 5408 anm.
