5038 6118
171 402 214 466 73
906 401 956 467 IN
978 400 1226 470 lunellum.
1271 400 1369 468 cAP.
1390 399 1434 467 X.
2124 404 2167 468 74

170 592 228 658 ubi
262 591 441 657 notandam
474 599 525 655 est
556 589 644 675 loqui
674 588 839 656 ehaldaiee
868 589 1077 673 prophetam:
1111 599 1143 654 et
1196 590 1365 674 peribunt,
1400 609 1465 654 non
1495 588 1662 656 oontendo.
1715 591 1840 656 Tamen
1869 590 1971 657 altera
2006 593 2165 675 expositio

170 697 260 743 anas
281 677 335 742 hie
357 698 471 742 versas
493 683 543 741 eat
564 675 751 742 ehaldaieua
772 676 808 740 ia
830 685 898 741 toto
919 672 1012 740 libro.
1056 674 1143 740 Mul·
1195 676 1277 741 mihi
1307 676 1412 760 magis
1440 675 1611 759 probatur,
1640 675 1727 759 qaod
1757 676 1881 744 seilieet
1909 679 2080 762 impreoari
2108 677 2164 744 de-

170 771 245 827 tam
278 768 386 829 numm
420 763 529 827 differt
561 760 674 846 lingua
706 760 873 826 ohaldaioa
904 760 946 826 ab
981 759 1142 826 hebraioa.
1166 791 1171 900 A
1197 760 1293 826 beant
1314 761 1482 828 israelitae
1505 761 1643 828 exitium
1665 759 1817 827 omnihus
1839 761 1943 828 idolis.
1984 763 2055 828 Iam
2077 765 2164 846 quod

170 850 289 933 Nuper
307 849 447 915 vidimus
465 847 637 912 Danielem
656 847 742 929 loqui
760 845 936 923 ehaldaiee,
954 846 1011 913 ubi
1030 853 1144 911 traete·
1196 848 1308 930 lingua
1323 845 1489 914 ohaldaiea
1503 847 1615 926 utitur,
1636 846 1779 914 diximus
1794 847 1866 912 heri
1881 849 2165 915 animadversione

170 936 231 1001 bat
253 954 336 1018 qaae
357 935 565 1018 pertinebant
587 931 841 998 ad'Obaldaeoa.
880 932 965 998 Nam
988 932 1043 998 abi
1065 951 1143 997 eon·
1166 913 1170 990 i
1195 951 1266 998 esse
1295 933 1440 1016 dignum.
1486 932 1578 998 Tune
1605 933 1693 998 enim
1722 933 1785 998 illis
1807 935 1974 1018 negotium
1998 945 2067 999 erat
2088 953 2163 1001 oum

171 1021 320 1087 oiouatus
337 1031 387 1086 est
404 1018 490 1102 apud
508 1018 664 1103 papulam
683 1039 787 1096 saum,
810 1025 842 1082 et
859 1018 962 1083 edidit
978 1017 1143 1098 vatiaiaia‚
1196 1016 1378 1096 Chaldaeis,
1401 1018 1457 1099 qai
1478 1026 1627 1100 proterve
1649 1019 1850 1086 insultabant
1869 1040 1945 1086 vero
1961 1019 2041 1098 Deo,
2063 1041 2162 1104 qaam

170 1125 257 1189 qnae
287 1106 495 1189 peealiariter
524 1104 692 1170 eoelesiam
722 1102 786 1168 Dei
820 1104 1034 1187 respieerent,
1065 1115 1142 1170 tane
1194 1113 1348 1186 putarent
1377 1125 1411 1170 se
1440 1104 1511 1169 eius
1539 1125 1610 1170 esse
1636 1105 1783 1170 viatores.
1828 1105 2045 1188 Triumphum
2075 1107 2162 1172 enim

169 1191 323 1257 hebreioe
345 1191 499 1274 loquutus
521 1199 580 1255 est.
618 1189 718 1254 Liber
741 1209 818 1273 ergo
836 1189 985 1255 Danielis
1002 1192 1142 1272 scriptus
1195 1209 1261 1255 non
1292 1210 1385 1256 seous
1407 1188 1447 1253 de
1469 1190 1538 1272 ipso
1561 1190 1708 1273 agebant,
1738 1210 1775 1255 ae
1795 1190 1824 1254 si
1845 1191 1958 1257 fuisset
1980 1201 2161 1274 prostratae

170 1287 223 1342 est
246 1277 406 1353 hebraioe‚
429 1277 493 1342 nisi
516 1296 557 1340 ex
580 1287 672 1358 parte
694 1275 799 1354 tertia,
829 1273 906 1340 dam
929 1275 1051 1341 seilioet
1073 1274 1144 1340 ralt
1194 1294 1306 1340 eoram
1338 1274 1463 1359 gladiis.
1507 1275 1604 1341 Iubet
1630 1296 1707 1359 ergo
1729 1274 1887 1358 propheta
1909 1277 2074 1342 Israeliten
2096 1275 2161 1342 for-

169 1364 214 1427 ab
251 1363 331 1445 ipsis
364 1361 538 1428 Chaldaeis
578 1360 733 1445 intelligi:
771 1361 819 1425 ita
855 1361 952 1426 etiam
987 1360 1144 1445 propheta
1195 1361 1270 1425 titer
1292 1371 1326 1425 et
1347 1361 1493 1426 animose
1511 1381 1654 1426 asserere
1671 1364 1739 1426 veri
1755 1362 1818 1426 Dei
1833 1381 1950 1428 nomen
1967 1371 1999 1427 et
2014 1361 2162 1446 gloriam.

169 1447 235 1514 hoe
258 1448 336 1514 loeo.
1195 1443 1331 1511 Certum
1353 1457 1402 1510 eat
1425 1445 1485 1512 hoo
1507 1468 1572 1510 non
1595 1445 1738 1531 potuisse
1760 1446 1833 1512 fieri
1854 1447 1976 1530 absque
1998 1451 2161 1531 praesenti

1194 1532 1337 1614 periaalo
1369 1532 1497 1598 mortis:
1530 1530 1587 1600 sed
1620 1532 1765 1616 oportuit
1797 1552 1892 1598 reros
1926 1533 1988 1600 Dei
2020 1534 2160 1599 oultorea

261 1619 312 1684 11.
348 1617 402 1685 Sia
432 1616 621 1704 (seeundum
655 1615 730 1704 hoo)
762 1617 871 1682 dicetis
903 1617 970 1682 illis
1000 1617 1143 1702 (inquit),
1195 1617 1358 1700 praeferre
1392 1618 1460 1682 eiua
1492 1616 1629 1701 gloriam
1662 1619 1811 1701 propriae
1844 1617 1946 1698 vitae,
1978 1619 2025 1684 ita
2058 1631 2093 1683 at
2125 1641 2160 1685 se

168 1703 234 1769 Dii
256 1702 402 1789 (prorsas
431 1705 560 1770 diverso
590 1704 686 1768 modo
711 1703 855 1785 loquitur
876 1723 972 1785 quam
995 1712 1081 1783 ante,
1110 1713 1143 1767 et
1195 1713 1398 1785 exponerent
1427 1703 1568 1768 hostium
1597 1704 1708 1783 furori,
1736 1704 1791 1786 qai
1823 1714 1888 1768 tam
1914 1705 1994 1788 ipsis
2016 1704 2159 1770 domina·

168 1794 321 1872 proximo
343 1791 441 1855 etiam
466 1810 560 1855 versu
582 1788 746 1872 loquetur:
775 1787 818 1852 dii
841 1787 931 1873 ergo)
953 1789 1143 1871 primulum
1193 1787 1321 1866 bantur,
1353 1801 1386 1853 et
1412 1790 1467 1871 qai
1495 1795 1664 1854 traxerant
1692 1809 1746 1854 eos
1772 1788 1807 1852 in
1830 1799 1933 1854 terras
1955 1791 2158 1874 longinquas.

169 1882 200 1942 et
229 1882 348 1942 arram
375 1896 435 1940 aaa
462 1876 611 1956 sommi,
640 1879 768 1958 peream
798 1893 814 1938 e
843 1879 942 1956 tarro,
971 1879 998 1939 et
1024 1875 1062 1940 de
1084 1873 1142 1938 stab
1194 1872 1353 1939 Videmus
1381 1873 1494 1957 quanti
1516 1874 1613 1938 faeiat
1635 1873 1728 1939 Deus
1748 1873 1825 1938 fidei
1847 1875 2099 1940 oonfessionem:
2127 1886 2162 1940 et

168 1963 264 2028 oeulis
283 1963 364 2028 istis.
1194 1966 1262 2023 tota
1294 1961 1454 2042 seriptara
1482 1956 1622 2024 ostendit
1651 1958 1712 2024 hoo
1741 1961 1934 2026 saodfioium
1956 1962 2099 2026 maxime
2119 1962 2160 2027 ab

1193 2045 1264 2127 ipso
1286 2044 1424 2128 probari.
1469 2045 1514 2110 lit
1535 2043 1613 2112 hine
1635 2046 1733 2109 etiam
1756 2055 1900 2128 apparet,
1930 2066 2027 2129 qaam
2049 2047 2161 2129 inepte

258 2131 356 2197 Ratio
396 2147 506 2196 autem
538 2139 589 2196 est
621 2152 679 2197 aar
711 2129 821 2199 iubeat
852 2128 1020 2196 israelitas
1052 2130 1140 2214 loqui
1195 2141 1359 2215 nugentur
1395 2132 1450 2213 qai
1483 2129 1596 2196 dieunt
1628 2151 1664 2195 ae
1696 2129 1794 2196 fidem
1826 2132 1950 2197 oueulte
1983 2133 2092 2198 fovere
2125 2135 2160 2197 in

95 2215 101 2228 '
167 2218 286 2303 lingua
304 2215 480 2298 eheldaiea,
499 2217 651 2299 qnoniam
670 2219 764 2282 traoti
783 2216 914 2282 fuerant
931 2217 964 2280 in
979 2216 1140 2295 exsilium,
1194 2215 1326 2293 animis,
1359 2225 1522 2298 uteunque
1555 2214 1757 2282 dissimulent
1789 2237 1896 2282 eoram
1925 2217 2046 2283 mundo
2074 2217 2160 2301 quod

169 2315 203 2369 et
232 2303 386 2386 permixti
409 2303 556 2387 Assyriis
585 2309 618 2367 et
640 2301 819 2378 Chaldaeis.
866 2301 980 2385 Exigit
1002 2321 1079 2385 ergo
1099 2301 1141 2367 ab
1193 2302 1347 2367 mutiunt
1392 2300 1551 2366 Videmus
1580 2321 1676 2386 quem
1704 2300 1822 2384 frigida
1851 2303 1904 2385 sit,
1933 2303 1998 2368 imo
2019 2301 2160 2385 insipida

166 2391 236 2456 illis
266 2389 460 2471 eontemptie
487 2387 655 2455 exsulibus
681 2397 827 2470 apertam
849 2399 884 2452 et
905 2387 1040 2453 liberam
1064 2407 1140 2454 eou-
1193 2407 1307 2451 eorum
1327 2387 1502 2466 exeusati0‚
1526 2385 1603 2451 dum
1618 2386 1741 2452 aeilieet
1758 2386 1882 2470 perfido
1899 2388 2028 2454 silentio
2043 2389 2159 2454 volant

167 2475 361 2541 sessionem:
395 2475 488 2556 qnasi
512 2472 656 2557 diaeret,
690 2473 800 2539 Etiam
828 2473 855 2537 si
885 2493 971 2539 nuno
1000 2473 1078 2538 estis
1104 2472 1140 2537 in
1193 2484 1226 2535 et
1248 2473 1349 2538 vitam
1371 2492 1474 2555 snam,
1496 2484 1527 2537 et
1543 2493 1655 2555 paoem
1670 2471 1829 2538 redimere
1844 2473 1885 2538 ab
1899 2474 2017 2557 impiis.
2050 2473 2158 2540 Hodie

167 2562 354 2627 miserrima
381 2559 547 2638 servitute,
575 2569 608 2623 et
637 2579 694 2624 vos
725 2558 882 2624 Ohaldaei
909 2557 1140 2624 eontameliose
1192 2558 1248 2640 qui
1281 2557 1316 2623 in
1350 2566 1470 2641 papatu
1504 2558 1636 2639 vivant,
1669 2567 1787 2640 putant
1818 2557 1880 2625 hae
1912 2560 2090 2626 obiectione
2122 2582 2158 2626 se

167 2647 367 2730 opprimant,
396 2645 487 2728 quasi
517 2645 687 2728 maneipia,
715 2651 825 2710 tamen
848 2643 982 2709 asserite
1003 2643 1139 2727 gloriam
1192 2663 1285 2725 posse
1313 2645 1429 2708 merito
1456 2643 1587 2721 absolvi,
1617 2643 1702 2726 qaod
1731 2663 1798 2708 non
1824 2644 1868 2710 sit
1889 2651 2010 2710 temere
2031 2645 2157 2728 periali·

165 2735 243 2815 Dei,
277 2743 311 2797 et
339 2751 407 2797 non
436 2729 584 2796 desistite
612 2730 653 2796 eb
682 2730 825 2814 ingenua
853 2729 1050 2812 professione
1072 2731 1139 2814 pie·
1192 2729 1327 2794 tandum
1348 2729 1387 2794 de
1411 2729 1485 2795 vita.
1523 2729 1591 2795 Res
1611 2739 1720 2795 autem
1741 2728 1814 2812 ipsa
1835 2729 1977 2795 ostendit
1990 2731 2037 2795 ita
2051 2733 2157 2797 farere

165 2820 256 2896 tatis,
285 2829 317 2883 et
345 2817 441 2883 dioite
471 2815 534 2881 illis
562 2817 656 2897 quasi
677 2814 897 2897 nonapuaretia
919 2825 1032 2881 eontra
1053 2814 1138 2899 ipso·
1190 2813 1302 2880 hostes
1330 2813 1500 2899 evangelii,
1529 2824 1566 2879 nt
1594 2814 1623 2880 si
1650 2814 1722 2898 quie
1750 2815 1887 2880 verbam
1912 2816 2018 2896 faeiat,
2046 2818 2155 2883 statim

165 2925 245 2970 ram
267 2902 363 2986 idola,
385 2901 446 2968 Dii
466 2902 561 2967 vestri
578 2905 709 2982 perrara
724 2907 847 2976 eterra,
870 2901 949 2966 etde
965 2900 1138 2985 eabeoelie,
1190 2899 1340 2966 trahatur
1368 2898 1410 2966 ad
1431 2899 1635 2982 supplitium.
1680 2897 1746 2966 Sed
1768 2920 1991 2984 eomparemus
2015 2913 2155 2968 veterem

164 2993 245 3074 puta
273 3009 335 3055 ιιοιι
361 2988 498 3070 foemam
524 2985 638 3054 orelam
664 3007 718 3054 aee
745 2991 871 3052 terem.
922 2986 1018 3052 Nune
1047 2995 1138 3051 tene·
1190 2985 1345 3068 papulam
1383 2985 1490 3062 nobis,
1524 2993 1617 3051 eerte
1642 2985 1744 3050 nihilo
1776 2986 1983 3051 melioraret
2015 2987 2156 3053 eonditio

164 3098 242 3141 mus
265 3075 442 3159 prophetae
463 3071 647 3138 eonsilium.
682 3071 749 3139 Sed
766 3073 892 3157 reliqua
909 3074 943 3138 in
959 3072 1138 3138 erastinum
1190 3071 1300 3137 deeera
1329 3071 1482 3151 tribuum,
1514 3091 1613 3154 quum
1641 3071 1836 3155 agerentia
1864 3081 1952 3137 terra
1980 3071 2093 3152 aliena,
2123 3082 2157 3138 et

166 3163 329 3228 differam.
1190 3159 1299 3222 essent
1325 3156 1392 3222 illio
1419 3157 1591 3241 maneipia.
1634 3156 1747 3237 Quam
1772 3177 1850 3238 ergo
1870 3157 2079 3223 observarent
2100 3178 2155 3224 eos

1189 3240 1357 3326 chaldaei,
1386 3263 1430 3308 aa
1458 3261 1526 3307 aon
1554 3241 1730 3309 eernebant
1756 3241 1899 3326 gladium
1929 3243 2020 3326 qaasi
2042 3244 2155 3328 iugulo

255 3331 430 3414 Coepimaa
457 3330 529 3395 heri
549 3347 714 3411 exponere
736 3328 913 3411 prophetae
934 3329 1137 3410 seutentiam,
1189 3348 1249 3393 suo
1270 3327 1423 3412 quotidie,
1446 3328 1513 3392 imo
1530 3327 1659 3394 assidue
1677 3327 1869 3393 admotum?
1891 3338 1924 3392 et
1941 3337 2051 3393 temen
2065 3329 2156 3396 iubet

164 3418 223 3484 ubi
254 3415 403 3484 hortatur
432 3415 598 3482 Israelitas
626 3413 667 3479 ad
697 3414 924 3494 constantiam,
955 3416 1030 3498 quia
1059 3425 1136 3482 tuno
1190 3414 1282 3480 Deus
1298 3414 1450 3481 elaadere
1467 3413 1578 3478 oeulos
1597 3413 1638 3478 ad
1655 3412 1735 3478 haee
1752 3413 1949 3493 aeramina,
1967 3423 2000 3478 et
2014 3415 2154 3498 ingenae

165 3504 305 3588 dispersi
334 3510 428 3567 erant
452 3501 539 3566 inter
560 3499 756 3566 Chaldaeos:
786 3499 902 3565 deinde
924 3503 1045 3567 misera
1066 3513 1136 3566 erat
1188 3501 1334 3583 profiteri
1363 3498 1451 3582 qaod
1481 3499 1641 3565 sentiant:
1671 3501 1736 3563 imo
1764 3497 1916 3564 detestari
1944 3498 2040 3578 idola,
2069 3500 2153 3582 quod

164 3611 279 3656 eorum
309 3588 461 3668 eonditio,
491 3587 568 3670 quie
596 3585 732 3652 servilis.
777 3583 907 3653 Soimas
928 3587 1016 3651 enim
1039 3607 1136 3670 qaam
1188 3591 1259 3650 erat
1288 3585 1390 3650 multo
1419 3583 1561 3650 odiosius
1583 3582 1669 3667 apud
1689 3582 1880 3650 Chaldaeos.
1923 3584 2037 3666 Neque
2066 3587 2153 3651 enim

163 3674 353 3758 petulanter
384 3674 594 3739 dominentur
622 3673 759 3738 virtores
788 3671 843 3737 ubi
871 3671 955 3738 bello
982 3670 1136 3739 sabaotus
1186 3671 1276 3736 iubet
1304 3678 1433 3736 tantam
1461 3670 1576 3748 dioere,
1607 3669 1699 3734 Deus
1720 3690 1815 3752 quem
1837 3671 1981 3746 eolimas,
2009 3690 2044 3736 se
2066 3679 2155 3755 pate·

164 3770 216 3827 est
248 3759 365 3843 aliquis
394 3758 541 3842 popalus.
593 3757 649 3821 Illi
676 3767 783 3823 autem
811 3756 909 3823 traeti
937 3758 1067 3822 fuerant
1099 3759 1135 3823 ia
1187 3756 1263 3821 feeit
1292 3755 1446 3822 Abrahae
1477 3755 1563 3838 patri
1592 3764 1712 3835 nostro,
1740 3767 1772 3820 et
1801 3777 1876 3822 eum
1909 3755 2045 3822 nolimus
2078 3759 2154 3840 qaia

164 3845 318 3913 exsilium
358 3844 576 3910 oontameliae
608 3862 714 3910 eausa.
767 3844 858 3927 Erga
891 3843 1050 3927 propheta
1082 3844 1135 3908 hie
1187 3842 1314 3924 experti
1343 3841 1463 3906 fuimus
1490 3840 1738 3924 redemptorem,
1765 3849 1798 3906 et
1826 3850 2020 3924 perpetuam
2046 3852 2153 3909 eusto-

164 3952 221 3997 eos
246 3932 379 4007 animat,
406 3952 448 3997 ae
474 3928 635 4006 definiant,
666 3928 722 3994 sed
744 3939 890 4009 perstent
910 3931 945 3993 in
967 3949 1049 4011 paro
1072 3929 1134 3993 Dei
1188 3926 1261 3992 dem
1292 3927 1407 3992 salutis
1436 3935 1578 3992 nostrae.
1622 3926 1696 3992 Non
1726 3931 1855 3991 tantum
1886 3925 1976 3992 iubet
1995 3927 2056 3993 hoo
2077 3949 2152 4013 pro-

164 4018 266 4094 enltu,
300 4025 332 4080 et
359 4037 434 4081 eum
463 4015 605 4100 ingenue
635 4015 856 4096 profiteantur.
902 4013 1069 4094 Quantam
1092 4014 1133 4079 ad
1186 4013 1286 4096 pheta
1312 4012 1433 4090 dioere,
1468 4010 1541 4091 sed,
1573 4012 1634 4080 Dii
1662 4013 1755 4078 vesti
1779 4016 1916 4096 peream.
1964 4012 2037 4079 Hoo
2066 4021 2152 4080 uerte

164 4122 328 4169 summam
351 4103 399 4166 rei
421 4110 553 4184 speetat,
575 4101 662 4177 dieit‚
687 4098 824 4164 Pereord
843 4119 859 4164 e
879 4103 974 4179 terro,
996 4105 1023 4165 ol
1044 4101 1134 4166 earth
1185 4105 1313 4248 Eoterat
1331 4097 1524 4175 Chaldaeos,
1548 4098 1646 4163 etiam
1669 4099 1696 4163 si
1718 4097 1837 4178 alioqui
1855 4096 1995 4162 fuissent
2016 4097 2153 4164 modesti

163 4191 245 4256 coelo
277 4187 326 4254 dii
347 4188 402 4269 qut
422 4187 536 4253 σοιῐιιιιι
556 4193 585 4252 et
605 4191 721 4252 ιινναιιι
742 4204 803 4250 non
824 4190 978 4250 arserunt.
1023 4183 1133 4251 Sumit
1210 4185 1345 4266 omines,
1367 4185 1543 4250 aoeendere
1564 4183 1597 4248 in
1618 4183 1757 4248 rabiem:
1780 4183 1846 4248 iam
1869 4203 1968 4265 qaam
1991 4191 2024 4249 et
2041 4203 2151 4267 saper-

165 4276 255 4340 enim
282 4273 479 4357 prineipinm
508 4273 599 4356 illud,
628 4271 738 4336 Deum
769 4291 833 4336 non
862 4269 978 4335 debere
1000 4272 1133 4353 eeuseri,
1187 4268 1239 4334 bia
1260 4279 1368 4335 essent
1384 4269 1463 4335 elati
1479 4277 1612 4420 firopter
1629 4269 1811 4349 viatorium,
1833 4277 1867 4333 et
1884 4267 2021 4336 ludaeos
2038 4290 2152 4336 exosos

164 4361 229 4426 nisi
256 4359 315 4443 qui
340 4357 488 4424 eonditor
516 4367 567 4423 est
595 4361 693 4439 atque
722 4356 830 4439 opifex
859 4356 937 4420 ooeli
960 4365 993 4420 et
1015 4364 1131 4422 terrae.
1184 4354 1352 4432 haberent,
1377 4355 1439 4422 fuit
1466 4356 1478 4419 i
1503 4355 1531 4420 is
1560 4375 1667 4418 sermo
1696 4354 1919 4420 intolerabilis.
1964 4353 2052 4436 Quid
2074 4375 2151 4440 ergo

165 4445 249 4527 Quis
271 4457 381 4511 autem
404 4443 489 4510 dioet
510 4443 634 4524 ligneos
655 4449 689 4506 et
709 4438 854 4525 lapideos
876 4440 952 4506 deos
974 4440 1131 4506 mundam
1185 4439 1295 4507 dieent
1318 4440 1555 4517 Nioodemitae,
1592 4441 1646 4523 qai
1681 4438 1777 4506 hodie
1804 4439 1866 4506 sibi
1896 4439 2071 4506 blanditias
2101 4441 2151 4507 fa·

165 4530 314 4596 ereasse‘l
343 4550 418 4595 nam
448 4529 576 4610 lignum
597 4536 649 4593 est
670 4526 808 4594 materia
834 4527 1060 4609 corruptibilis,
1086 4528 1133 4593 ita
1184 4524 1295 4592 oiant?
1318 4527 1393 4610 qaia
1415 4526 1495 4591 satis
1516 4545 1587 4590 esse
1605 4532 1721 4608 patant
1739 4525 1765 4591 si
1784 4545 1851 4590 non
1867 4525 2029 4611 abnegent
2041 4527 2150 4592 Deum

165 4617 263 4679 etiam
294 4615 385 4698 lapis.
430 4614 501 4679 Iam
523 4612 664 4677 formam
686 4621 919 4696 aeeeperaata
941 4610 1132 4679 mortalibus
1184 4611 1373 4690 exanimo,
1403 4610 1460 4676 sed
1489 4619 1578 4676 meta
1599 4612 1762 4694 perterriti
1785 4611 1838 4675 vel
1860 4611 2016 4677 simulent
2037 4632 2071 4677 se
2094 4612 2149 4676 ab·

165 4720 278 4765 omnes
307 4705 442 4776 statuae,
472 4718 555 4781 qaae
584 4697 717 4763 deorum
739 4697 809 4764 loeo
829 4697 999 4764 habentur.
1044 4697 1132 4765 Hine
1184 4719 1313 4781 negare,
1335 4697 1387 4764 rel
1405 4697 1512 4780 palam
1530 4696 1704 4762 ostendant
1723 4717 1757 4762 se
1776 4697 1947 4781 suffragari
1966 4695 2148 4763 erroribus?

164 4793 255 4868 patet
284 4785 437 4851 deitatem
466 4803 531 4849 non
560 4781 642 4848 falso
663 4790 800 4862 antam,
831 4782 888 4848 sed
910 4784 1009 4849 etiam
1032 4783 1131 4850 stulte
1183 4783 1225 4848 ln
1247 4804 1383 4862 summa,
1406 4782 1555 4848 videmus
1576 4782 1703 4847 nullam
1725 4803 1796 4848 esse
1818 4783 1972 4865 pietatem
1994 4783 2028 4846 in
2046 4779 2150 4848 eordi-

164 4878 198 4934 et
226 4869 407 4954 prodigiose
435 4868 499 4933 illis
527 4867 675 4934 adsoribi.
720 4867 811 4935 Haeo
840 4869 943 4953 igitur
973 4869 1057 4934 ratio
1082 4879 1132 4935 est
1183 4866 1245 4934 bus
1267 4869 1446 4952 hominum,
1475 4868 1538 4934 nisi
1560 4866 1692 4935 aaoedat
1712 4867 1885 4935 oonfeesio:
1915 4875 2041 4950 oportet
2062 4867 2149 4932 enim

164 4973 223 5020 our
245 4956 337 5035 dieat,
361 4955 495 5020 Pereunt
515 4975 531 5019 e
552 4959 637 5020 terra
652 4954 701 5019 dii
717 4956 771 5036 qui
788 4975 849 5021 aon
864 4953 1001 5035 feceruut
1017 4955 1132 5020 ιοιίιιιιι
1182 4963 1332 5020 mutuam
1355 4975 1424 5019 esee
1446 4973 1640 5020 eonsensum
1660 4953 1747 5018 inter
1769 4975 1826 5020 eor
1842 4963 1875 5018 et
1893 4953 2048 5036 linguam.
2080 4951 2148 5018 Sed

163 5045 336 5106 ετιινιαιιι.
370 5041 432 5105 lllat
454 5039 585 5123 quidem
607 5039 744 5105 verbum
766 5040 867 5105 lutari
884 5042 1051 5123 temporis,
1072 5040 1130 5107 sed
1181 5049 1290 5123 posset
1319 5039 1479 5123 quispiam
1509 5041 1656 5117 obiieere,
1684 5038 1739 5104 An
1769 5058 1899 5105 neeesse
1928 5047 1978 5102 est
1999 5036 2149 5104 fidelibus

163 5127 286 5192 seimus
314 5126 553 5210 utplurimum
582 5126 702 5192 resolvi
730 5126 764 5189 in
791 5127 976 5207 optativum
997 5125 1129 5190 modam
1181 5147 1239 5208 per
1272 5125 1414 5208 eompita
1447 5134 1480 5190 et
1506 5127 1578 5190 viss
1605 5124 1694 5190 urbia
1726 5125 1882 5202 elamare,
1915 5122 2049 5189 unieum
2079 5145 2148 5190 esse

162 5211 247 5293 apud
276 5210 457 5278 Hebraeos.
507 5211 545 5278 Si
578 5213 649 5296 qais
677 5220 787 5277 tamen
821 5210 914 5276 malit
941 5211 1130 5296 simpliciter
1183 5230 1296 5276 veram
1329 5210 1460 5276 Deum?
1501 5208 1679 5295 respondeo
1718 5210 1771 5274 hia
1804 5230 1870 5274 non
1902 5207 2003 5275 faisse
2035 5229 2149 5276 omnes

163 5297 322 5380 aooipere,
354 5298 413 5362 Dii
442 5299 497 5382 qui
527 5319 593 5364 aon
622 5297 770 5365 fenerant
792 5296 917 5363 eoelum
947 5305 979 5362 et
1008 5305 1129 5363 terram
1182 5295 1302 5364 eleetos
1341 5297 1382 5362 ad
1416 5318 1535 5362 manas
1567 5296 1806 5381 propheticum,
1848 5303 1886 5360 ut
1918 5296 2038 5379 passim
2071 5315 2148 5362 oon·
