5140 6118
341 441 404 508 279
1148 439 1536 509 PRAELEOTIONES
2279 443 2344 510 280

339 630 412 698 eius
434 630 616 711 tolerantia,
639 629 914 714 quemadmodum
933 629 1039 696 solent
1054 629 1192 715 reprobi.
1225 629 1315 696 Inte·
1368 639 1406 696 ut
1427 651 1494 695 non
1517 631 1559 697 sit
1581 632 1692 715 aliqua
1711 635 1787 715 ‘spes
1809 630 2035 715 impetrandae
2056 633 2208 698 iustitiae.
2252 633 2343 718 Ergo

339 737 396 782 rea
420 737 486 782 non
508 717 589 783 satis
611 724 682 782 erat
703 737 832 799 semper
855 715 973 782 addere
988 717 1111 783 seelera
1130 715 1315 793 soeloribua,
1369 717 1422 782 ubi
1445 716 1595 782 homiues
1617 717 1664 783 ita
1686 737 1840 799 perverso
1862 727 1940 784 snut
1962 716 2098 794 iudidio,
2131 739 2263 785 neeesse
2291 732 2342 788 est

341 803 405 868 nisi
429 802 527 869 etiam
552 802 661 886 palem
683 812 716 867 ot
737 802 922 884 petulanter
943 801 1119 868 illuderent
1137 801 1226 868 Deo:
1256 801 1317 869 Uti
1366 821 1440 867 oum
1464 802 1536 868 Deo
1559 824 1664 887 agera.
1710 802 1767 869 Sia
1789 824 1868 887 ergo
1890 825 1977 870 nuno
2000 805 2166 887 propheta,
2192 813 2229 869 ut
2250 807 2343 888 prius

340 893 386 954 est
406 887 457 954 bie
476 887 603 954 ammo?
634 887 698 952 iam
722 887 815 953 multi
836 888 913 953 anui
942 898 1019 954 sunt
1048 887 1149 971 elapsi
1179 909 1222 954 ex
1252 907 1315 971 quo
1368 889 1508 954 vidimus
1541 890 1646 972 ipsum
1682 887 1815 970 lauisse,
1854 890 1975 956 reliotie
2006 888 2196 956 hominibus
2229 891 2342 976 dirigit

340 983 377 1038 tu
401 994 466 1039 uon
489 973 610 1038 desinis
627 972 801 1039 vooilerari
816 973 856 1039 de
871 974 964 1054 bello,
987 973 1026 1040 do
1042 975 1135 1052 lame,
1159 973 1199 1038 de
1216 983 1315 1056 peste.
1368 974 1466 1039 verba
1489 995 1550 1041 aua
1571 975 1613 1040 ad
1635 973 1754 1041 Deum.
1798 975 1843 1040 Et
1865 973 1946 1042 haee
1967 977 2165 1060 apostrophe
2187 977 2260 1060 plns
2283 977 2341 1043 ha-

339 1059 440 1143 Atqui
464 1058 593 1125 interea
614 1079 786 1125 manemus
808 1060 923 1142 quieti,
954 1070 987 1125 at
1011 1061 1101 1126 Deus
1124 1060 1217 1126 nobis
1240 1079 1315 1144 par·
1366 1058 1420 1124 bet
1443 1059 1677 1139 vehementiae,
1700 1063 1845 1144 quamsi
1867 1060 2341 1130 illisobiioeretsuamoontn·

339 1146 393 1214 eit.
445 1143 508 1212 Ubi
529 1150 573 1210 est
594 1145 692 1228 ipitrtr
713 1144 765 1210 ille
786 1165 886 1211 aaran
908 1145 1052 1225 letoque,
1080 1167 1175 1228 quern
1200 1156 1236 1210 tu
1256 1143 1315 1210 nb·
1359 1145 1514 1212 matiam.
1566 1142 1639 1228 Epo
1666 1152 1784 1230 uuum,
1817 1145 1937 1230 inquit,
1970 1168 2031 1214 uon
2061 1148 2221 1232 seatium.
2276 1149 2342 1218 Hie

340 1230 471 1297 tendis?
516 1230 613 1296 Nune
639 1251 717 1314 ergo
746 1230 894 1296 videmus
923 1241 1047 1314 quauta
1076 1231 1175 1297 luerit
1204 1232 1314 1315 populi
1366 1231 1497 1296 varient
1526 1233 1732 1315 interpretes.
1782 1232 1867 1298 Nam
1896 1246 1953 1332 t‘ttt
1980 1235 2146 1317 signifieat
2174 1234 2341 1302 interdurn

338 1316 428 1383 illius
451 1316 647 1399 pervioaoia,
675 1316 760 1399 quod
783 1317 907 1383 suilioet
931 1339 999 1382 non
1029 1325 1157 1382 tanturn
1187 1317 1314 1383 inutilis
1366 1336 1550 1400 properare,
1573 1329 1607 1381 et
1628 1317 1795 1383 interdum
1819 1317 1963 1384 tardare:
1998 1331 2078 1384 sunt
2107 1319 2192 1386 duae
2214 1331 2341 1387 eontra·
2462 1345 2468 1356 ·

339 1410 427 1469 esset
448 1402 514 1468 illis
537 1402 685 1468 doetrina
704 1401 873 1480 Ieremias,
896 1402 953 1468 sed
971 1402 1148 1468 haberetur
1164 1402 1314 1467 ludibrio.
1366 1403 1434 1467 riae
1466 1403 1732 1486 signifieationes.
1777 1404 1947 1487 Aooipitar
1979 1407 2079 1472 etiam
2111 1426 2172 1489 pro
2204 1408 2341 1472 anxium

338 1488 387 1554 Et
427 1495 536 1554 tamen
578 1487 681 1554 multo
721 1495 797 1552 ante
834 1487 1007 1554 audierant
1039 1509 1083 1552 ex
1115 1508 1171 1553 ore
1206 1488 1313 1553 Isaiae
1366 1508 1437 1553 essa
1459 1499 1491 1553 et
1513 1488 1708 1554 abominari:
1742 1489 1813 1556 ideo
1841 1489 1972 1573 quidam
1996 1501 2145 1570 vertunt,
2180 1493 2253 1576 Ego
2275 1499 2341 1560 nou

339 1571 491 1659 (2213),
515 1572 709 1657 Vaequum
725 1573 889 1639 Dominus
911 1584 1005 1641 vooat
1028 1595 1085 1640 vos
1107 1573 1148 1640 ad
1170 1574 1312 1640 uiuerem
1366 1595 1438 1640 eum
1462 1575 1668 1640 abominatus
1691 1595 1732 1641 ne
1755 1597 1859 1642 essem
1883 1583 2003 1658 pastor.
2047 1577 2133 1644 Nam
2156 1591 2190 1675 tn
2212 1578 2342 1661 eapitur

339 1671 373 1724 et
394 1660 552 1741 oilioium,
586 1660 694 1724 diuitis
722 1669 847 1737 autem,
883 1659 1065 1742 llpulemur
1094 1672 1127 1726 et
1155 1659 1313 1739 bibamus,
1366 1659 1451 1742 apud
1484 1658 1655 1726 Hebraeos
1684 1680 1781 1744 saepe
1813 1663 1981 1746 negative,
2023 1663 2097 1728 Non
2131 1664 2178 1730 lui
2211 1665 2340 1732 anxius.

338 1765 410 1810 oras
431 1746 620 1811 moriemur.
664 1745 752 1810 Vivo
774 1766 844 1828 ego,
871 1744 951 1811 dioit
973 1744 1144 1824 Dominus,
1173 1767 1238 1811 non
1262 1769 1313 1810 re·
1366 1745 1442 1825 Alii,
1465 1745 1538 1811 Non
1562 1758 1707 1812 moratus
1737 1766 1810 1812 sum
1840 1769 1881 1812 ne
1910 1769 2014 1814 essem
2045 1757 2165 1832 pastor.
2210 1749 2277 1816 Sed
2299 1771 2341 1816 ex

337 1832 488 1900 mittetur
510 1830 603 1896 vobis
626 1831 706 1897 haee
728 1831 895 1913 iniquitas.
939 1831 1112 1897 Iuraverat
1133 1831 1200 1897 illio
1221 1831 1313 1897 Deus
1364 1840 1521 1897 oontextu
1550 1830 1660 1916 oolligi
1692 1843 1799 1914 potest
1831 1833 1948 1898 melius
1980 1835 2140 1917 quadrare
2173 1835 2340 1902 diversum

336 1937 396 2000 per
417 1917 555 2001 gloriam
579 1937 691 1997 suam,
724 1916 785 1984 hoo
814 1937 885 1983 esse
914 1917 1111 2000 inexpiabile
1132 1925 1311 1999 peooatum,
1364 1937 1506 1995 sensum,
1531 1937 1645 2000 nempe
1667 1917 1754 2000 quod
1777 1917 1936 2000 propbeta
1957 1939 2020 1986 uon
2039 1921 2245 2003 festinaverit.
2280 1919 2341 1988 Se-

336 2001 424 2085 quod
456 2003 504 2072 ita
536 2012 709 2086 pergerent
741 2003 902 2069 obstinate
935 2003 970 2067 iu
1004 2005 1073 2068 suis
1106 2003 1210 2080 vitiis,
1253 2023 1311 2068 nea
1364 2003 1476 2085 quitur
1498 2002 1601 2080 enim,
1629 2001 1674 2068 nt
1694 2023 1757 2069 ποι
1777 2006 1954 2088 muoupiri:
1977 2004 2175 2088 respondent
2197 2009 2284 2072 inter
2304 2030 2342 2074 se

337 2087 516 2171 quidquam
540 2089 674 2154 terroris
695 2090 903 2172 oouoipereut
925 2109 968 2153 ex
983 2089 1081 2154 minis
1098 2088 1310 2173 prophetiale:
1364 2089 1444 2154 heae
1466 2087 1530 2154 duo
1553 2087 1662 2180 verbs,
1691 2103 1771 2158 ’nata
1790 2075 1849 2159 ab:
1872 2090 1989 2156 deinde
2014 2104 2144 2161 ἰιίκιιῆ
2163 2078 2217 2162 ιε’).
2265 2091 2341 2158 Non

338 2184 446 2238 tamen
469 2172 619 2239 videmus
642 2195 770 2257 semper
792 2176 826 2239 in
850 2174 995 2241 deterius
1017 2174 1118 2240 luisse
1133 2175 1310 2258 prolapsos.
1361 2173 1511 2256 festinavi
1532 2195 1628 2259 ergo,
1660 2180 1777 2248 etnort.
1792 2178 1967 2257 muoupivi:
2000 2189 2177 2262 utrumque
2200 2179 2341 2244 refertur

277 2263 280 2271 '
336 2259 491 2326 Mortuus
513 2270 585 2325 erat
606 2258 710 2325 Isaiae
733 2281 832 2342 quum
862 2261 907 2325 ita
936 2282 996 2345 per
1024 2270 1248 2343 eontemptum
1278 2272 1311 2324 et
1364 2258 1405 2324 ad
1428 2260 1652 2326 temeritatem.
1697 2261 1783 2326 Nam
1806 2262 1902 2326 multi
1924 2282 1996 2329 sese
2024 2265 2197 2348 ingerunt,
2227 2285 2339 2348 quem·

336 2344 515 2411 ludibrium
537 2345 663 2428 loquuti
686 2354 772 2420 snut,
803 2345 868 2412 Ubi
889 2351 934 2413 ert
953 2366 1055 2412 senno
1077 2346 1235 2412 Iehovae?
1261 2368 1312 2411 ve·
1364 2344 1538 2410 admodum
1566 2345 1715 2412 videmus
1743 2367 1813 2430 oap.
1835 2347 1878 2413 23
1907 2368 1988 2431 quoa
2019 2349 2110 2416 Deua
2140 2371 2205 2416 non
2236 2361 2340 2428 vooat,

336 2431 406 2496 aiot
437 2450 532 2509 uuae,
571 2433 663 2514 quasi
702 2430 779 2496 data
811 2452 910 2514 opera
942 2443 1159 2515 provooareut
1192 2431 1311 2512 Deum,
1363 2441 1499 2498 ourruut
1520 2443 1652 2514 sponte,
1685 2433 1787 2498 atilli
1808 2434 1908 2498 etiarn
1931 2435 2085 2500 feruntur
2111 2436 2222 2502 stultis
2251 2437 2339 2520 eogi-

337 2517 612 2598 qnemadmodum
635 2518 663 2582 si
685 2519 756 2600 quis
777 2516 904 2582 hostem
927 2538 1021 2584 suurn
1046 2517 1218 2600 despioiat:
1246 2518 1309 2594 Ηο,
1364 2517 1551 2582 lotionibus.
1596 2518 1763 2601 Propheta
1789 2519 1894 2602 primo
1917 2518 1997 2585 dioit
2017 2540 2050 2588 se
2071 2541 2135 2587 uou
2154 2521 2341 2603 festiorem:

337 2612 374 2666 tu
397 2621 432 2666 es
455 2601 629 2666 admodum
653 2600 882 2680 formidabilia,
917 2603 945 2668 si
975 2602 1034 2667 tibi
1057 2603 1219 2670 eraditur:
1253 2603 1310 2670 sed
1363 2602 1404 2667 ad
1437 2603 1574 2668 verbum
1610 2613 1711 2682 esset,
1744 2604 1785 2670 ab
1817 2625 1888 2670 esse
1922 2615 2086 2688 pastorem
2119 2617 2194 2688 post
2221 2608 2340 2673 Deum.

337 2686 547 2769 experiamur
569 2688 657 2754 vires
688 2697 777 2772 tuas,
809 2687 943 2754 ostende
977 2688 1134 2771 quidnam
1168 2689 1309 2756 valeant.
1365 2688 1446 2754 Nam
1470 2689 1504 2752 in
1527 2689 1642 2755 multis
1664 2697 1782 2773 regnat
1804 2691 1948 2771 ambitio,
1974 2712 2057 2774 quae
2078 2693 2167 2775 ipsos
2189 2693 2340 2777 impellit,

338 2770 395 2840 Sia
416 2773 626 2856 oontemptiru
649 2773 696 2839 illi
719 2794 796 2840 snas
817 2793 938 2840 sannas
960 2773 1181 2858 proiioiebaut,
1211 2797 1310 2860 quum
1364 2782 1402 2838 ut
1423 2773 1483 2838 sibi
1507 2774 1580 2856 plus
1601 2789 1735 2840 sumant
1756 2797 1853 2858 quarn
1876 2775 1982 2844 liaeat.
2027 2777 2143 2861 Neque
2173 2780 2259 2844 enim
2289 2801 2340 2846 re·

337 2857 432 2930 Deus
452 2879 511 2941 per
536 2879 650 2926 servos
677 2880 754 2926 suos
783 2859 848 2926 illis
877 2861 1063 2926 ostenderet
1092 2862 1311 2945 propinquum
1364 2859 1506 2942 spieinut
1531 2859 1607 2943 quid
1638 2861 1767 2943 plaoeat
1792 2862 1872 2927 Deo.
1925 2863 2016 2946 Ergo
2046 2864 2205 2946 propheta
2233 2865 2342 2949 primo

337 2945 473 3010 exitium
508 2946 739 3028 quod-meriti
772 2949 874 3011 arant.
924 2945 1084 3012 Videmus
1116 2947 1149 3012 in
1183 2967 1312 3013 summa
1364 2946 1433 3012 loeo
1456 2944 1535 3010 dioit
1555 2965 1589 3011 ee
1608 2965 1672 3012 nou
1692 2947 1874 3028 festinasse:
1902 2945 2020 3013 deinde
2046 2948 2198 3034 adiungit
2226 2971 2260 3016 sa
2279 2970 2342 3016 uon

337 3029 391 3095 hio
413 3029 605 3113 prophetam
639 3030 827 3110 ostendere,
862 3039 996 3098 ventum
1030 3053 1101 3099 esse
1135 3053 1237 3116 nsque
1270 3031 1311 3098 ad
1364 3031 1582 3114 mumpiviese,
1604 3053 1670 3096 non
1692 3033 1756 3098 alio
1777 3053 1874 3098 seusu
1897 3034 1962 3099 nisi
1984 3043 2020 3099 ut
2041 3034 2124 3100 illud
2139 3036 2246 3120 ipsum
2262 3057 2341 3103 oon·

338 3123 522 3180 extremum
546 3116 792 3200 desperationis.
838 3115 1004 3201 Sequitur,
1364 3119 1484 3183 firmet.
1529 3115 1594 3184 Sed
1617 3119 1652 3182 iu
1675 3118 1790 3202 primis
1812 3126 1981 3185 teneamus
2004 3120 2066 3186 hoo
2087 3121 2184 3188 modo
2204 3122 2342 3206 probare

1364 3203 1565 3287 impietatem
1589 3205 1710 3288 populi,
1733 3204 1931 3286 quiaDeum
1955 3205 2062 3287 ipsum
2086 3220 2260 3291 oppugnet,
2284 3207 2341 3291 qni

424 3285 474 3350 16.
504 3284 574 3370 Epo
601 3291 705 3354 eutem
733 3306 793 3354 mu
820 3286 985 3369 festinavi,
1018 3293 1054 3353 at
1080 3308 1177 3355 essem
1201 3293 1313 3372 pastor
1365 3303 1459 3354 autor
1481 3300 1551 3354 erat
1574 3291 1753 3354 voeationis
1775 3291 1889 3372 ipsius.
1934 3290 2068 3372 Quare?
2093 3291 2122 3358 si
2144 3294 2340 3377 lesdnasset,

333 3375 408 3452 port
428 3376 466 3455 te,
488 3376 516 3438 er
536 3372 620 3438 diem
641 3374 759 3440 doloris
780 3393 844 3439 uon
866 3373 1038 3455 contupivi,
1061 3378 1094 3437 tu
1111 3375 1212 3441 nosti:
1234 3376 1314 3458 qaod
1366 3374 1428 3442 hoo
1450 3384 1509 3453 est,
1539 3376 1567 3441 si
1590 3385 1800 3458 praepostero
1824 3376 1893 3440 zelo
1915 3397 1986 3443 sese
2015 3378 2219 3461 ingessisset,
2248 3387 2342 3462 pote-

338 3477 493 3541 epreuaam
515 3462 561 3526 ar
580 3479 596 3524 e
617 3458 715 3526 labiis
736 3459 823 3540 meis,
845 3478 952 3526 eorum
971 3459 1054 3540 faeie
1074 3464 1130 3525 tuo
1148 3460 1220 3542 fuit.
1364 3468 1442 3526 rant
1462 3461 1580 3526 merito
1602 3461 1716 3526 Iudaei
1738 3483 1810 3527 aum
1831 3462 1903 3544 ipso
1925 3462 2065 3546 litigare,
2095 3471 2130 3529 et
2151 3466 2285 3548 impune
2306 3463 2342 3530 id

1365 3547 1530 3613 feeissent.
1576 3545 1760 3625 Caeterum,
1791 3549 1867 3631 quia
1889 3557 2139 3631 exspeotaverat
2159 3549 2223 3616 Dei
2246 3571 2342 3617 voua-

423 3629 590 3713 Propheta
621 3628 676 3696 hio
708 3629 816 3697 Deum
851 3631 1005 3713 implorat
1038 3629 1219 3710 viudioem,
1258 3632 1313 3698 ubi
1365 3633 1507 3709 tionem,
1541 3653 1607 3697 uon
1630 3633 1692 3698 luit
1715 3633 1781 3698 illis
1803 3633 1980 3717 quidquam
2007 3635 2130 3720 negotii
2158 3657 2233 3702 oum
2256 3637 2340 3720 ipsu:

340 3712 429 3780 videt
452 3727 518 3780 tam
541 3716 741 3800 praefraotos
764 3736 833 3782 asse
856 3737 933 3782 snos
956 3717 1139 3801 populares,
1161 3729 1199 3783 ut
1221 3717 1314 3783 nulla
1364 3718 1421 3785 sed
1443 3738 1542 3801 quum
1567 3716 1631 3783 Dei
1652 3739 1749 3784 servo
1771 3717 2033 3797 adversarentur,
2057 3720 2185 3788 deteota
2207 3721 2270 3788 fuit
2287 3741 2342 3788 ee·

338 3800 464 3866 ratione
486 3803 613 3884 possint
636 3800 677 3867 ad
700 3822 813 3867 sanam
837 3816 979 3868 mentem
1008 3803 1136 3870 adduoi.
1180 3804 1314 3870 Interea
1365 3823 1437 3869 rum
1460 3804 1622 3886 impietas.
1665 3803 1731 3868 Hie
1753 3812 1863 3869 antem
1894 3807 2086 3889 praeseribit
2113 3807 2271 3874 Ieremias
2298 3808 2343 3872 le·

337 3886 473 3951 minime
496 3886 630 3952 dubium
653 3896 705 3953 est
731 3888 810 3971 quin
841 3887 1009 3972 duplioars
1040 3890 1181 3955 voluerit
1209 3899 1313 3955 terro·
1364 3911 1438 3974 gem
1474 3890 1624 3956 omnibus
1653 3889 1822 3974 prophetis
1851 3899 1884 3956 et
1912 3891 2112 3972 doetoribus,
2145 3914 2189 3958 ue
2217 3893 2342 3960 soilieet

338 3973 982 4143 :tttltlt.“sttttt‘ttttt
1001 3977 1169 4127 lilii}
1185 3976 1314 4128 thet
1365 3975 2176 4148 tutti‘ltttltdtttttd‘ttttgtt
2189 3978 2343 4130 teth

338 4145 432 4227 iungi
452 4143 587 4210 dooendi
609 4145 726 4224 offieio,
757 4145 813 4212 sed
835 4165 950 4228 parere
972 4144 1037 4211 Dei
1065 4148 1242 4214 vooutioni:
1277 4169 1314 4214 eo
1366 4149 1489 4212 oenseri
1513 4157 1657 4214 meretur
1679 4146 1846 4231 legitimus
1868 4147 1933 4213 Dei
1955 4149 2105 4216 minister
2126 4159 2160 4215 et
2182 4150 2343 4234 propheta

340 4230 368 4295 si
392 4230 523 4309 diaeret,
552 4231 822 4314 quemadmodum
844 4231 908 4297 alio
931 4231 999 4297 loeo
1022 4231 1214 4311 videbimus,
1242 4233 1314 4300 illos
1366 4244 1399 4298 et
1420 4233 1576 4300 ecelesiae
1599 4232 1720 4310 dootor,
1749 4233 1804 4316 qui
1827 4253 1895 4298 nou
1917 4233 2022 4300 fertur
2043 4235 2153 4302 earnis
2177 4256 2257 4302 suas
2279 4237 2341 4300 im-

339 4335 405 4379 non
427 4315 534 4382 fauere
556 4317 710 4382 iniuriam
733 4318 859 4383 homini
885 4318 1032 4398 mortali,
1059 4318 1116 4384 sed
1144 4319 1207 4402 ipsi
1230 4318 1312 4385 Deo.
1365 4318 1477 4402 pulsu,
1508 4339 1614 4401 neque
1635 4319 1875 4385 inoonsidsrato
1897 4319 1981 4401 zelo,
2008 4319 2065 4388 sed
2088 4322 2139 4388 oui
2161 4321 2253 4388 Dens
2276 4343 2343 4388 me·

339 4398 481 4484 Ablegat
503 4402 606 4485 igitur
627 4403 668 4468 ad
690 4401 815 4468 Deum:
843 4404 934 4486 quasi
958 4403 1088 4482 diaeret,
1117 4403 1314 4470 Contendite
1365 4426 1446 4470 num
1469 4405 1627 4488 porrexit,
1649 4412 1683 4470 et
1704 4406 1759 4488 qni
1780 4414 1916 4472 voratus
1939 4405 2098 4473 duntaxat
2113 4414 2217 4491 paret.
2250 4407 2342 4492 llrgo

339 4506 414 4552 eum
444 4484 535 4551 Deo:
569 4488 644 4570 quid
678 4488 765 4552 euim
799 4488 881 4553 mibi
912 4490 1077 4556 vobiscum
1104 4490 1226 4574 negotii
1255 4500 1313 4569 est,
1367 4491 1497 4556 initium
1520 4490 1592 4555 fieri
1615 4489 1710 4558 debet
1740 4491 1780 4556 ab
1810 4489 2011 4570 obedientia,
2043 4494 2071 4558 si
2099 4493 2251 4560 volumus
2282 4514 2343 4558 nos

339 4569 392 4638 vel
416 4572 508 4638 vobis
530 4572 682 4639 meeum?
718 4573 832 4658 Neque
855 4575 941 4641 enim
965 4597 1027 4660 ago
1049 4577 1216 4660 propriam
1240 4599 1315 4643 eau-
1365 4577 1505 4661 probare
1532 4575 1697 4660 legitimos
1727 4575 1886 4644 deuteres.
1937 4578 2011 4645 Hoo
2038 4588 2088 4646 est
2117 4600 2229 4646 unum.
2279 4578 2342 4645 Se·

340 4677 428 4735 sam,
462 4677 568 4740 neque
589 4660 724 4741 prorupi
747 4661 877 4745 proprio
900 4671 1007 4727 motu:
1039 4661 1095 4727 sed
1125 4662 1200 4744 quia
1221 4661 1315 4728 Dens
1365 4660 1473 4730 eundo
1495 4663 1565 4728 looo
1587 4661 1728 4728 ostendit
1749 4683 1813 4740 eoa,
1843 4663 1901 4746 qni
1923 4665 2031 4730 vocati
2053 4675 2132 4731 aaut
2157 4664 2199 4730 ad
2222 4685 2342 4731 munus

340 4743 486 4809 iniunxit
508 4743 588 4809 mihi
621 4745 706 4811 hano
734 4746 954 4828 provintiam,
988 4767 1119 4813 neeesse
1152 4753 1202 4812 est
1231 4749 1316 4812 mihi
1366 4746 1518 4824 dooendi,
1548 4768 1613 4812 non
1644 4749 1754 4814 ornari
1782 4756 1943 4832 potestate
1973 4751 2080 4834 regia,
2110 4760 2145 4816 ut
2174 4752 2343 4833 proferant

339 4849 464 4912 parere.
514 4828 626 4910 Quum
658 4831 759 4916 igitur
791 4839 918 4898 tanturn
953 4834 1014 4898 sim
1048 4852 1207 4918 organum
1242 4834 1314 4910 Dei,
1365 4833 1520 4917 quidquid
1545 4834 1653 4900 visum
1676 4843 1744 4915 est,
1773 4837 1830 4902 sad
1858 4856 1929 4902 esse
1958 4844 2106 4916 pastores
2127 4845 2202 4919 post
2222 4835 2341 4903 Deum

338 4911 416 4998 quid
439 4913 571 4980 taudem
594 4915 687 4982 vobis
713 4917 897 5001 eontinget,
930 4917 986 4982 ubi
1015 4920 1144 4984 lueritis
1173 4919 1314 4985 multum
1365 4919 1457 4986 Dens
1479 4918 1609 5002 quidem
1633 4919 1705 4986 vult
1727 4921 1903 5005 prophetas
1925 4941 2001 4986 snos
2023 4921 2163 5004 praeire,
2193 4932 2231 4987 ut
2252 4922 2341 4988 viam

339 4998 462 5066 rixati?
507 5001 606 5067 Oerte
628 5000 720 5068 Deus
743 5002 891 5068 ostendet
916 5024 951 5069 se
981 5005 1073 5070 vobis
1102 5025 1173 5071 esse
1199 5005 1314 5072 adver·
1367 5012 1550 5071 monstrent
1572 5004 1694 5088 reliquo
1716 5006 1853 5092 populo:
1886 5012 1920 5070 et
1948 5005 2021 5072 ideo
2048 5008 2136 5090 ipsos
2158 5016 2254 5072 ornat
2274 5029 2341 5074 nen

339 5086 478 5152 sarium:
513 5087 703 5170 poteritisne
728 5086 823 5153 illurn
847 5088 1000 5155 vinoere?
1044 5089 1141 5157 Nuno
1167 5099 1316 5158 tenemus
1366 5091 1495 5176 vulgari
1518 5089 1686 5175 dignitate.
1721 5091 1805 5158 Vult
1826 5092 1913 5156 enim
1937 5111 2006 5158 esse
2027 5094 2134 5176 oapita
2156 5092 2209 5159 vel
2232 5093 2340 5171 dnoee,

339 5171 518 5254 prophetae
541 5173 724 5240 eonsilium.
767 5172 925 5240 Diximus
946 5185 1056 5241 antem
1079 5175 1156 5242 alibi
1178 5175 1315 5261 prophe·
1368 5176 1419 5244 vel
1441 5177 1692 5262 antesignanos:
1718 5178 1775 5244 sad
1799 5186 1909 5242 tamen
1932 5177 2005 5243 vult
2025 5198 2152 5263 semper
2173 5179 2245 5262 ipse
2266 5201 2341 5263 gra·

339 5272 407 5322 tarn
430 5256 470 5322 sd
492 5256 602 5324 Deum
626 5262 818 5345 confugere,
847 5259 904 5326 ubi
934 5260 1026 5326 nulla
1054 5270 1105 5326 eat
1135 5263 1170 5328 in
1193 5261 1315 5329 mundo
1368 5261 1447 5328 dum
1475 5285 1571 5330 suum
1602 5273 1722 5331 tenere.
1770 5263 1861 5346 Ergo
1888 5282 1984 5328 nemo
2013 5284 2157 5347 unquam
2187 5265 2342 5332 eoelesias

338 5343 494 5426 aequitas,
517 5345 581 5410 imo
604 5345 660 5410 ubi
682 5367 794 5412 omnes
816 5345 906 5411 surdi
929 5355 1016 5426 sunt,
1038 5354 1071 5412 et
1088 5347 1135 5412 ita
1149 5347 1315 5415 exoaeoati
1367 5345 1433 5414 Dei
1465 5349 1512 5416 sio
1543 5350 1701 5434 praefuit,
1733 5357 1769 5412 ut
1801 5357 1888 5414 esset
1921 5369 2069 5416 summus
2103 5359 2231 5434 pastor:
2265 5351 2342 5434 quia
