<?xml version="1.0" encoding="UTF-8"?>
<!DOCTYPE html PUBLIC "-//W3C//DTD XHTML 1.0 Transitional//EN"
    "http://www.w3.org/TR/xhtml1/DTD/xhtml1-transitional.dtd">
<html xmlns="http://www.w3.org/1999/xhtml" xml:lang="en" lang="en">
 <head>
  <title>
</title>
<meta http-equiv="Content-Type" content="text/html;charset=utf-8" />
  <meta name='ocr-system' content='tesseract 3.04.00' />
  <meta name='ocr-capabilities' content='ocr_page ocr_carea ocr_par ocr_line ocrx_word'/>
</head>
<body>
  <div class='ocr_page' id='page_1' title='image "./corpusreformato14melagoog_0280.png"; bbox 0 0 5158 6124; ppageno 0'>
   <div class='ocr_carea' id='block_1_1' title="bbox 212 427 2213 496">
    <p class='ocr_par' dir='ltr' id='par_1_1' title="bbox 212 427 2213 496">
     <span class='ocr_line' id='line_1_1' title="bbox 212 427 2213 496; baseline -0.001 0"><span class='ocrx_word' id='word_1_1' title='bbox 212 430 276 496; x_wconf 75' lang='grc'><strong>529</strong></span> <span class='ocrx_word' id='word_1_2' title='bbox 906 430 954 496; x_wconf 84' lang='grc' dir='ltr'><strong>ΙΝ</strong></span> <span class='ocrx_word' id='word_1_3' title='bbox 976 429 1225 496; x_wconf 71' lang='lat' dir='ltr'><strong>latentem.</strong></span> <span class='ocrx_word' id='word_1_4' title='bbox 1270 427 1370 496; x_wconf 86' lang='grc' dir='ltr'><strong>ΟΔΡ.</strong></span> <span class='ocrx_word' id='word_1_5' title='bbox 1394 427 1523 495; x_wconf 87' lang='lat' dir='ltr'>XXVI.</span> <span class='ocrx_word' id='word_1_6' title='bbox 2148 428 2213 494; x_wconf 81' lang='lat'><strong>530</strong></span> 
     </span>
    </p>
   </div>
   <div class='ocr_carea' id='block_1_2' title="bbox 206 615 2212 5402">
    <p class='ocr_par' dir='ltr' id='par_1_2' title="bbox 210 615 2212 1044">
     <span class='ocr_line' id='line_1_2' title="bbox 298 615 2212 708; baseline -0.001 -26"><span class='ocrx_word' id='word_1_7' title='bbox 298 617 349 682; x_wconf 81' lang='lat'><strong>19.</strong></span> <span class='ocrx_word' id='word_1_8' title='bbox 371 617 427 682; x_wconf 81' lang='lat' dir='ltr'><strong>Aa</strong></span> <span class='ocrx_word' id='word_1_9' title='bbox 456 617 619 684; x_wconf 80' lang='lat' dir='ltr'><strong>ooeidertclo</strong></span> <span class='ocrx_word' id='word_1_10' title='bbox 647 618 757 684; x_wconf 71' lang='lat' dir='ltr'><strong>naida</strong></span> <span class='ocrx_word' id='word_1_11' title='bbox 783 638 852 684; x_wconf 81' lang='lat' dir='ltr'><strong>eam</strong></span> <span class='ocrx_word' id='word_1_12' title='bbox 875 617 1029 684; x_wconf 79' lang='lat' dir='ltr'><strong>Bembina</strong></span> <span class='ocrx_word' id='word_1_13' title='bbox 1057 639 1114 684; x_wconf 77' lang='lat' dir='ltr'><strong>rea</strong></span> <span class='ocrx_word' id='word_1_14' title='bbox 1134 617 1185 683; x_wconf 90' lang='lat' dir='ltr'><strong>Ie·</strong></span> <span class='ocrx_word' id='word_1_15' title='bbox 1210 628 1214 708; x_wconf 59' lang='grc' dir='ltr'>ζ</span> <span class='ocrx_word' id='word_1_16' title='bbox 1237 627 1347 683; x_wconf 91' lang='lat' dir='ltr'><strong>oerent</strong></span> <span class='ocrx_word' id='word_1_17' title='bbox 1369 638 1482 683; x_wconf 85' lang='lat' dir='ltr'><strong>omnes</strong></span> <span class='ocrx_word' id='word_1_18' title='bbox 1504 615 1611 681; x_wconf 92' lang='lat' dir='ltr'><strong>minas</strong></span> <span class='ocrx_word' id='word_1_19' title='bbox 1631 615 1852 701; x_wconf 89' lang='lat' dir='ltr'><strong>prophetieas:</strong></span> <span class='ocrx_word' id='word_1_20' title='bbox 1876 618 2029 700; x_wconf 90' lang='lat' dir='ltr'><strong>quoniam</strong></span> <span class='ocrx_word' id='word_1_21' title='bbox 2050 615 2212 700; x_wconf 85' lang='lat' dir='ltr'><strong>putabant</strong></span> 
     </span>
     <span class='ocr_line' id='line_1_3' title="bbox 210 700 2210 787; baseline 0 -19"><span class='ocrx_word' id='word_1_22' title='bbox 210 702 326 787; x_wconf 75' lang='lat' dir='ltr'><strong>badula,</strong></span> <span class='ocrx_word' id='word_1_23' title='bbox 363 707 391 768; x_wconf 82' lang='lat' dir='ltr'><strong>el</strong></span> <span class='ocrx_word' id='word_1_24' title='bbox 426 707 507 768; x_wconf 77' lang='lat' dir='ltr'><strong>orer</strong></span> <span class='ocrx_word' id='word_1_25' title='bbox 535 703 704 769; x_wconf 81' lang='lat' dir='ltr'><strong>Ielmdab?</strong></span> <span class='ocrx_word' id='word_1_26' title='bbox 742 723 845 770; x_wconf 82' lang='lat' dir='ltr'><strong>aaron</strong></span> <span class='ocrx_word' id='word_1_27' title='bbox 871 704 975 768; x_wconf 69' lang='lat' dir='ltr'><strong>limati</strong></span> <span class='ocrx_word' id='word_1_28' title='bbox 1011 703 1184 770; x_wconf 80' lang='lat' dir='ltr'><strong>Ieltooom?</strong></span> <span class='ocrx_word' id='word_1_29' title='bbox 1236 702 1345 768; x_wconf 90' lang='lat' dir='ltr'><strong>Deum</strong></span> <span class='ocrx_word' id='word_1_30' title='bbox 1374 703 1435 768; x_wconf 92' lang='lat' dir='ltr'><strong>sibi</strong></span> <span class='ocrx_word' id='word_1_31' title='bbox 1459 723 1529 768; x_wconf 88' lang='lat' dir='ltr'><strong>esse</strong></span> <span class='ocrx_word' id='word_1_32' title='bbox 1552 704 1753 768; x_wconf 90' lang='lat' dir='ltr'><strong>obstrietnm.</strong></span> <span class='ocrx_word' id='word_1_33' title='bbox 1798 700 1949 768; x_wconf 77' lang='lat' dir='ltr'><strong>Sciamus</strong></span> <span class='ocrx_word' id='word_1_34' title='bbox 1971 710 2081 768; x_wconf 89' lang='lat' dir='ltr'><strong>antem</strong></span> <span class='ocrx_word' id='word_1_35' title='bbox 2103 703 2150 787; x_wconf 79' lang='lat' dir='ltr'><strong>by</strong></span> <span class='ocrx_word' id='word_1_36' title='bbox 2175 723 2210 768; x_wconf 91' lang='lat' dir='ltr'><strong>o·</strong></span> 
     </span>
     <span class='ocr_line' id='line_1_4' title="bbox 211 787 2210 872; baseline -0.001 -17"><span class='ocrx_word' id='word_1_37' title='bbox 211 789 441 871; x_wconf 63' lang='lat' dir='ltr'><strong>amarentur</strong></span> <span class='ocrx_word' id='word_1_38' title='bbox 462 794 507 854; x_wconf 74' lang='lat' dir='ltr'><strong>ar</strong></span> <span class='ocrx_word' id='word_1_39' title='bbox 521 789 636 872; x_wconf 75' lang='lat' dir='ltr'><strong>faelem</strong></span> <span class='ocrx_word' id='word_1_40' title='bbox 654 788 797 872; x_wconf 77' lang='lat' dir='ltr'><strong>Iebouue,</strong></span> <span class='ocrx_word' id='word_1_41' title='bbox 820 789 1019 872; x_wconf 67' lang='lat' dir='ltr'><strong>epotaret</strong></span> <span class='ocrx_word' id='word_1_42' title='bbox 1039 789 1185 855; x_wconf 75' lang='lat' dir='ltr'><strong>Ieltovom</strong></span> <span class='ocrx_word' id='word_1_43' title='bbox 1236 789 1335 854; x_wconf 85' lang='lat' dir='ltr'><strong>oritas</strong></span> <span class='ocrx_word' id='word_1_44' title='bbox 1367 809 1496 872; x_wconf 89' lang='lat' dir='ltr'><strong>semper</strong></span> <span class='ocrx_word' id='word_1_45' title='bbox 1528 789 1665 854; x_wconf 88' lang='lat' dir='ltr'><strong>eonfieos</strong></span> <span class='ocrx_word' id='word_1_46' title='bbox 1688 788 1787 853; x_wconf 84' lang='lat' dir='ltr'><strong>fuisse</strong></span> <span class='ocrx_word' id='word_1_47' title='bbox 1810 787 2023 870; x_wconf 80' lang='lat' dir='ltr'>promissione</span> <span class='ocrx_word' id='word_1_48' title='bbox 2044 787 2110 867; x_wconf 88' lang='lat' dir='ltr'><strong>illa,</strong></span> <span class='ocrx_word' id='word_1_49' title='bbox 2180 788 2210 854; x_wconf 92' lang='lat' dir='ltr'><strong>io</strong></span> 
     </span>
     <span class='ocr_line' id='line_1_5' title="bbox 210 873 2209 958; baseline -0.001 -18"><span class='ocrx_word' id='word_1_50' title='bbox 210 874 298 955; x_wconf 67' lang='lat' dir='ltr'><strong>mab,</strong></span> <span class='ocrx_word' id='word_1_51' title='bbox 319 874 400 956; x_wconf 79' lang='lat' dir='ltr'><strong>quod</strong></span> <span class='ocrx_word' id='word_1_52' title='bbox 422 873 568 954; x_wconf 73' lang='lat' dir='ltr'><strong>loquetae</strong></span> <span class='ocrx_word' id='word_1_53' title='bbox 586 874 693 956; x_wconf 75' lang='lat' dir='ltr'><strong>fuerat</strong></span> <span class='ocrx_word' id='word_1_54' title='bbox 713 879 821 940; x_wconf 68' lang='lat' dir='ltr'><strong>corbo</strong></span> <span class='ocrx_word' id='word_1_55' title='bbox 842 895 903 955; x_wconf 85' lang='lat' dir='ltr'><strong>eoa,</strong></span> <span class='ocrx_word' id='word_1_56' title='bbox 924 880 953 940; x_wconf 86' lang='lat' dir='ltr'><strong>et</strong></span> <span class='ocrx_word' id='word_1_57' title='bbox 974 895 1029 942; x_wconf 83' lang='lat' dir='ltr'><strong>aaa</strong></span> <span class='ocrx_word' id='word_1_58' title='bbox 1049 875 1186 958; x_wconf 75' lang='lat' dir='ltr'><strong>sacimas</strong></span> <span class='ocrx_word' id='word_1_59' title='bbox 1237 873 1408 939; x_wconf 75' lang='lat' dir='ltr'><strong>habitabo:</strong></span> <span class='ocrx_word' id='word_1_60' title='bbox 1441 886 1475 938; x_wconf 90' lang='lat' dir='ltr'><strong>et</strong></span> <span class='ocrx_word' id='word_1_61' title='bbox 1507 884 1641 940; x_wconf 89' lang='lat' dir='ltr'><strong>sumunt</strong></span> <span class='ocrx_word' id='word_1_62' title='bbox 1675 873 1774 939; x_wconf 87' lang='lat' dir='ltr'><strong>etiam</strong></span> <span class='ocrx_word' id='word_1_63' title='bbox 1807 893 1845 939; x_wconf 90' lang='lat' dir='ltr'><strong>ao</strong></span> <span class='ocrx_word' id='word_1_64' title='bbox 1878 881 2073 938; x_wconf 70' lang='lat' dir='ltr'><strong>mutuantur</strong></span> <span class='ocrx_word' id='word_1_65' title='bbox 2107 874 2209 940; x_wconf 88' lang='lat' dir='ltr'><strong>verba</strong></span> 
     </span>
     <span class='ocr_line' id='line_1_6' title="bbox 210 958 2209 1044; baseline 0 -18"><span class='ocrx_word' id='word_1_66' title='bbox 210 960 329 1026; x_wconf 72' lang='lat' dir='ltr'><strong>radam</strong></span> <span class='ocrx_word' id='word_1_67' title='bbox 348 959 467 1044; x_wconf 79' lang='lat' dir='ltr'><strong>pronde</strong></span> <span class='ocrx_word' id='word_1_68' title='bbox 487 961 642 1026; x_wconf 70' lang='lat' dir='ltr'><strong>edomate</strong></span> <span class='ocrx_word' id='word_1_69' title='bbox 662 961 787 1026; x_wconf 73' lang='lat' dir='ltr'><strong>aetnae</strong></span> <span class='ocrx_word' id='word_1_70' title='bbox 808 965 942 1026; x_wconf 65' lang='lat' dir='ltr'><strong>meaos.</strong></span> <span class='ocrx_word' id='word_1_71' title='bbox 1237 961 1329 1041; x_wconf 88' lang='lat' dir='ltr'><strong>qnasi</strong></span> <span class='ocrx_word' id='word_1_72' title='bbox 1355 981 1399 1024; x_wconf 88' lang='lat' dir='ltr'><strong>ex</strong></span> <span class='ocrx_word' id='word_1_73' title='bbox 1420 981 1476 1025; x_wconf 91' lang='lat' dir='ltr'><strong>ore</strong></span> <span class='ocrx_word' id='word_1_74' title='bbox 1498 959 1570 1035; x_wconf 90' lang='lat' dir='ltr'><strong>Dei,</strong></span> <span class='ocrx_word' id='word_1_75' title='bbox 1602 958 1657 1024; x_wconf 88' lang='lat' dir='ltr'><strong>sed</strong></span> <span class='ocrx_word' id='word_1_76' title='bbox 1682 966 1876 1041; x_wconf 91' lang='lat' dir='ltr'><strong>pervertunt</strong></span> <span class='ocrx_word' id='word_1_77' title='bbox 1897 974 1934 1023; x_wconf 87' lang='lat' dir='ltr'><strong>ut</strong></span> <span class='ocrx_word' id='word_1_78' title='bbox 1956 958 2089 1040; x_wconf 80' lang='lat' dir='ltr'><strong>falsarii,</strong></span> <span class='ocrx_word' id='word_1_79' title='bbox 2119 959 2209 1026; x_wconf 90' lang='lat' dir='ltr'><strong>Deus</strong></span> 
     </span>
    </p>

    <p class='ocr_par' dir='ltr' id='par_1_3' title="bbox 1236 1044 2209 1128">
     <span class='ocr_line' id='line_1_7' title="bbox 1236 1044 2209 1128; baseline -0.002 -18"><span class='ocrx_word' id='word_1_80' title='bbox 1236 1044 1358 1110; x_wconf 89' lang='lat' dir='ltr'><strong>residet</strong></span> <span class='ocrx_word' id='word_1_81' title='bbox 1378 1047 1414 1110; x_wconf 93' lang='lat' dir='ltr'><strong>in</strong></span> <span class='ocrx_word' id='word_1_82' title='bbox 1437 1045 1543 1110; x_wconf 90' lang='lat' dir='ltr'><strong>medio</strong></span> <span class='ocrx_word' id='word_1_83' title='bbox 1566 1044 1684 1110; x_wconf 89' lang='lat' dir='ltr'><strong>nostri:</strong></span> <span class='ocrx_word' id='word_1_84' title='bbox 1708 1064 1773 1109; x_wconf 92' lang='lat' dir='ltr'><strong>non</strong></span> <span class='ocrx_word' id='word_1_85' title='bbox 1814 1054 1899 1109; x_wconf 89' lang='lat' dir='ltr'><strong>otest</strong></span> <span class='ocrx_word' id='word_1_86' title='bbox 1913 1045 2016 1128; x_wconf 81' lang='lat' dir='ltr'><strong>igitur</strong></span> <span class='ocrx_word' id='word_1_87' title='bbox 2030 1044 2209 1128; x_wconf 91' lang='lat' dir='ltr'><strong>quidquam</strong></span> 
     </span>
    </p>

    <p class='ocr_par' dir='ltr' id='par_1_4' title="bbox 206 1129 2210 5402">
     <span class='ocr_line' id='line_1_8' title="bbox 296 1129 2210 1214; baseline 0.001 -20"><span class='ocrx_word' id='word_1_88' title='bbox 296 1130 463 1196; x_wconf 91' lang='lat' dir='ltr'><strong>Inoertum</strong></span> <span class='ocrx_word' id='word_1_89' title='bbox 501 1140 551 1194; x_wconf 96' lang='grc' dir='ltr'><strong>εει</strong></span> <span class='ocrx_word' id='word_1_90' title='bbox 591 1148 632 1194; x_wconf 81' lang='lat' dir='ltr'><strong>vn</strong></span> <span class='ocrx_word' id='word_1_91' title='bbox 673 1150 757 1212; x_wconf 89' lang='lat' dir='ltr'><strong>quae</strong></span> <span class='ocrx_word' id='word_1_92' title='bbox 799 1129 852 1194; x_wconf 91' lang='lat' dir='ltr'><strong>hie</strong></span> <span class='ocrx_word' id='word_1_93' title='bbox 885 1130 1066 1195; x_wconf 82' lang='lat' dir='ltr'><strong>renitantur</strong></span> <span class='ocrx_word' id='word_1_94' title='bbox 1099 1129 1186 1194; x_wconf 89' lang='lat' dir='ltr'><strong>dieta</strong></span> <span class='ocrx_word' id='word_1_95' title='bbox 1237 1130 1367 1196; x_wconf 88' lang='lat' dir='ltr'><strong>adversi</strong></span> <span class='ocrx_word' id='word_1_96' title='bbox 1406 1131 1499 1196; x_wconf 85' lang='lat' dir='ltr'><strong>nobis</strong></span> <span class='ocrx_word' id='word_1_97' title='bbox 1531 1131 1731 1214; x_wconf 82' lang='lat' dir='ltr'><strong>eontingere.</strong></span> <span class='ocrx_word' id='word_1_98' title='bbox 1818 1129 1874 1194; x_wconf 86' lang='lat' dir='ltr'><strong>leit</strong></span> <span class='ocrx_word' id='word_1_99' title='bbox 1908 1141 2016 1194; x_wconf 88' lang='lat' dir='ltr'><strong>autem</strong></span> <span class='ocrx_word' id='word_1_100' title='bbox 2050 1131 2210 1214; x_wconf 90' lang='lat' dir='ltr'><strong>propheta</strong></span> 
     </span>
     <span class='ocr_line' id='line_1_9' title="bbox 212 1214 2210 1300; baseline -0.001 -19"><span class='ocrx_word' id='word_1_101' title='bbox 212 1216 335 1281; x_wconf 87' lang='lat' dir='ltr'><strong>luerint</strong></span> <span class='ocrx_word' id='word_1_102' title='bbox 352 1227 429 1280; x_wconf 89' lang='lat' dir='ltr'><strong>ante</strong></span> <span class='ocrx_word' id='word_1_103' title='bbox 445 1214 681 1281; x_wconf 87' lang='lat' dir='ltr'><strong>absolutionem</strong></span> <span class='ocrx_word' id='word_1_104' title='bbox 701 1214 870 1280; x_wconf 88' lang='lat' dir='ltr'><strong>Ieremias.</strong></span> <span class='ocrx_word' id='word_1_105' title='bbox 905 1215 1078 1298; x_wconf 83' lang='lat' dir='ltr'><strong>Soriptora</strong></span> <span class='ocrx_word' id='word_1_106' title='bbox 1096 1216 1185 1278; x_wconf 90' lang='lat' dir='ltr'><strong>enim</strong></span> <span class='ocrx_word' id='word_1_107' title='bbox 1236 1215 1364 1299; x_wconf 86' lang='lat' dir='ltr'><strong>(eadem</strong></span> <span class='ocrx_word' id='word_1_108' title='bbox 1386 1224 1465 1281; x_wconf 91' lang='lat' dir='ltr'><strong>sunt</strong></span> <span class='ocrx_word' id='word_1_109' title='bbox 1487 1216 1587 1281; x_wconf 90' lang='lat' dir='ltr'><strong>verba</strong></span> <span class='ocrx_word' id='word_1_110' title='bbox 1607 1236 1689 1298; x_wconf 89' lang='lat' dir='ltr'><strong>quae</strong></span> <span class='ocrx_word' id='word_1_111' title='bbox 1711 1234 1800 1280; x_wconf 92' lang='lat' dir='ltr'><strong>nune</strong></span> <span class='ocrx_word' id='word_1_112' title='bbox 1821 1215 2044 1300; x_wconf 90' lang='lat' dir='ltr'><strong>reeitavimus)</strong></span> <span class='ocrx_word' id='word_1_113' title='bbox 2075 1214 2210 1298; x_wconf 76' lang='lat' dir='ltr'><strong><em>Propter</em></strong></span> 
     </span>
     <span class='ocr_line' id='line_1_10' title="bbox 210 1299 2210 1385; baseline -0.001 -19"><span class='ocrx_word' id='word_1_114' title='bbox 210 1323 277 1366; x_wconf 92' lang='lat' dir='ltr'><strong>non</strong></span> <span class='ocrx_word' id='word_1_115' title='bbox 305 1321 434 1382; x_wconf 87' lang='lat' dir='ltr'><strong>semper</strong></span> <span class='ocrx_word' id='word_1_116' title='bbox 462 1300 590 1366; x_wconf 89' lang='lat' dir='ltr'><strong>auriose</strong></span> <span class='ocrx_word' id='word_1_117' title='bbox 616 1309 727 1365; x_wconf 89' lang='lat' dir='ltr'><strong>servat</strong></span> <span class='ocrx_word' id='word_1_118' title='bbox 755 1299 901 1366; x_wconf 91' lang='lat' dir='ltr'><strong>ordinem</strong></span> <span class='ocrx_word' id='word_1_119' title='bbox 932 1303 965 1365; x_wconf 92' lang='lat' dir='ltr'><strong>in</strong></span> <span class='ocrx_word' id='word_1_120' title='bbox 989 1300 1086 1366; x_wconf 90' lang='lat' dir='ltr'><strong>rebus</strong></span> <span class='ocrx_word' id='word_1_121' title='bbox 1110 1321 1184 1365; x_wconf 88' lang='lat' dir='ltr'><strong>nar·</strong></span> <span class='ocrx_word' id='word_1_122' title='bbox 1235 1321 1288 1366; x_wconf 85' lang='lat' dir='ltr'><strong>voe</strong></span> <span class='ocrx_word' id='word_1_123' title='bbox 1318 1301 1395 1366; x_wconf 80' lang='lat' dir='ltr'><strong>Sion</strong></span> <span class='ocrx_word' id='word_1_124' title='bbox 1425 1307 1459 1366; x_wconf 84' lang='lat' dir='ltr'><strong>al</strong></span> <span class='ocrx_word' id='word_1_125' title='bbox 1487 1322 1563 1385; x_wconf 78' lang='lat' dir='ltr'><strong>aper</strong></span> <span class='ocrx_word' id='word_1_126' title='bbox 1589 1300 1748 1367; x_wconf 78' lang='lat' dir='ltr'><strong>arabs&#39;tar:</strong></span> <span class='ocrx_word' id='word_1_127' title='bbox 1777 1299 2001 1366; x_wconf 70' lang='lat' dir='ltr'><strong>ateramum</strong></span> <span class='ocrx_word' id='word_1_128' title='bbox 2028 1302 2063 1366; x_wconf 82' lang='lat' dir='ltr'><strong>ira</strong></span> <span class='ocrx_word' id='word_1_129' title='bbox 2084 1319 2210 1368; x_wconf 72' lang='lat' dir='ltr'><strong>aemon</strong></span> 
     </span>
     <span class='ocr_line' id='line_1_11' title="bbox 210 1385 2209 1470; baseline 0 -18"><span class='ocrx_word' id='word_1_130' title='bbox 210 1385 338 1452; x_wconf 86' lang='lat' dir='ltr'><strong>randis:</strong></span> <span class='ocrx_word' id='word_1_131' title='bbox 372 1395 406 1451; x_wconf 91' lang='lat' dir='ltr'><strong>st</strong></span> <span class='ocrx_word' id='word_1_132' title='bbox 434 1393 543 1450; x_wconf 89' lang='lat' dir='ltr'><strong>tamen</strong></span> <span class='ocrx_word' id='word_1_133' title='bbox 573 1386 738 1468; x_wconf 79' lang='lat' dir='ltr'>probabile</span> <span class='ocrx_word' id='word_1_134' title='bbox 766 1399 830 1464; x_wconf 89' lang='lat' dir='ltr'><strong>est,</strong></span> <span class='ocrx_word' id='word_1_135' title='bbox 864 1407 964 1469; x_wconf 92' lang='lat' dir='ltr'><strong>quum</strong></span> <span class='ocrx_word' id='word_1_136' title='bbox 995 1386 1102 1451; x_wconf 90' lang='lat' dir='ltr'><strong>adhue</strong></span> <span class='ocrx_word' id='word_1_137' title='bbox 1131 1385 1185 1450; x_wconf 93' lang='lat' dir='ltr'><strong>de·</strong></span> <span class='ocrx_word' id='word_1_138' title='bbox 1236 1387 1304 1466; x_wconf 86' lang='lat' dir='ltr'><strong>erit,</strong></span> <span class='ocrx_word' id='word_1_139' title='bbox 1337 1393 1364 1451; x_wconf 85' lang='lat' dir='ltr'><strong>et</strong></span> <span class='ocrx_word' id='word_1_140' title='bbox 1393 1407 1482 1452; x_wconf 82' lang='lat' dir='ltr'><strong>morte</strong></span> <span class='ocrx_word' id='word_1_141' title='bbox 1508 1387 1618 1452; x_wconf 62' lang='lat' dir='ltr'><strong>motae</strong></span> <span class='ocrx_word' id='word_1_142' title='bbox 1640 1386 1735 1452; x_wconf 75' lang='lat' dir='ltr'><strong>baites</strong></span> <span class='ocrx_word' id='word_1_143' title='bbox 1756 1387 1791 1450; x_wconf 85' lang='lat' dir='ltr'><strong>ia</strong></span> <span class='ocrx_word' id='word_1_144' title='bbox 1811 1385 1930 1452; x_wconf 69' lang='lat' dir='ltr'><strong>eneae</strong></span> <span class='ocrx_word' id='word_1_145' title='bbox 1951 1385 2067 1470; x_wconf 78' lang='lat' dir='ltr'><strong><em>sylvae.</em></strong></span> <span class='ocrx_word' id='word_1_146' title='bbox 2113 1386 2209 1452; x_wconf 89' lang='lat' dir='ltr'><strong>Nune</strong></span> 
     </span>
     <span class='ocr_line' id='line_1_12' title="bbox 210 1469 2210 1556; baseline 0.001 -20"><span class='ocrx_word' id='word_1_147' title='bbox 210 1472 396 1550; x_wconf 85' lang='lat' dir='ltr'><strong>liberarent,</strong></span> <span class='ocrx_word' id='word_1_148' title='bbox 425 1469 563 1538; x_wconf 85' lang='lat' dir='ltr'><strong>nendum</strong></span> <span class='ocrx_word' id='word_1_149' title='bbox 585 1473 665 1535; x_wconf 91' lang='lat' dir='ltr'><strong>satis</strong></span> <span class='ocrx_word' id='word_1_150' title='bbox 687 1473 792 1555; x_wconf 85' lang='lat' dir='ltr'><strong>paoati</strong></span> <span class='ocrx_word' id='word_1_151' title='bbox 815 1483 924 1536; x_wconf 81' lang='lat' dir='ltr'><strong>essem</strong></span> <span class='ocrx_word' id='word_1_152' title='bbox 945 1471 1049 1554; x_wconf 88' lang='lat' dir='ltr'><strong>plebis</strong></span> <span class='ocrx_word' id='word_1_153' title='bbox 1072 1471 1183 1545; x_wconf 91' lang='lat' dir='ltr'><strong>animi,</strong></span> <span class='ocrx_word' id='word_1_154' title='bbox 1236 1472 1366 1556; x_wconf 79' lang='lat' dir='ltr'><strong>singula</strong></span> <span class='ocrx_word' id='word_1_155' title='bbox 1387 1471 1630 1554; x_wconf 73' lang='lat' dir='ltr'><strong>expendamus:</strong></span> <span class='ocrx_word' id='word_1_156' title='bbox 1660 1473 1764 1555; x_wconf 91' lang='lat' dir='ltr'><strong>primo</strong></span> <span class='ocrx_word' id='word_1_157' title='bbox 1787 1470 1906 1537; x_wconf 89' lang='lat' dir='ltr'><strong>dieitur</strong></span> <span class='ocrx_word' id='word_1_158' title='bbox 1927 1473 2210 1537; x_wconf 67' lang='lat' dir='ltr'><strong>mmeramme</strong></span> 
     </span>
     <span class='ocr_line' id='line_1_13' title="bbox 210 1556 2209 1640; baseline -0.001 -18"><span class='ocrx_word' id='word_1_159' title='bbox 210 1557 356 1623; x_wconf 87' lang='lat' dir='ltr'><strong>seniores</strong></span> <span class='ocrx_word' id='word_1_160' title='bbox 384 1556 618 1638; x_wconf 74' lang='lat' dir='ltr'><strong>interposuisse</strong></span> <span class='ocrx_word' id='word_1_161' title='bbox 644 1556 731 1621; x_wconf 90' lang='lat' dir='ltr'><strong>buno</strong></span> <span class='ocrx_word' id='word_1_162' title='bbox 753 1577 946 1634; x_wconf 90' lang='lat' dir='ltr'><strong>sermonem,</strong></span> <span class='ocrx_word' id='word_1_163' title='bbox 975 1568 1012 1622; x_wconf 91' lang='lat' dir='ltr'><strong>ut</strong></span> <span class='ocrx_word' id='word_1_164' title='bbox 1033 1556 1184 1623; x_wconf 88' lang='lat' dir='ltr'><strong>sedarent</strong></span> <span class='ocrx_word' id='word_1_165' title='bbox 1235 1578 1273 1622; x_wconf 80' lang='lat' dir='ltr'><strong>ea</strong></span> <span class='ocrx_word' id='word_1_166' title='bbox 1291 1558 1407 1640; x_wconf 86' lang='lat' dir='ltr'><strong>populo</strong></span> <span class='ocrx_word' id='word_1_167' title='bbox 1429 1579 1466 1623; x_wconf 79' lang='lat' dir='ltr'><strong>ee</strong></span> <span class='ocrx_word' id='word_1_168' title='bbox 1487 1562 1582 1622; x_wconf 79' lang='lat' dir='ltr'><strong>terra.</strong></span> <span class='ocrx_word' id='word_1_169' title='bbox 1618 1557 1732 1640; x_wconf 89' lang='lat' dir='ltr'><strong>Itaque</strong></span> <span class='ocrx_word' id='word_1_170' title='bbox 1754 1556 1920 1640; x_wconf 79' lang='lat' dir='ltr'><strong>probabile</strong></span> <span class='ocrx_word' id='word_1_171' title='bbox 1942 1567 1994 1622; x_wconf 91' lang='lat' dir='ltr'><strong>est</strong></span> <span class='ocrx_word' id='word_1_172' title='bbox 2015 1578 2081 1622; x_wconf 95' lang='lat' dir='ltr'><strong>non</strong></span> <span class='ocrx_word' id='word_1_173' title='bbox 2101 1557 2209 1623; x_wconf 88' lang='lat' dir='ltr'><strong>voeari</strong></span> 
     </span>
     <span class='ocr_line' id='line_1_14' title="bbox 209 1642 2208 1726; baseline -0.001 -18"><span class='ocrx_word' id='word_1_174' title='bbox 209 1664 322 1708; x_wconf 87' lang='lat' dir='ltr'><strong>omues</strong></span> <span class='ocrx_word' id='word_1_175' title='bbox 352 1644 475 1719; x_wconf 87' lang='lat' dir='ltr'><strong>turbas,</strong></span> <span class='ocrx_word' id='word_1_176' title='bbox 503 1654 537 1707; x_wconf 91' lang='lat' dir='ltr'><strong>et</strong></span> <span class='ocrx_word' id='word_1_177' title='bbox 564 1643 753 1725; x_wconf 86' lang='lat' dir='ltr'><strong>mitigarent</strong></span> <span class='ocrx_word' id='word_1_178' title='bbox 780 1643 881 1708; x_wconf 86' lang='lat' dir='ltr'><strong>iratos</strong></span> <span class='ocrx_word' id='word_1_179' title='bbox 909 1643 1045 1719; x_wconf 88' lang='lat' dir='ltr'><strong>animos,</strong></span> <span class='ocrx_word' id='word_1_180' title='bbox 1076 1664 1114 1710; x_wconf 90' lang='lat' dir='ltr'><strong>ae</strong></span> <span class='ocrx_word' id='word_1_181' title='bbox 1136 1662 1184 1706; x_wconf 89' lang='lat' dir='ltr'><strong>re-</strong></span> <span class='ocrx_word' id='word_1_182' title='bbox 1235 1663 1344 1722; x_wconf 89' lang='lat' dir='ltr'><strong>sones,</strong></span> <span class='ocrx_word' id='word_1_183' title='bbox 1375 1655 1410 1707; x_wconf 90' lang='lat' dir='ltr'><strong>ut</strong></span> <span class='ocrx_word' id='word_1_184' title='bbox 1442 1643 1514 1708; x_wconf 90' lang='lat' dir='ltr'><strong>aliis</strong></span> <span class='ocrx_word' id='word_1_185' title='bbox 1544 1643 1765 1726; x_wconf 87' lang='lat' dir='ltr'><strong>eomplaribue</strong></span> <span class='ocrx_word' id='word_1_186' title='bbox 1794 1642 1889 1720; x_wconf 89' lang='lat' dir='ltr'><strong>loeis,</strong></span> <span class='ocrx_word' id='word_1_187' title='bbox 1920 1643 2017 1708; x_wconf 83' lang='lat' dir='ltr'><strong>olfioii</strong></span> <span class='ocrx_word' id='word_1_188' title='bbox 2048 1651 2208 1726; x_wconf 89' lang='lat' dir='ltr'><strong>respeetu,</strong></span> 
     </span>
     <span class='ocr_line' id='line_1_15' title="bbox 210 1726 2209 1812; baseline -0.002 -17"><span class='ocrx_word' id='word_1_189' title='bbox 210 1728 423 1795; x_wconf 89' lang='lat' dir='ltr'><strong>eoueiliarent</strong></span> <span class='ocrx_word' id='word_1_190' title='bbox 454 1726 628 1803; x_wconf 85' lang='lat' dir='ltr'><strong>Ieremias,</strong></span> <span class='ocrx_word' id='word_1_191' title='bbox 670 1729 723 1810; x_wconf 91' lang='lat' dir='ltr'><strong>qui</strong></span> <span class='ocrx_word' id='word_1_192' title='bbox 763 1729 855 1810; x_wconf 90' lang='lat' dir='ltr'><strong>prius</strong></span> <span class='ocrx_word' id='word_1_193' title='bbox 895 1727 993 1792; x_wconf 88' lang='lat' dir='ltr'><strong>stulte</strong></span> <span class='ocrx_word' id='word_1_194' title='bbox 1027 1727 1183 1792; x_wconf 84' lang='lat' dir='ltr'><strong>adversus</strong></span> <span class='ocrx_word' id='word_1_195' title='bbox 1235 1728 1291 1794; x_wconf 91' lang='lat' dir='ltr'><strong>sed</strong></span> <span class='ocrx_word' id='word_1_196' title='bbox 1321 1729 1428 1811; x_wconf 90' lang='lat' dir='ltr'><strong>potius</strong></span> <span class='ocrx_word' id='word_1_197' title='bbox 1458 1729 1583 1793; x_wconf 89' lang='lat' dir='ltr'><strong>aetatis.</strong></span> <span class='ocrx_word' id='word_1_198' title='bbox 1628 1728 1762 1794; x_wconf 79' lang='lat' dir='ltr'><strong>(lentum</strong></span> <span class='ocrx_word' id='word_1_199' title='bbox 1795 1728 1924 1808; x_wconf 91' lang='lat' dir='ltr'><strong>quidem</strong></span> <span class='ocrx_word' id='word_1_200' title='bbox 1955 1741 2014 1812; x_wconf 86' lang='lat' dir='ltr'><strong>eet,</strong></span> <span class='ocrx_word' id='word_1_201' title='bbox 2044 1727 2209 1810; x_wconf 87' lang='lat' dir='ltr'><strong>praeditos</strong></span> 
     </span>
     <span class='ocr_line' id='line_1_16' title="bbox 210 1812 2208 1896; baseline -0.002 -17"><span class='ocrx_word' id='word_1_202' title='bbox 210 1834 285 1880; x_wconf 90' lang='lat' dir='ltr'><strong>eum</strong></span> <span class='ocrx_word' id='word_1_203' title='bbox 316 1812 566 1878; x_wconf 87' lang='lat' dir='ltr'><strong>exoanduerant.</strong></span> <span class='ocrx_word' id='word_1_204' title='bbox 614 1813 727 1896; x_wconf 84' lang='lat' dir='ltr'><strong>Neque</strong></span> <span class='ocrx_word' id='word_1_205' title='bbox 757 1815 844 1878; x_wconf 81' lang='lat' dir='ltr'><strong>enirn</strong></span> <span class='ocrx_word' id='word_1_206' title='bbox 876 1813 1008 1877; x_wconf 89' lang='lat' dir='ltr'><strong>dubium</strong></span> <span class='ocrx_word' id='word_1_207' title='bbox 1032 1823 1082 1879; x_wconf 91' lang='lat' dir='ltr'><strong>ost</strong></span> <span class='ocrx_word' id='word_1_208' title='bbox 1104 1813 1182 1895; x_wconf 91' lang='lat' dir='ltr'><strong>quin</strong></span> <span class='ocrx_word' id='word_1_209' title='bbox 1234 1815 1333 1880; x_wconf 82' lang='lat' dir='ltr'><strong>fuisse</strong></span> <span class='ocrx_word' id='word_1_210' title='bbox 1362 1817 1543 1890; x_wconf 89' lang='lat' dir='ltr'><strong>autoritate,</strong></span> <span class='ocrx_word' id='word_1_211' title='bbox 1573 1815 1629 1880; x_wconf 91' lang='lat' dir='ltr'><strong>sed</strong></span> <span class='ocrx_word' id='word_1_212' title='bbox 1660 1826 1769 1878; x_wconf 90' lang='lat' dir='ltr'><strong>tamen</strong></span> <span class='ocrx_word' id='word_1_213' title='bbox 1799 1835 1864 1877; x_wconf 93' lang='lat' dir='ltr'><strong>non</strong></span> <span class='ocrx_word' id='word_1_214' title='bbox 1894 1812 2005 1878; x_wconf 91' lang='lat' dir='ltr'><strong>dubito</strong></span> <span class='ocrx_word' id='word_1_215' title='bbox 2033 1813 2113 1894; x_wconf 92' lang='lat' dir='ltr'><strong>quin</strong></span> <span class='ocrx_word' id='word_1_216' title='bbox 2135 1833 2208 1895; x_wconf 93' lang='lat' dir='ltr'><strong>pro·</strong></span> 
     </span>
     <span class='ocr_line' id='line_1_17' title="bbox 210 1897 2209 1983; baseline -0.001 -19"><span class='ocrx_word' id='word_1_217' title='bbox 210 1898 392 1966; x_wconf 89' lang='lat' dir='ltr'><strong>saeerdotes</strong></span> <span class='ocrx_word' id='word_1_218' title='bbox 425 1909 458 1962; x_wconf 91' lang='grc' dir='ltr'><strong>ει</strong></span> <span class='ocrx_word' id='word_1_219' title='bbox 491 1897 563 1964; x_wconf 82' lang='lat' dir='ltr'><strong>fulsi</strong></span> <span class='ocrx_word' id='word_1_220' title='bbox 592 1897 768 1983; x_wconf 90' lang='lat' dir='ltr'><strong>prophetae</strong></span> <span class='ocrx_word' id='word_1_221' title='bbox 797 1899 884 1964; x_wconf 91' lang='lat' dir='ltr'><strong>omni</strong></span> <span class='ocrx_word' id='word_1_222' title='bbox 915 1899 1053 1964; x_wconf 88' lang='lat' dir='ltr'><strong>artifieio</strong></span> <span class='ocrx_word' id='word_1_223' title='bbox 1075 1898 1183 1963; x_wconf 89' lang='lat' dir='ltr'><strong>eonati</strong></span> <span class='ocrx_word' id='word_1_224' title='bbox 1235 1911 1348 1965; x_wconf 85' lang='lat' dir='ltr'><strong>veatae</strong></span> <span class='ocrx_word' id='word_1_225' title='bbox 1370 1899 1493 1964; x_wconf 87' lang='lat' dir='ltr'><strong>fuerint</strong></span> <span class='ocrx_word' id='word_1_226' title='bbox 1515 1900 1640 1979; x_wconf 90' lang='lat' dir='ltr'><strong>aetatis,</strong></span> <span class='ocrx_word' id='word_1_227' title='bbox 1664 1909 1699 1964; x_wconf 91' lang='lat' dir='ltr'><strong>ut</strong></span> <span class='ocrx_word' id='word_1_228' title='bbox 1721 1909 1855 1981; x_wconf 83' lang='lat' dir='ltr'><strong>possent</strong></span> <span class='ocrx_word' id='word_1_229' title='bbox 1878 1920 1961 1982; x_wconf 88' lang='lat' dir='ltr'><strong>qnae</strong></span> <span class='ocrx_word' id='word_1_230' title='bbox 1981 1899 2095 1963; x_wconf 91' lang='lat' dir='ltr'><strong>multis</strong></span> <span class='ocrx_word' id='word_1_231' title='bbox 2113 1898 2209 1963; x_wconf 86' lang='lat' dir='ltr'><strong>aunis</strong></span> 
     </span>
     <span class='ocr_line' id='line_1_18' title="bbox 210 1982 2210 2068; baseline -0.002 -18"><span class='ocrx_word' id='word_1_232' title='bbox 210 1985 335 2050; x_wconf 82' lang='lat' dir='ltr'><strong>fuerint</strong></span> <span class='ocrx_word' id='word_1_233' title='bbox 365 1984 505 2049; x_wconf 88' lang='lat' dir='ltr'><strong>stultum</strong></span> <span class='ocrx_word' id='word_1_234' title='bbox 537 1983 656 2068; x_wconf 80' lang='lat' dir='ltr'><strong>vulgus</strong></span> <span class='ocrx_word' id='word_1_235' title='bbox 684 1995 799 2050; x_wconf 89' lang='lat' dir='ltr'><strong>eontra</strong></span> <span class='ocrx_word' id='word_1_236' title='bbox 829 1983 1019 2066; x_wconf 88' lang='lat' dir='ltr'><strong>prophetam</strong></span> <span class='ocrx_word' id='word_1_237' title='bbox 1045 1985 1183 2066; x_wconf 90' lang='lat' dir='ltr'><strong>irritare,</strong></span> <span class='ocrx_word' id='word_1_238' title='bbox 1235 1997 1311 2050; x_wconf 89' lang='lat' dir='ltr'><strong>aute</strong></span> <span class='ocrx_word' id='word_1_239' title='bbox 1333 1985 1541 2068; x_wconf 81' lang='lat' dir='ltr'><strong>eontigerant</strong></span> <span class='ocrx_word' id='word_1_240' title='bbox 1562 1988 1684 2050; x_wconf 87' lang='lat' dir='ltr'><strong>referre</strong></span> <span class='ocrx_word' id='word_1_241' title='bbox 1707 1983 1747 2049; x_wconf 87' lang='lat' dir='ltr'><strong>ad</strong></span> <span class='ocrx_word' id='word_1_242' title='bbox 1772 1984 1939 2068; x_wconf 89' lang='lat' dir='ltr'><strong>populum.</strong></span> <span class='ocrx_word' id='word_1_243' title='bbox 1985 1983 2095 2064; x_wconf 79' lang='lat' dir='ltr'><strong>Quum</strong></span> <span class='ocrx_word' id='word_1_244' title='bbox 2119 1982 2210 2048; x_wconf 89' lang='lat' dir='ltr'><strong>addit</strong></span> 
     </span>
     <span class='ocr_line' id='line_1_19' title="bbox 209 2068 2209 2154; baseline -0.002 -20"><span class='ocrx_word' id='word_1_245' title='bbox 209 2091 246 2136; x_wconf 89' lang='lat' dir='ltr'><strong>ae</strong></span> <span class='ocrx_word' id='word_1_246' title='bbox 277 2069 413 2152; x_wconf 88' lang='lat' dir='ltr'><strong>proinde</strong></span> <span class='ocrx_word' id='word_1_247' title='bbox 454 2079 524 2134; x_wconf 86' lang='lat' dir='ltr'><strong>erat</strong></span> <span class='ocrx_word' id='word_1_248' title='bbox 566 2090 648 2150; x_wconf 90' lang='lat' dir='ltr'><strong>opus</strong></span> <span class='ocrx_word' id='word_1_249' title='bbox 683 2091 748 2134; x_wconf 91' lang='lat' dir='ltr'><strong>nou</strong></span> <span class='ocrx_word' id='word_1_250' title='bbox 783 2090 849 2134; x_wconf 93' lang='lat' dir='ltr'><strong>uno</strong></span> <span class='ocrx_word' id='word_1_251' title='bbox 882 2091 1002 2153; x_wconf 75' lang='lat' dir='ltr'><strong>genere</strong></span> <span class='ocrx_word' id='word_1_252' title='bbox 1037 2069 1183 2136; x_wconf 87' lang='lat' dir='ltr'><strong>remedii.</strong></span> <span class='ocrx_word' id='word_1_253' title='bbox 1234 2091 1284 2136; x_wconf 84' lang='lat' dir='ltr'><strong>eos</strong></span> <span class='ocrx_word' id='word_1_254' title='bbox 1305 2071 1445 2154; x_wconf 75' lang='lat' dir='ltr'><strong>loquetae</strong></span> <span class='ocrx_word' id='word_1_255' title='bbox 1465 2090 1530 2136; x_wconf 80' lang='lat' dir='ltr'><strong>aree</strong></span> <span class='ocrx_word' id='word_1_256' title='bbox 1547 2071 1590 2136; x_wconf 83' lang='lat' dir='ltr'><strong>ud</strong></span> <span class='ocrx_word' id='word_1_257' title='bbox 1606 2075 1700 2136; x_wconf 78' lang='lat' dir='ltr'><strong>tolera</strong></span> <span class='ocrx_word' id='word_1_258' title='bbox 1717 2075 1832 2136; x_wconf 73' lang='lat' dir='ltr'><strong>eadam</strong></span> <span class='ocrx_word' id='word_1_259' title='bbox 1850 2068 1969 2153; x_wconf 89' lang='lat' dir='ltr'><strong>populi,</strong></span> <span class='ocrx_word' id='word_1_260' title='bbox 1993 2069 2069 2134; x_wconf 91' lang='lat' dir='ltr'><strong>bino</strong></span> <span class='ocrx_word' id='word_1_261' title='bbox 2085 2068 2209 2150; x_wconf 77' lang='lat' dir='ltr'><strong>eolligi·</strong></span> 
     </span>
     <span class='ocr_line' id='line_1_20' title="bbox 209 2154 2209 2239; baseline -0.001 -19"><span class='ocrx_word' id='word_1_262' title='bbox 209 2154 321 2236; x_wconf 79' lang='lat' dir='ltr'><strong>Quum</strong></span> <span class='ocrx_word' id='word_1_263' title='bbox 348 2155 453 2239; x_wconf 79' lang='lat' dir='ltr'><strong>igitur</strong></span> <span class='ocrx_word' id='word_1_264' title='bbox 480 2156 630 2220; x_wconf 90' lang='lat' dir='ltr'><strong>viderent</strong></span> <span class='ocrx_word' id='word_1_265' title='bbox 657 2177 750 2220; x_wconf 88' lang='lat' dir='ltr'><strong>senes</strong></span> <span class='ocrx_word' id='word_1_266' title='bbox 777 2155 884 2220; x_wconf 88' lang='lat' dir='ltr'><strong>adhue</strong></span> <span class='ocrx_word' id='word_1_267' title='bbox 907 2156 1032 2220; x_wconf 82' lang='lat' dir='ltr'><strong>fervere</strong></span> <span class='ocrx_word' id='word_1_268' title='bbox 1054 2157 1183 2220; x_wconf 88' lang='lat' dir='ltr'><strong>iraeun·</strong></span> <span class='ocrx_word' id='word_1_269' title='bbox 1235 2177 1308 2221; x_wconf 90' lang='lat' dir='ltr'><strong>mus</strong></span> <span class='ocrx_word' id='word_1_270' title='bbox 1337 2156 1422 2238; x_wconf 92' lang='lat' dir='ltr'><strong>quod</strong></span> <span class='ocrx_word' id='word_1_271' title='bbox 1453 2177 1557 2237; x_wconf 90' lang='lat' dir='ltr'><strong>nuper</strong></span> <span class='ocrx_word' id='word_1_272' title='bbox 1579 2155 1736 2236; x_wconf 88' lang='lat' dir='ltr'><strong>diaebam,</strong></span> <span class='ocrx_word' id='word_1_273' title='bbox 1767 2176 1881 2236; x_wconf 87' lang='lat' dir='ltr'><strong>nempe</strong></span> <span class='ocrx_word' id='word_1_274' title='bbox 1902 2155 1950 2220; x_wconf 92' lang='lat' dir='ltr'><strong>sie</strong></span> <span class='ocrx_word' id='word_1_275' title='bbox 1973 2154 2209 2219; x_wconf 89' lang='lat' dir='ltr'><strong>tumultuatum</strong></span> 
     </span>
     <span class='ocr_line' id='line_1_21' title="bbox 209 2239 2209 2326; baseline -0.002 -20"><span class='ocrx_word' id='word_1_276' title='bbox 209 2241 296 2306; x_wconf 88' lang='lat' dir='ltr'><strong>diam</strong></span> <span class='ocrx_word' id='word_1_277' title='bbox 326 2241 360 2304; x_wconf 93' lang='lat' dir='ltr'><strong>in</strong></span> <span class='ocrx_word' id='word_1_278' title='bbox 391 2240 519 2323; x_wconf 89' lang='lat' dir='ltr'><strong>populo,</strong></span> <span class='ocrx_word' id='word_1_279' title='bbox 549 2239 687 2306; x_wconf 92' lang='lat' dir='ltr'><strong>neodum</strong></span> <span class='ocrx_word' id='word_1_280' title='bbox 716 2241 797 2305; x_wconf 89' lang='lat' dir='ltr'><strong>satis</strong></span> <span class='ocrx_word' id='word_1_281' title='bbox 826 2241 1021 2322; x_wconf 89' lang='lat' dir='ltr'><strong>oompositos</strong></span> <span class='ocrx_word' id='word_1_282' title='bbox 1050 2261 1121 2305; x_wconf 88' lang='lat' dir='ltr'><strong>esse</strong></span> <span class='ocrx_word' id='word_1_283' title='bbox 1142 2240 1182 2305; x_wconf 92' lang='lat' dir='ltr'><strong>ad</strong></span> <span class='ocrx_word' id='word_1_284' title='bbox 1235 2243 1333 2307; x_wconf 91' lang='lat' dir='ltr'><strong>luisse</strong></span> <span class='ocrx_word' id='word_1_285' title='bbox 1355 2240 1482 2326; x_wconf 80' lang='lat' dir='ltr'><strong>vulgus,</strong></span> <span class='ocrx_word' id='word_1_286' title='bbox 1512 2251 1548 2304; x_wconf 89' lang='lat' dir='ltr'><strong>ut</strong></span> <span class='ocrx_word' id='word_1_287' title='bbox 1573 2241 1679 2306; x_wconf 90' lang='lat' dir='ltr'><strong>adhue</strong></span> <span class='ocrx_word' id='word_1_288' title='bbox 1701 2262 1783 2324; x_wconf 89' lang='lat' dir='ltr'><strong>opus</strong></span> <span class='ocrx_word' id='word_1_289' title='bbox 1805 2249 1892 2306; x_wconf 87' lang='lat' dir='ltr'><strong>esset</strong></span> <span class='ocrx_word' id='word_1_290' title='bbox 1913 2239 2041 2324; x_wconf 91' lang='lat' dir='ltr'><strong>plaoida</strong></span> <span class='ocrx_word' id='word_1_291' title='bbox 2063 2240 2209 2305; x_wconf 87' lang='lat' dir='ltr'><strong>oratioue</strong></span> 
     </span>
     <span class='ocr_line' id='line_1_22' title="bbox 208 2324 2208 2410; baseline -0.002 -19"><span class='ocrx_word' id='word_1_292' title='bbox 208 2325 470 2391; x_wconf 90' lang='lat' dir='ltr'><strong>benevolentiam</strong></span> <span class='ocrx_word' id='word_1_293' title='bbox 489 2326 624 2400; x_wconf 84' lang='lat' dir='ltr'><strong>animos,</strong></span> <span class='ocrx_word' id='word_1_294' title='bbox 644 2327 692 2390; x_wconf 91' lang='lat' dir='ltr'><strong>usi</strong></span> <span class='ocrx_word' id='word_1_295' title='bbox 711 2335 790 2390; x_wconf 90' lang='lat' dir='ltr'><strong>sunt</strong></span> <span class='ocrx_word' id='word_1_296' title='bbox 809 2327 870 2390; x_wconf 90' lang='lat' dir='ltr'><strong>boo</strong></span> <span class='ocrx_word' id='word_1_297' title='bbox 888 2347 1048 2390; x_wconf 92' lang='lat' dir='ltr'><strong>sermone.</strong></span> <span class='ocrx_word' id='word_1_298' title='bbox 1077 2325 1184 2408; x_wconf 80' lang='lat' dir='ltr'><strong>Argu·</strong></span> <span class='ocrx_word' id='word_1_299' title='bbox 1234 2327 1275 2391; x_wconf 91' lang='lat' dir='ltr'><strong>ad</strong></span> <span class='ocrx_word' id='word_1_300' title='bbox 1298 2325 1513 2410; x_wconf 78' lang='lat' dir='ltr'><strong>mitigandum</strong></span> <span class='ocrx_word' id='word_1_301' title='bbox 1536 2327 1629 2391; x_wconf 91' lang='lat' dir='ltr'><strong>illum</strong></span> <span class='ocrx_word' id='word_1_302' title='bbox 1652 2325 1813 2392; x_wconf 90' lang='lat' dir='ltr'><strong>ardorem.</strong></span> <span class='ocrx_word' id='word_1_303' title='bbox 1859 2327 1903 2391; x_wconf 83' lang='lat' dir='ltr'><strong>lllt</strong></span> <span class='ocrx_word' id='word_1_304' title='bbox 1924 2335 2012 2390; x_wconf 89' lang='lat' dir='ltr'><strong>oerte</strong></span> <span class='ocrx_word' id='word_1_305' title='bbox 2033 2325 2088 2390; x_wconf 91' lang='lat' dir='ltr'><strong>ubi</strong></span> <span class='ocrx_word' id='word_1_306' title='bbox 2107 2324 2208 2390; x_wconf 88' lang='lat' dir='ltr'><strong>semel</strong></span> 
     </span>
     <span class='ocr_line' id='line_1_23' title="bbox 209 2408 2209 2495; baseline -0.002 -19"><span class='ocrx_word' id='word_1_307' title='bbox 209 2422 400 2477; x_wconf 89' lang='lat' dir='ltr'><strong>meutautur</strong></span> <span class='ocrx_word' id='word_1_308' title='bbox 428 2413 529 2495; x_wconf 80' lang='lat' dir='ltr'><strong>igitur</strong></span> <span class='ocrx_word' id='word_1_309' title='bbox 558 2413 599 2475; x_wconf 89' lang='lat' dir='ltr'><strong>ab</strong></span> <span class='ocrx_word' id='word_1_310' title='bbox 627 2411 790 2492; x_wconf 82' lang='lat' dir='ltr'><strong>exemplo,</strong></span> <span class='ocrx_word' id='word_1_311' title='bbox 821 2412 905 2494; x_wconf 92' lang='lat' dir='ltr'><strong>quod</strong></span> <span class='ocrx_word' id='word_1_312' title='bbox 933 2410 1090 2476; x_wconf 78' lang='lat' dir='ltr'><strong>Ieremias</strong></span> <span class='ocrx_word' id='word_1_313' title='bbox 1120 2433 1183 2476; x_wconf 96' lang='lat' dir='ltr'><strong>non</strong></span> <span class='ocrx_word' id='word_1_314' title='bbox 1235 2423 1349 2477; x_wconf 82' lang='lat' dir='ltr'><strong>exorta</strong></span> <span class='ocrx_word' id='word_1_315' title='bbox 1377 2423 1427 2478; x_wconf 88' lang='lat' dir='ltr'><strong>est</strong></span> <span class='ocrx_word' id='word_1_316' title='bbox 1456 2423 1552 2494; x_wconf 89' lang='lat' dir='ltr'><strong>atquo</strong></span> <span class='ocrx_word' id='word_1_317' title='bbox 1583 2411 1732 2477; x_wconf 82' lang='lat' dir='ltr'><strong>efferbuit</strong></span> <span class='ocrx_word' id='word_1_318' title='bbox 1762 2411 1888 2494; x_wconf 90' lang='lat' dir='ltr'><strong>seditio,</strong></span> <span class='ocrx_word' id='word_1_319' title='bbox 1919 2432 1984 2475; x_wconf 92' lang='lat' dir='ltr'><strong>non</strong></span> <span class='ocrx_word' id='word_1_320' title='bbox 2012 2411 2092 2474; x_wconf 90' lang='lat' dir='ltr'><strong>adeo</strong></span> <span class='ocrx_word' id='word_1_321' title='bbox 2115 2408 2209 2474; x_wconf 87' lang='lat' dir='ltr'><strong>faoile</strong></span> 
     </span>
     <span class='ocr_line' id='line_1_24' title="bbox 208 2495 2210 2580; baseline -0.001 -19"><span class='ocrx_word' id='word_1_322' title='bbox 208 2498 307 2563; x_wconf 86' lang='lat' dir='ltr'><strong>fuerit</strong></span> <span class='ocrx_word' id='word_1_323' title='bbox 335 2500 459 2579; x_wconf 88' lang='lat' dir='ltr'><strong>primns</strong></span> <span class='ocrx_word' id='word_1_324' title='bbox 489 2497 591 2573; x_wconf 88' lang='lat' dir='ltr'><strong>testis,</strong></span> <span class='ocrx_word' id='word_1_325' title='bbox 620 2508 653 2559; x_wconf 91' lang='lat' dir='ltr'><strong>et</strong></span> <span class='ocrx_word' id='word_1_326' title='bbox 682 2517 797 2576; x_wconf 90' lang='lat' dir='ltr'><strong>praeeo</strong></span> <span class='ocrx_word' id='word_1_327' title='bbox 829 2507 895 2560; x_wconf 88' lang='lat' dir='ltr'><strong>tam</strong></span> <span class='ocrx_word' id='word_1_328' title='bbox 926 2495 1091 2562; x_wconf 88' lang='lat' dir='ltr'><strong>horribilis</strong></span> <span class='ocrx_word' id='word_1_329' title='bbox 1115 2497 1183 2560; x_wconf 90' lang='lat' dir='ltr'><strong>vin·</strong></span> <span class='ocrx_word' id='word_1_330' title='bbox 1235 2508 1284 2563; x_wconf 90' lang='lat' dir='ltr'><strong>est</strong></span> <span class='ocrx_word' id='word_1_331' title='bbox 1324 2518 1395 2562; x_wconf 90' lang='lat' dir='ltr'><strong>eam</strong></span> <span class='ocrx_word' id='word_1_332' title='bbox 1437 2498 1588 2580; x_wconf 90' lang='lat' dir='ltr'><strong>protinas</strong></span> <span class='ocrx_word' id='word_1_333' title='bbox 1624 2498 1748 2564; x_wconf 88' lang='lat' dir='ltr'><strong>sedare.</strong></span> <span class='ocrx_word' id='word_1_334' title='bbox 1802 2497 1914 2578; x_wconf 79' lang='lat' dir='ltr'><strong>Quum</strong></span> <span class='ocrx_word' id='word_1_335' title='bbox 1948 2517 2025 2579; x_wconf 81' lang='lat' dir='ltr'><strong>ergo</strong></span> <span class='ocrx_word' id='word_1_336' title='bbox 2057 2496 2210 2561; x_wconf 90' lang='lat' dir='ltr'><strong>viderent</strong></span> 
     </span>
     <span class='ocr_line' id='line_1_25' title="bbox 209 2581 2207 2665; baseline -0.001 -19"><span class='ocrx_word' id='word_1_337' title='bbox 209 2583 330 2648; x_wconf 87' lang='lat' dir='ltr'><strong>dietae:</strong></span> <span class='ocrx_word' id='word_1_338' title='bbox 365 2583 440 2664; x_wconf 89' lang='lat' dir='ltr'><strong>quia</strong></span> <span class='ocrx_word' id='word_1_339' title='bbox 468 2582 559 2647; x_wconf 90' lang='lat' dir='ltr'><strong>Deus</strong></span> <span class='ocrx_word' id='word_1_340' title='bbox 592 2591 670 2646; x_wconf 90' lang='lat' dir='ltr'><strong>ante</strong></span> <span class='ocrx_word' id='word_1_341' title='bbox 702 2581 783 2645; x_wconf 91' lang='lat' dir='ltr'><strong>illud</strong></span> <span class='ocrx_word' id='word_1_342' title='bbox 817 2590 958 2665; x_wconf 88' lang='lat' dir='ltr'><strong>tempus,</strong></span> <span class='ocrx_word' id='word_1_343' title='bbox 990 2594 1023 2647; x_wconf 92' lang='lat' dir='ltr'><strong>et</strong></span> <span class='ocrx_word' id='word_1_344' title='bbox 1056 2581 1181 2665; x_wconf 90' lang='lat' dir='ltr'><strong>pridem</strong></span> <span class='ocrx_word' id='word_1_345' title='bbox 1236 2583 1312 2648; x_wconf 93' lang='lat' dir='ltr'><strong>boni</strong></span> <span class='ocrx_word' id='word_1_346' title='bbox 1346 2605 1440 2649; x_wconf 92' lang='lat' dir='ltr'><strong>senes</strong></span> <span class='ocrx_word' id='word_1_347' title='bbox 1472 2583 1580 2647; x_wconf 90' lang='lat' dir='ltr'><strong>adhue</strong></span> <span class='ocrx_word' id='word_1_348' title='bbox 1610 2602 1681 2648; x_wconf 85' lang='lat' dir='ltr'><strong>esse</strong></span> <span class='ocrx_word' id='word_1_349' title='bbox 1715 2584 1921 2650; x_wconf 85' lang='lat' dir='ltr'><strong>exuloeratos</strong></span> <span class='ocrx_word' id='word_1_350' title='bbox 1947 2581 2040 2664; x_wconf 80' lang='lat' dir='ltr'><strong>vulgi</strong></span> <span class='ocrx_word' id='word_1_351' title='bbox 2070 2581 2207 2664; x_wconf 84' lang='lat' dir='ltr'><strong>animos,</strong></span> 
     </span>
     <span class='ocr_line' id='line_1_26' title="bbox 209 2666 2208 2759; baseline -0.002 -25"><span class='ocrx_word' id='word_1_352' title='bbox 209 2670 325 2734; x_wconf 89' lang='lat' dir='ltr'><strong>solitus</strong></span> <span class='ocrx_word' id='word_1_353' title='bbox 358 2669 456 2732; x_wconf 83' lang='lat' dir='ltr'><strong>fuerit</strong></span> <span class='ocrx_word' id='word_1_354' title='bbox 488 2667 577 2749; x_wconf 90' lang='lat' dir='ltr'><strong>loqui</strong></span> <span class='ocrx_word' id='word_1_355' title='bbox 610 2687 668 2748; x_wconf 92' lang='lat' dir='ltr'><strong>per</strong></span> <span class='ocrx_word' id='word_1_356' title='bbox 700 2666 779 2731; x_wconf 89' lang='lat' dir='ltr'><strong>alios</strong></span> <span class='ocrx_word' id='word_1_357' title='bbox 816 2667 991 2750; x_wconf 86' lang='lat' dir='ltr'><strong>prophetas</strong></span> <span class='ocrx_word' id='word_1_358' title='bbox 1025 2667 1183 2733; x_wconf 89' lang='lat' dir='ltr'><strong>adversae</strong></span> <span class='ocrx_word' id='word_1_359' title='bbox 1206 2707 1209 2759; x_wconf 68' lang='grc' dir='ltr'>Ι</span> <span class='ocrx_word' id='word_1_360' title='bbox 1235 2669 1307 2733; x_wconf 92' lang='lat' dir='ltr'><strong>ideo</strong></span> <span class='ocrx_word' id='word_1_361' title='bbox 1348 2672 1397 2734; x_wconf 89' lang='lat' dir='ltr'><strong>uei</strong></span> <span class='ocrx_word' id='word_1_362' title='bbox 1438 2680 1514 2732; x_wconf 89' lang='lat' dir='ltr'><strong>sunt</strong></span> <span class='ocrx_word' id='word_1_363' title='bbox 1548 2668 1609 2732; x_wconf 86' lang='lat' dir='ltr'><strong>hae</strong></span> <span class='ocrx_word' id='word_1_364' title='bbox 1644 2667 1872 2734; x_wconf 89' lang='lat' dir='ltr'><strong>moderatione.</strong></span> <span class='ocrx_word' id='word_1_365' title='bbox 1928 2666 2055 2732; x_wconf 90' lang='lat' dir='ltr'><strong>Dieunt</strong></span> <span class='ocrx_word' id='word_1_366' title='bbox 2087 2681 2208 2744; x_wconf 87' lang='lat' dir='ltr'><strong>autem,</strong></span> 
     </span>
     <span class='ocr_line' id='line_1_27' title="bbox 209 2750 2209 2834; baseline -0.002 -16"><span class='ocrx_word' id='word_1_367' title='bbox 209 2753 324 2818; x_wconf 91' lang='lat' dir='ltr'><strong>arbem</strong></span> <span class='ocrx_word' id='word_1_368' title='bbox 350 2764 383 2817; x_wconf 89' lang='lat' dir='ltr'><strong>et</strong></span> <span class='ocrx_word' id='word_1_369' title='bbox 405 2753 573 2834; x_wconf 90' lang='lat' dir='ltr'><strong>templum.</strong></span> <span class='ocrx_word' id='word_1_370' title='bbox 619 2751 813 2816; x_wconf 84' lang='lat' dir='ltr'><strong>Gravabant</strong></span> <span class='ocrx_word' id='word_1_371' title='bbox 834 2755 921 2818; x_wconf 90' lang='lat' dir='ltr'><strong>euim</strong></span> <span class='ocrx_word' id='word_1_372' title='bbox 944 2753 1127 2819; x_wconf 87' lang='lat' dir='ltr'><strong>saeerdotes</strong></span> <span class='ocrx_word' id='word_1_373' title='bbox 1150 2764 1183 2818; x_wconf 89' lang='lat' dir='ltr'><strong>ut</strong></span> <span class='ocrx_word' id='word_1_374' title='bbox 1234 2754 1344 2820; x_wconf 81' lang='lat' dir='ltr'><strong>Mioba</strong></span> <span class='ocrx_word' id='word_1_375' title='bbox 1377 2753 1598 2820; x_wconf 79' lang='lat' dir='ltr'><strong>Meroetbiles:</strong></span> <span class='ocrx_word' id='word_1_376' title='bbox 1637 2764 1689 2818; x_wconf 91' lang='lat' dir='ltr'><strong>est</strong></span> <span class='ocrx_word' id='word_1_377' title='bbox 1724 2774 1843 2818; x_wconf 91' lang='lat' dir='ltr'><strong>nomon</strong></span> <span class='ocrx_word' id='word_1_378' title='bbox 1877 2754 2018 2834; x_wconf 88' lang='lat' dir='ltr'><strong>patriae:</strong></span> <span class='ocrx_word' id='word_1_379' title='bbox 2062 2750 2209 2816; x_wconf 87' lang='lat' dir='ltr'><strong>Miobeas</strong></span> 
     </span>
     <span class='ocr_line' id='line_1_28' title="bbox 209 2834 2208 2924; baseline -0.001 -22"><span class='ocrx_word' id='word_1_380' title='bbox 209 2839 387 2922; x_wconf 88' lang='lat' dir='ltr'><strong>prophetae</strong></span> <span class='ocrx_word' id='word_1_381' title='bbox 408 2839 582 2902; x_wconf 90' lang='lat' dir='ltr'><strong>Ieremiam</strong></span> <span class='ocrx_word' id='word_1_382' title='bbox 605 2837 710 2901; x_wconf 91' lang='lat' dir='ltr'><strong>oolore</strong></span> <span class='ocrx_word' id='word_1_383' title='bbox 734 2838 898 2916; x_wconf 88' lang='lat' dir='ltr'><strong>novitatis,</strong></span> <span class='ocrx_word' id='word_1_384' title='bbox 922 2848 956 2903; x_wconf 91' lang='lat' dir='ltr'><strong>et</strong></span> <span class='ocrx_word' id='word_1_385' title='bbox 976 2840 1102 2903; x_wconf 89' lang='lat' dir='ltr'><strong>interea</strong></span> <span class='ocrx_word' id='word_1_386' title='bbox 1124 2839 1182 2904; x_wconf 88' lang='lat' dir='ltr'><strong>tiu-</strong></span> <span class='ocrx_word' id='word_1_387' title='bbox 1234 2862 1311 2924; x_wconf 83' lang='lat' dir='ltr'><strong>ergo</strong></span> <span class='ocrx_word' id='word_1_388' title='bbox 1331 2841 1396 2922; x_wconf 80' lang='lat' dir='ltr'><strong>fuit</strong></span> <span class='ocrx_word' id='word_1_389' title='bbox 1406 2837 1598 2922; x_wconf 78' lang='lat' dir='ltr'><strong>prophetans</strong></span> <span class='ocrx_word' id='word_1_390' title='bbox 1617 2840 1652 2903; x_wconf 80' lang='lat' dir='ltr'><strong>ia</strong></span> <span class='ocrx_word' id='word_1_391' title='bbox 1666 2839 1775 2904; x_wconf 70' lang='lat' dir='ltr'><strong>debes</strong></span> <span class='ocrx_word' id='word_1_392' title='bbox 1790 2839 1943 2905; x_wconf 74' lang='grc' dir='ltr'><strong>Εεειὴίαε</strong></span> <span class='ocrx_word' id='word_1_393' title='bbox 1956 2837 2040 2920; x_wconf 82' lang='lat' dir='ltr'><strong>repis</strong></span> <span class='ocrx_word' id='word_1_394' title='bbox 2056 2834 2208 2902; x_wconf 76' lang='lat' dir='ltr'><strong>Iebadalr.</strong></span> 
     </span>
     <span class='ocr_line' id='line_1_29' title="bbox 209 2923 2207 3008; baseline -0.003 -19"><span class='ocrx_word' id='word_1_395' title='bbox 209 2926 331 3007; x_wconf 83' lang='lat' dir='ltr'><strong>gebant</strong></span> <span class='ocrx_word' id='word_1_396' title='bbox 353 2946 388 2990; x_wconf 89' lang='lat' dir='ltr'><strong>se</strong></span> <span class='ocrx_word' id='word_1_397' title='bbox 409 2923 573 2988; x_wconf 91' lang='lat' dir='ltr'><strong>oommnni</strong></span> <span class='ocrx_word' id='word_1_398' title='bbox 596 2923 666 2986; x_wconf 91' lang='lat' dir='ltr'><strong>iure</strong></span> <span class='ocrx_word' id='word_1_399' title='bbox 684 2923 785 2988; x_wconf 82' lang='lat' dir='ltr'><strong>fretos</strong></span> <span class='ocrx_word' id='word_1_400' title='bbox 804 2933 870 2987; x_wconf 88' lang='lat' dir='ltr'><strong>tam</strong></span> <span class='ocrx_word' id='word_1_401' title='bbox 890 2925 1009 2990; x_wconf 89' lang='lat' dir='ltr'><strong>aeriter</strong></span> <span class='ocrx_word' id='word_1_402' title='bbox 1027 2946 1181 3008; x_wconf 80' lang='lat' dir='ltr'><strong>pugnare.</strong></span> <span class='ocrx_word' id='word_1_403' title='bbox 1235 2925 1386 2990; x_wconf 91' lang='lat' dir='ltr'><strong>Notanda</strong></span> <span class='ocrx_word' id='word_1_404' title='bbox 1419 2936 1470 2989; x_wconf 92' lang='grc' dir='ltr'><strong>εει</strong></span> <span class='ocrx_word' id='word_1_405' title='bbox 1501 2925 1745 2989; x_wconf 88' lang='lat' dir='ltr'><strong>oiroumetantia</strong></span> <span class='ocrx_word' id='word_1_406' title='bbox 1776 2923 1947 3007; x_wconf 88' lang='lat' dir='ltr'><strong>temporis:</strong></span> <span class='ocrx_word' id='word_1_407' title='bbox 1982 2923 2059 3006; x_wconf 88' lang='lat' dir='ltr'><strong>quia</strong></span> <span class='ocrx_word' id='word_1_408' title='bbox 2088 2923 2207 2985; x_wconf 92' lang='lat' dir='ltr'><strong>mirum</strong></span> 
     </span>
     <span class='ocr_line' id='line_1_30' title="bbox 212 3008 2210 3093; baseline -0.002 -19"><span class='ocrx_word' id='word_1_409' title='bbox 212 3011 348 3074; x_wconf 82' lang='lat' dir='ltr'><strong>Dixerat</strong></span> <span class='ocrx_word' id='word_1_410' title='bbox 389 3009 559 3086; x_wconf 82' lang='lat' dir='ltr'><strong>Ieremias,</strong></span> <span class='ocrx_word' id='word_1_411' title='bbox 604 3008 713 3072; x_wconf 90' lang='lat' dir='ltr'><strong>Deum</strong></span> <span class='ocrx_word' id='word_1_412' title='bbox 753 3031 818 3072; x_wconf 94' lang='lat' dir='ltr'><strong>non</strong></span> <span class='ocrx_word' id='word_1_413' title='bbox 863 3029 1035 3091; x_wconf 90' lang='lat' dir='ltr'><strong>parsurum</strong></span> <span class='ocrx_word' id='word_1_414' title='bbox 1076 3030 1182 3091; x_wconf 90' lang='lat' dir='ltr'><strong>neque</strong></span> <span class='ocrx_word' id='word_1_415' title='bbox 1236 3011 1337 3076; x_wconf 86' lang='lat' dir='ltr'><strong>videri</strong></span> <span class='ocrx_word' id='word_1_416' title='bbox 1365 3018 1483 3093; x_wconf 88' lang='lat' dir='ltr'><strong>posset,</strong></span> <span class='ocrx_word' id='word_1_417' title='bbox 1514 3030 1614 3092; x_wconf 90' lang='lat' dir='ltr'><strong>quum</strong></span> <span class='ocrx_word' id='word_1_418' title='bbox 1639 3019 1771 3075; x_wconf 90' lang='lat' dir='ltr'><strong>sanetus</strong></span> <span class='ocrx_word' id='word_1_419' title='bbox 1793 3009 1849 3075; x_wconf 92' lang='lat' dir='ltr'><strong>ille</strong></span> <span class='ocrx_word' id='word_1_420' title='bbox 1872 3029 1931 3074; x_wconf 84' lang='lat' dir='ltr'><strong>rex</strong></span> <span class='ocrx_word' id='word_1_421' title='bbox 1953 3008 2100 3072; x_wconf 89' lang='lat' dir='ltr'><strong>intentus</strong></span> <span class='ocrx_word' id='word_1_422' title='bbox 2124 3015 2210 3071; x_wconf 90' lang='lat' dir='ltr'><strong>esset</strong></span> 
     </span>
     <span class='ocr_line' id='line_1_31' title="bbox 208 3092 2209 3180; baseline -0.001 -20"><span class='ocrx_word' id='word_1_423' title='bbox 208 3108 339 3160; x_wconf 90' lang='lat' dir='ltr'><strong>sanetae</strong></span> <span class='ocrx_word' id='word_1_424' title='bbox 368 3093 440 3160; x_wconf 89' lang='lat' dir='ltr'><strong>urbi</strong></span> <span class='ocrx_word' id='word_1_425' title='bbox 469 3113 574 3176; x_wconf 88' lang='lat' dir='ltr'><strong>neque</strong></span> <span class='ocrx_word' id='word_1_426' title='bbox 598 3095 727 3176; x_wconf 88' lang='lat' dir='ltr'><strong>templo.</strong></span> <span class='ocrx_word' id='word_1_427' title='bbox 773 3094 846 3159; x_wconf 88' lang='lat' dir='ltr'><strong>Hoe</strong></span> <span class='ocrx_word' id='word_1_428' title='bbox 868 3105 939 3158; x_wconf 91' lang='lat' dir='ltr'><strong>erat</strong></span> <span class='ocrx_word' id='word_1_429' title='bbox 961 3095 1178 3161; x_wconf 79' lang='lat' dir='ltr'><strong>intolerabile:</strong></span> <span class='ocrx_word' id='word_1_430' title='bbox 1234 3107 1303 3160; x_wconf 91' lang='lat' dir='ltr'><strong>toto</strong></span> <span class='ocrx_word' id='word_1_431' title='bbox 1331 3096 1439 3161; x_wconf 91' lang='lat' dir='ltr'><strong>stadio</strong></span> <span class='ocrx_word' id='word_1_432' title='bbox 1461 3095 1501 3160; x_wconf 89' lang='lat' dir='ltr'><strong>ad</strong></span> <span class='ocrx_word' id='word_1_433' title='bbox 1525 3094 1780 3180; x_wconf 90' lang='lat' dir='ltr'><strong>promovendum</strong></span> <span class='ocrx_word' id='word_1_434' title='bbox 1805 3095 1868 3160; x_wconf 89' lang='lat' dir='ltr'><strong>Dei</strong></span> <span class='ocrx_word' id='word_1_435' title='bbox 1890 3095 2024 3172; x_wconf 90' lang='lat' dir='ltr'><strong>eultam,</strong></span> <span class='ocrx_word' id='word_1_436' title='bbox 2054 3113 2106 3158; x_wconf 90' lang='lat' dir='ltr'><strong>res</strong></span> <span class='ocrx_word' id='word_1_437' title='bbox 2128 3092 2209 3158; x_wconf 87' lang='lat' dir='ltr'><strong>adeo</strong></span> 
     </span>
     <span class='ocr_line' id='line_1_32' title="bbox 209 3177 2209 3264; baseline -0.001 -22"><span class='ocrx_word' id='word_1_438' title='bbox 209 3181 331 3248; x_wconf 89' lang='lat' dir='ltr'><strong>dietum</strong></span> <span class='ocrx_word' id='word_1_439' title='bbox 362 3181 447 3248; x_wconf 90' lang='lat' dir='ltr'><strong>enim</strong></span> <span class='ocrx_word' id='word_1_440' title='bbox 479 3180 586 3244; x_wconf 82' lang='lat' dir='ltr'><strong>fuerat</strong></span> <span class='ocrx_word' id='word_1_441' title='bbox 613 3178 653 3243; x_wconf 92' lang='lat' dir='ltr'><strong>de</strong></span> <span class='ocrx_word' id='word_1_442' title='bbox 681 3181 814 3261; x_wconf 86' lang='lat' dir='ltr'><strong>templo,</strong></span> <span class='ocrx_word' id='word_1_443' title='bbox 845 3179 937 3245; x_wconf 89' lang='lat' dir='ltr'><strong>Haeo</strong></span> <span class='ocrx_word' id='word_1_444' title='bbox 960 3181 1087 3262; x_wconf 86' lang='lat' dir='ltr'><strong>requies</strong></span> <span class='ocrx_word' id='word_1_445' title='bbox 1109 3201 1182 3244; x_wconf 90' lang='lat' dir='ltr'><strong>mea</strong></span> <span class='ocrx_word' id='word_1_446' title='bbox 1235 3183 1334 3247; x_wconf 82' lang='lat' dir='ltr'><strong>fnisse</strong></span> <span class='ocrx_word' id='word_1_447' title='bbox 1356 3184 1516 3258; x_wconf 86' lang='lat' dir='ltr'><strong>eonlusas,</strong></span> <span class='ocrx_word' id='word_1_448' title='bbox 1540 3192 1576 3246; x_wconf 91' lang='lat' dir='ltr'><strong>ut</strong></span> <span class='ocrx_word' id='word_1_449' title='bbox 1596 3203 1678 3264; x_wconf 92' lang='lat' dir='ltr'><strong>opus</strong></span> <span class='ocrx_word' id='word_1_450' title='bbox 1701 3191 1787 3247; x_wconf 85' lang='lat' dir='ltr'><strong>esset</strong></span> <span class='ocrx_word' id='word_1_451' title='bbox 1809 3193 1876 3245; x_wconf 89' lang='lat' dir='ltr'><strong>tam</strong></span> <span class='ocrx_word' id='word_1_452' title='bbox 1898 3199 2014 3246; x_wconf 89' lang='lat' dir='ltr'><strong>severa</strong></span> <span class='ocrx_word' id='word_1_453' title='bbox 2036 3177 2209 3243; x_wconf 88' lang='lat' dir='ltr'><strong>denuntia·</strong></span> 
     </span>
     <span class='ocr_line' id='line_1_33' title="bbox 209 3263 2209 3350; baseline -0.001 -21"><span class='ocrx_word' id='word_1_454' title='bbox 209 3269 242 3329; x_wconf 94' lang='lat' dir='ltr'><strong>in</strong></span> <span class='ocrx_word' id='word_1_455' title='bbox 273 3265 438 3332; x_wconf 88' lang='lat' dir='ltr'><strong>saeeulum</strong></span> <span class='ocrx_word' id='word_1_456' title='bbox 466 3265 597 3340; x_wconf 88' lang='lat' dir='ltr'><strong>saeeuli,</strong></span> <span class='ocrx_word' id='word_1_457' title='bbox 629 3265 681 3330; x_wconf 92' lang='lat' dir='ltr'><strong>hie</strong></span> <span class='ocrx_word' id='word_1_458' title='bbox 710 3263 870 3330; x_wconf 83' lang='lat' dir='ltr'><strong>habitabo.</strong></span> <span class='ocrx_word' id='word_1_459' title='bbox 917 3264 1076 3330; x_wconf 80' lang='lat' dir='ltr'><strong>Videmus</strong></span> <span class='ocrx_word' id='word_1_460' title='bbox 1104 3286 1182 3347; x_wconf 81' lang='lat' dir='ltr'><strong>ergo</strong></span> <span class='ocrx_word' id='word_1_461' title='bbox 1236 3269 1333 3332; x_wconf 91' lang='lat' dir='ltr'><strong>tione.</strong></span> <span class='ocrx_word' id='word_1_462' title='bbox 1386 3266 1422 3332; x_wconf 84' lang='lat' dir='ltr'><strong>Si</strong></span> <span class='ocrx_word' id='word_1_463' title='bbox 1454 3268 1526 3350; x_wconf 93' lang='lat' dir='ltr'><strong>quis</strong></span> <span class='ocrx_word' id='word_1_464' title='bbox 1561 3288 1704 3350; x_wconf 90' lang='lat' dir='ltr'><strong>unquam</strong></span> <span class='ocrx_word' id='word_1_465' title='bbox 1734 3289 1774 3332; x_wconf 87' lang='lat' dir='ltr'><strong>ex</strong></span> <span class='ocrx_word' id='word_1_466' title='bbox 1807 3266 1872 3349; x_wconf 89' lang='lat' dir='ltr'><strong>piis</strong></span> <span class='ocrx_word' id='word_1_467' title='bbox 1904 3263 2036 3347; x_wconf 81' lang='lat' dir='ltr'><strong>regibus</strong></span> <span class='ocrx_word' id='word_1_468' title='bbox 2070 3284 2146 3330; x_wconf 91' lang='lat' dir='ltr'><strong>vere</strong></span> <span class='ocrx_word' id='word_1_469' title='bbox 2176 3269 2209 3327; x_wconf 86' lang='lat' dir='ltr'><strong>et</strong></span> 
     </span>
     <span class='ocr_line' id='line_1_34' title="bbox 209 3349 2210 3434; baseline -0.001 -18"><span class='ocrx_word' id='word_1_470' title='bbox 209 3351 382 3416; x_wconf 87' lang='lat' dir='ltr'><strong>Ieremiam</strong></span> <span class='ocrx_word' id='word_1_471' title='bbox 405 3351 505 3416; x_wconf 86' lang='lat' dir='ltr'><strong>fuisse</strong></span> <span class='ocrx_word' id='word_1_472' title='bbox 527 3351 619 3432; x_wconf 88' lang='lat' dir='ltr'><strong>quasi</strong></span> <span class='ocrx_word' id='word_1_473' title='bbox 643 3372 709 3415; x_wconf 93' lang='lat' dir='ltr'><strong>uno</strong></span> <span class='ocrx_word' id='word_1_474' title='bbox 733 3351 830 3415; x_wconf 91' lang='lat' dir='ltr'><strong>verbo</strong></span> <span class='ocrx_word' id='word_1_475' title='bbox 853 3370 1054 3434; x_wconf 87' lang='lat' dir='ltr'><strong>oppressam,</strong></span> <span class='ocrx_word' id='word_1_476' title='bbox 1081 3371 1181 3432; x_wconf 91' lang='lat' dir='ltr'><strong>quum</strong></span> <span class='ocrx_word' id='word_1_477' title='bbox 1235 3355 1319 3418; x_wconf 89' lang='lat' dir='ltr'><strong>serio</strong></span> <span class='ocrx_word' id='word_1_478' title='bbox 1351 3353 1499 3418; x_wconf 93' lang='lat' dir='ltr'><strong>inoubuit</strong></span> <span class='ocrx_word' id='word_1_479' title='bbox 1531 3352 1566 3417; x_wconf 92' lang='lat' dir='ltr'><strong>in</strong></span> <span class='ocrx_word' id='word_1_480' title='bbox 1596 3351 1741 3418; x_wconf 89' lang='lat' dir='ltr'><strong>studium</strong></span> <span class='ocrx_word' id='word_1_481' title='bbox 1772 3352 1915 3434; x_wconf 89' lang='lat' dir='ltr'><strong>pietatis,</strong></span> <span class='ocrx_word' id='word_1_482' title='bbox 1949 3361 2036 3416; x_wconf 85' lang='lat' dir='ltr'><strong>uerte</strong></span> <span class='ocrx_word' id='word_1_483' title='bbox 2065 3349 2119 3415; x_wconf 88' lang='lat' dir='ltr'><strong>bio</strong></span> <span class='ocrx_word' id='word_1_484' title='bbox 2147 3350 2210 3414; x_wconf 84' lang='lat' dir='ltr'><strong>fuit</strong></span> 
     </span>
     <span class='ocr_line' id='line_1_35' title="bbox 207 3432 2209 3522; baseline -0 -21"><span class='ocrx_word' id='word_1_485' title='bbox 207 3436 281 3502; x_wconf 82' lang='lat' dir='ltr'><strong>falsi</strong></span> <span class='ocrx_word' id='word_1_486' title='bbox 304 3437 481 3520; x_wconf 89' lang='lat' dir='ltr'><strong>prophetae</strong></span> <span class='ocrx_word' id='word_1_487' title='bbox 503 3445 536 3500; x_wconf 93' lang='lat' dir='ltr'><strong>et</strong></span> <span class='ocrx_word' id='word_1_488' title='bbox 557 3435 739 3501; x_wconf 88' lang='lat' dir='ltr'><strong>saeerdotee</strong></span> <span class='ocrx_word' id='word_1_489' title='bbox 762 3437 810 3500; x_wconf 91' lang='lat' dir='ltr'><strong>illi</strong></span> <span class='ocrx_word' id='word_1_490' title='bbox 826 3437 1012 3512; x_wconf 90' lang='lat' dir='ltr'><strong>obiioereut,</strong></span> <span class='ocrx_word' id='word_1_491' title='bbox 1036 3437 1087 3501; x_wconf 87' lang='lat' dir='ltr'><strong>&#39;Iu</strong></span> <span class='ocrx_word' id='word_1_492' title='bbox 1105 3457 1183 3520; x_wconf 79' lang='lat' dir='ltr'><strong>ergo</strong></span> <span class='ocrx_word' id='word_1_493' title='bbox 1235 3438 1326 3522; x_wconf 88' lang='lat' dir='ltr'><strong>quasi</strong></span> <span class='ocrx_word' id='word_1_494' title='bbox 1366 3439 1509 3521; x_wconf 89' lang='lat' dir='ltr'><strong>primum</strong></span> <span class='ocrx_word' id='word_1_495' title='bbox 1550 3443 1583 3503; x_wconf 86' lang='lat' dir='ltr'><strong>et</strong></span> <span class='ocrx_word' id='word_1_496' title='bbox 1629 3438 1837 3520; x_wconf 86' lang='lat' dir='ltr'><strong>praeeipuam</strong></span> <span class='ocrx_word' id='word_1_497' title='bbox 1877 3435 2062 3518; x_wconf 84' lang='lat' dir='ltr'><strong>exemplar:</strong></span> <span class='ocrx_word' id='word_1_498' title='bbox 2109 3432 2209 3500; x_wconf 87' lang='lat' dir='ltr'><strong>nullis</strong></span> 
     </span>
     <span class='ocr_line' id='line_1_36' title="bbox 208 3520 2209 3606; baseline -0.001 -20"><span class='ocrx_word' id='word_1_499' title='bbox 208 3523 319 3588; x_wconf 90' lang='lat' dir='ltr'><strong>irritas</strong></span> <span class='ocrx_word' id='word_1_500' title='bbox 346 3523 443 3588; x_wconf 84' lang='lat' dir='ltr'><strong>faeiee</strong></span> <span class='ocrx_word' id='word_1_501' title='bbox 466 3522 527 3586; x_wconf 91' lang='lat' dir='ltr'><strong>Dei</strong></span> <span class='ocrx_word' id='word_1_502' title='bbox 559 3522 788 3603; x_wconf 87' lang='lat' dir='ltr'><strong>pmmissioues</strong></span> <span class='ocrx_word' id='word_1_503' title='bbox 818 3531 856 3586; x_wconf 91' lang='lat' dir='ltr'><strong>tu</strong></span> <span class='ocrx_word' id='word_1_504' title='bbox 879 3543 937 3603; x_wconf 90' lang='lat' dir='ltr'><strong>pro</strong></span> <span class='ocrx_word' id='word_1_505' title='bbox 960 3522 1063 3586; x_wconf 86' lang='lat' dir='ltr'><strong>nihilo</strong></span> <span class='ocrx_word' id='word_1_506' title='bbox 1085 3522 1183 3586; x_wconf 91' lang='lat' dir='ltr'><strong>duoes</strong></span> <span class='ocrx_word' id='word_1_507' title='bbox 1236 3525 1399 3590; x_wconf 84' lang='lat' dir='ltr'><strong>laboribus</strong></span> <span class='ocrx_word' id='word_1_508' title='bbox 1428 3525 1586 3606; x_wconf 91' lang='lat' dir='ltr'><strong>peperoit,</strong></span> <span class='ocrx_word' id='word_1_509' title='bbox 1617 3523 1743 3589; x_wconf 90' lang='lat' dir='ltr'><strong>nullum</strong></span> <span class='ocrx_word' id='word_1_510' title='bbox 1767 3522 1964 3605; x_wconf 90' lang='lat' dir='ltr'><strong>perieulum,</strong></span> <span class='ocrx_word' id='word_1_511' title='bbox 1994 3520 2116 3586; x_wconf 88' lang='lat' dir='ltr'><strong>nullam</strong></span> <span class='ocrx_word' id='word_1_512' title='bbox 2140 3539 2209 3584; x_wconf 91' lang='lat' dir='ltr'><strong>mo·</strong></span> 
     </span>
     <span class='ocr_line' id='line_1_37' title="bbox 206 3605 2208 3692; baseline -0.002 -19"><span class='ocrx_word' id='word_1_513' title='bbox 206 3609 414 3673; x_wconf 85' lang='lat' dir='ltr'><strong>sanetitatem</strong></span> <span class='ocrx_word' id='word_1_514' title='bbox 443 3606 580 3688; x_wconf 86' lang='lat' dir='ltr'><strong>templi?</strong></span> <span class='ocrx_word' id='word_1_515' title='bbox 611 3617 645 3671; x_wconf 90' lang='lat' dir='ltr'><strong>et</strong></span> <span class='ocrx_word' id='word_1_516' title='bbox 673 3609 799 3672; x_wconf 89' lang='lat' dir='ltr'><strong>interea</strong></span> <span class='ocrx_word' id='word_1_517' title='bbox 829 3607 997 3690; x_wconf 78' lang='lat' dir='ltr'><strong>fingebant</strong></span> <span class='ocrx_word' id='word_1_518' title='bbox 1018 3607 1181 3673; x_wconf 90' lang='lat' dir='ltr'><strong>neminem</strong></span> <span class='ocrx_word' id='word_1_519' title='bbox 1235 3611 1359 3678; x_wconf 87' lang='lat' dir='ltr'><strong>lestiam</strong></span> <span class='ocrx_word' id='word_1_520' title='bbox 1389 3630 1533 3692; x_wconf 89' lang='lat' dir='ltr'><strong>unquam</strong></span> <span class='ocrx_word' id='word_1_521' title='bbox 1563 3612 1652 3674; x_wconf 89' lang='lat' dir='ltr'><strong>visua</strong></span> <span class='ocrx_word' id='word_1_522' title='bbox 1680 3621 1730 3673; x_wconf 90' lang='lat' dir='ltr'><strong>est</strong></span> <span class='ocrx_word' id='word_1_523' title='bbox 1752 3609 1912 3692; x_wconf 78' lang='lat' dir='ltr'><strong>refugere,</strong></span> <span class='ocrx_word' id='word_1_524' title='bbox 1945 3608 2070 3690; x_wconf 90' lang='lat' dir='ltr'><strong>quoties</strong></span> <span class='ocrx_word' id='word_1_525' title='bbox 2093 3605 2208 3689; x_wconf 83' lang='lat' dir='ltr'><strong>religio</strong></span> 
     </span>
     <span class='ocr_line' id='line_1_38' title="bbox 208 3691 2209 3777; baseline -0.001 -19"><span class='ocrx_word' id='word_1_526' title='bbox 208 3714 249 3759; x_wconf 83' lang='lat' dir='ltr'><strong>ex</strong></span> <span class='ocrx_word' id='word_1_527' title='bbox 283 3692 451 3776; x_wconf 88' lang='lat' dir='ltr'><strong>prophetis</strong></span> <span class='ocrx_word' id='word_1_528' title='bbox 480 3713 623 3775; x_wconf 90' lang='lat' dir='ltr'><strong>unquam</strong></span> <span class='ocrx_word' id='word_1_529' title='bbox 653 3693 700 3758; x_wconf 91' lang='lat' dir='ltr'><strong>ita</strong></span> <span class='ocrx_word' id='word_1_530' title='bbox 728 3692 828 3758; x_wconf 77' lang='lat' dir='ltr'><strong>tuisse</strong></span> <span class='ocrx_word' id='word_1_531' title='bbox 857 3693 1039 3775; x_wconf 90' lang='lat' dir='ltr'><strong>loquutum.</strong></span> <span class='ocrx_word' id='word_1_532' title='bbox 1093 3691 1182 3774; x_wconf 76' lang='lat' dir='ltr'><strong>Quid</strong></span> <span class='ocrx_word' id='word_1_533' title='bbox 1236 3695 1281 3760; x_wconf 89' lang='lat' dir='ltr'><strong>ita</strong></span> <span class='ocrx_word' id='word_1_534' title='bbox 1318 3696 1502 3777; x_wconf 84' lang='lat' dir='ltr'><strong>flagitabat:</strong></span> <span class='ocrx_word' id='word_1_535' title='bbox 1542 3693 1598 3758; x_wconf 90' lang='lat' dir='ltr'><strong>sed</strong></span> <span class='ocrx_word' id='word_1_536' title='bbox 1637 3692 1787 3759; x_wconf 89' lang='lat' dir='ltr'><strong>videmus</strong></span> <span class='ocrx_word' id='word_1_537' title='bbox 1826 3694 2035 3777; x_wconf 85' lang='lat' dir='ltr'><strong>quantumvis</strong></span> <span class='ocrx_word' id='word_1_538' title='bbox 2075 3700 2209 3757; x_wconf 90' lang='lat' dir='ltr'><strong>strenue</strong></span> 
     </span>
     <span class='ocr_line' id='line_1_39' title="bbox 209 3776 2209 3862; baseline -0.001 -20"><span class='ocrx_word' id='word_1_539' title='bbox 209 3799 298 3844; x_wconf 91' lang='lat' dir='ltr'><strong>nuno</strong></span> <span class='ocrx_word' id='word_1_540' title='bbox 328 3791 438 3844; x_wconf 89' lang='lat' dir='ltr'><strong>autem</strong></span> <span class='ocrx_word' id='word_1_541' title='bbox 468 3778 666 3860; x_wconf 89' lang='lat' dir='ltr'><strong>respondent</strong></span> <span class='ocrx_word' id='word_1_542' title='bbox 687 3779 806 3844; x_wconf 81' lang='lat' dir='ltr'><strong>senes?</strong></span> <span class='ocrx_word' id='word_1_543' title='bbox 836 3799 952 3860; x_wconf 91' lang='lat' dir='ltr'><strong>nempe</strong></span> <span class='ocrx_word' id='word_1_544' title='bbox 979 3779 1079 3844; x_wconf 85' lang='lat' dir='ltr'><strong>luisse</strong></span> <span class='ocrx_word' id='word_1_545' title='bbox 1101 3779 1183 3844; x_wconf 87' lang='lat' dir='ltr'><strong>alios</strong></span> <span class='ocrx_word' id='word_1_546' title='bbox 1235 3781 1439 3857; x_wconf 86' lang='lat' dir='ltr'><strong>laboraverit,</strong></span> <span class='ocrx_word' id='word_1_547' title='bbox 1470 3790 1578 3844; x_wconf 89' lang='lat' dir='ltr'><strong>tamen</strong></span> <span class='ocrx_word' id='word_1_548' title='bbox 1608 3799 1674 3843; x_wconf 93' lang='lat' dir='ltr'><strong>non</strong></span> <span class='ocrx_word' id='word_1_549' title='bbox 1701 3779 1843 3862; x_wconf 89' lang='lat' dir='ltr'><strong>potuisse</strong></span> <span class='ocrx_word' id='word_1_550' title='bbox 1872 3778 2026 3858; x_wconf 87' lang='lat' dir='ltr'><strong>eoneequi</strong></span> <span class='ocrx_word' id='word_1_551' title='bbox 2056 3797 2114 3842; x_wconf 91' lang='lat' dir='ltr'><strong>suo</strong></span> <span class='ocrx_word' id='word_1_552' title='bbox 2140 3776 2209 3841; x_wconf 85' lang='lat' dir='ltr'><strong>nelo</strong></span> 
     </span>
     <span class='ocr_line' id='line_1_40' title="bbox 208 3862 2208 3949; baseline -0.002 -20"><span class='ocrx_word' id='word_1_553' title='bbox 208 3864 394 3948; x_wconf 82' lang='lat' dir='ltr'><strong>prophetas.</strong></span> <span class='ocrx_word' id='word_1_554' title='bbox 423 3864 477 3947; x_wconf 90' lang='lat' dir='ltr'><strong>qui</strong></span> <span class='ocrx_word' id='word_1_555' title='bbox 509 3862 778 3928; x_wconf 85' lang='lat' dir='ltr'><strong>denuntiaverint</strong></span> <span class='ocrx_word' id='word_1_556' title='bbox 802 3865 876 3928; x_wconf 92' lang='lat' dir='ltr'><strong>urbi</strong></span> <span class='ocrx_word' id='word_1_557' title='bbox 899 3875 932 3928; x_wconf 89' lang='lat' dir='ltr'><strong>et</strong></span> <span class='ocrx_word' id='word_1_558' title='bbox 954 3863 1076 3946; x_wconf 89' lang='lat' dir='ltr'><strong>templo</strong></span> <span class='ocrx_word' id='word_1_559' title='bbox 1099 3867 1182 3930; x_wconf 90' lang='lat' dir='ltr'><strong>inte·</strong></span> <span class='ocrx_word' id='word_1_560' title='bbox 1235 3876 1268 3930; x_wconf 90' lang='grc' dir='ltr'><strong>ει</strong></span> <span class='ocrx_word' id='word_1_561' title='bbox 1295 3865 1548 3949; x_wconf 87' lang='lat' dir='ltr'><strong>perseverantia,</strong></span> <span class='ocrx_word' id='word_1_562' title='bbox 1578 3874 1615 3930; x_wconf 90' lang='lat' dir='ltr'><strong>ut</strong></span> <span class='ocrx_word' id='word_1_563' title='bbox 1644 3874 1731 3930; x_wconf 90' lang='lat' dir='ltr'><strong>totus</strong></span> <span class='ocrx_word' id='word_1_564' title='bbox 1761 3863 1900 3947; x_wconf 92' lang='lat' dir='ltr'><strong>populus</strong></span> <span class='ocrx_word' id='word_1_565' title='bbox 1927 3873 2117 3944; x_wconf 87' lang='lat' dir='ltr'><strong>sequeretur</strong></span> <span class='ocrx_word' id='word_1_566' title='bbox 2141 3870 2208 3926; x_wconf 88' lang='lat' dir='ltr'><strong>tam</strong></span> 
     </span>
     <span class='ocr_line' id='line_1_41' title="bbox 208 3948 2208 4034; baseline -0.001 -20"><span class='ocrx_word' id='word_1_567' title='bbox 208 3949 326 4014; x_wconf 87' lang='lat' dir='ltr'><strong>ritum:</strong></span> <span class='ocrx_word' id='word_1_568' title='bbox 350 3971 427 4033; x_wconf 84' lang='lat' dir='ltr'><strong>ergo</strong></span> <span class='ocrx_word' id='word_1_569' title='bbox 450 3970 538 4014; x_wconf 90' lang='lat' dir='ltr'><strong>nune</strong></span> <span class='ocrx_word' id='word_1_570' title='bbox 561 3969 730 4032; x_wconf 89' lang='lat' dir='ltr'><strong>perperam</strong></span> <span class='ocrx_word' id='word_1_571' title='bbox 752 3949 886 4032; x_wconf 87' lang='lat' dir='ltr'><strong>gravari</strong></span> <span class='ocrx_word' id='word_1_572' title='bbox 903 3959 1053 4015; x_wconf 90' lang='lat' dir='ltr'><strong>sanetum</strong></span> <span class='ocrx_word' id='word_1_573' title='bbox 1073 3949 1182 4014; x_wconf 91' lang='lat' dir='ltr'><strong>virum</strong></span> <span class='ocrx_word' id='word_1_574' title='bbox 1236 3951 1438 4034; x_wconf 90' lang='lat' dir='ltr'><strong>praeelarum</strong></span> <span class='ocrx_word' id='word_1_575' title='bbox 1461 3949 1585 4016; x_wconf 90' lang='lat' dir='ltr'><strong>dueem.</strong></span> <span class='ocrx_word' id='word_1_576' title='bbox 1620 3948 1708 4030; x_wconf 80' lang='lat' dir='ltr'><strong>Quid</strong></span> <span class='ocrx_word' id='word_1_577' title='bbox 1731 3969 1810 4033; x_wconf 81' lang='lat' dir='ltr'><strong>ergo</strong></span> <span class='ocrx_word' id='word_1_578' title='bbox 1831 3950 1897 4026; x_wconf 86' lang='lat' dir='ltr'><strong>fiet,</strong></span> <span class='ocrx_word' id='word_1_579' title='bbox 1921 3948 1975 4013; x_wconf 92' lang='lat' dir='ltr'><strong>ubi</strong></span> <span class='ocrx_word' id='word_1_580' title='bbox 1998 3948 2107 4033; x_wconf 76' lang='lat' dir='ltr'><strong>frigidi</strong></span> <span class='ocrx_word' id='word_1_581' title='bbox 2129 3957 2208 4012; x_wconf 88' lang='lat' dir='ltr'><strong>sunt</strong></span> 
     </span>
     <span class='ocr_line' id='line_1_42' title="bbox 207 4033 2209 4120; baseline -0 -21"><span class='ocrx_word' id='word_1_582' title='bbox 207 4034 271 4101; x_wconf 87' lang='lat' dir='ltr'><strong>hae</strong></span> <span class='ocrx_word' id='word_1_583' title='bbox 292 4035 437 4114; x_wconf 77' lang='lat' dir='ltr'><strong>infamia,</strong></span> <span class='ocrx_word' id='word_1_584' title='bbox 460 4055 498 4100; x_wconf 88' lang='lat' dir='ltr'><strong>ae</strong></span> <span class='ocrx_word' id='word_1_585' title='bbox 520 4036 547 4098; x_wconf 90' lang='lat' dir='ltr'><strong>si</strong></span> <span class='ocrx_word' id='word_1_586' title='bbox 570 4035 694 4116; x_wconf 91' lang='lat' dir='ltr'><strong>primus</strong></span> <span class='ocrx_word' id='word_1_587' title='bbox 717 4034 906 4117; x_wconf 88' lang='lat' dir='ltr'><strong>protulisset</strong></span> <span class='ocrx_word' id='word_1_588' title='bbox 928 4033 989 4099; x_wconf 91' lang='lat' dir='ltr'><strong>hoo</strong></span> <span class='ocrx_word' id='word_1_589' title='bbox 1011 4033 1075 4099; x_wconf 92' lang='lat' dir='ltr'><strong>Dei</strong></span> <span class='ocrx_word' id='word_1_590' title='bbox 1097 4035 1181 4098; x_wconf 92' lang='lat' dir='ltr'><strong>iudi·</strong></span> <span class='ocrx_word' id='word_1_591' title='bbox 1235 4057 1271 4102; x_wconf 90' lang='lat' dir='ltr'><strong>ao</strong></span> <span class='ocrx_word' id='word_1_592' title='bbox 1293 4038 1413 4120; x_wconf 80' lang='lat' dir='ltr'><strong>ignavi,</strong></span> <span class='ocrx_word' id='word_1_593' title='bbox 1437 4037 1492 4119; x_wconf 88' lang='lat' dir='ltr'><strong>qai</strong></span> <span class='ocrx_word' id='word_1_594' title='bbox 1514 4036 1586 4100; x_wconf 88' lang='lat' dir='ltr'><strong>aliis</strong></span> <span class='ocrx_word' id='word_1_595' title='bbox 1609 4037 1692 4099; x_wconf 90' lang='lat' dir='ltr'><strong>viam</strong></span> <span class='ocrx_word' id='word_1_596' title='bbox 1716 4043 1901 4100; x_wconf 88' lang='lat' dir='ltr'><strong>monstrare</strong></span> <span class='ocrx_word' id='word_1_597' title='bbox 1923 4034 2058 4098; x_wconf 89' lang='lat' dir='ltr'><strong>debent:</strong></span> <span class='ocrx_word' id='word_1_598' title='bbox 2081 4033 2209 4098; x_wconf 88' lang='lat' dir='ltr'><strong>interea</strong></span> 
     </span>
     <span class='ocr_line' id='line_1_43' title="bbox 208 4118 2209 4204; baseline 0 -19"><span class='ocrx_word' id='word_1_599' title='bbox 208 4119 304 4186; x_wconf 91' lang='lat' dir='ltr'><strong>oium.</strong></span> <span class='ocrx_word' id='word_1_600' title='bbox 350 4120 447 4185; x_wconf 91' lang='lat' dir='ltr'><strong>Nune</strong></span> <span class='ocrx_word' id='word_1_601' title='bbox 468 4140 546 4203; x_wconf 80' lang='lat' dir='ltr'><strong>ergo</strong></span> <span class='ocrx_word' id='word_1_602' title='bbox 573 4136 723 4185; x_wconf 90' lang='lat' dir='ltr'><strong>tenemus</strong></span> <span class='ocrx_word' id='word_1_603' title='bbox 745 4131 866 4184; x_wconf 88' lang='lat' dir='ltr'><strong>statum</strong></span> <span class='ocrx_word' id='word_1_604' title='bbox 889 4139 1014 4185; x_wconf 87' lang='lat' dir='ltr'><strong>oaueae.</strong></span> <span class='ocrx_word' id='word_1_605' title='bbox 1061 4119 1182 4184; x_wconf 86' lang='lat' dir='ltr'><strong>Delen·</strong></span> <span class='ocrx_word' id='word_1_606' title='bbox 1234 4122 1383 4204; x_wconf 87' lang='lat' dir='ltr'><strong>exemplo</strong></span> <span class='ocrx_word' id='word_1_607' title='bbox 1414 4121 1572 4188; x_wconf 81' lang='lat' dir='ltr'><strong>Eusebiae</strong></span> <span class='ocrx_word' id='word_1_608' title='bbox 1603 4141 1672 4185; x_wconf 91' lang='lat' dir='ltr'><strong>sese</strong></span> <span class='ocrx_word' id='word_1_609' title='bbox 1703 4121 1898 4186; x_wconf 82' lang='lat' dir='ltr'><strong>confirment</strong></span> <span class='ocrx_word' id='word_1_610' title='bbox 1927 4120 2001 4184; x_wconf 92' lang='lat' dir='ltr'><strong>boui</strong></span> <span class='ocrx_word' id='word_1_611' title='bbox 2034 4118 2209 4203; x_wconf 89' lang='lat' dir='ltr'><strong>prinoipes,</strong></span> 
     </span>
     <span class='ocr_line' id='line_1_44' title="bbox 208 4203 2208 4290; baseline -0.001 -21"><span class='ocrx_word' id='word_1_612' title='bbox 208 4204 298 4271; x_wconf 91' lang='lat' dir='ltr'><strong>ditur</strong></span> <span class='ocrx_word' id='word_1_613' title='bbox 316 4205 472 4272; x_wconf 86' lang='lat' dir='ltr'><strong>Ieremias</strong></span> <span class='ocrx_word' id='word_1_614' title='bbox 492 4205 577 4286; x_wconf 91' lang='lat' dir='ltr'><strong>quod</strong></span> <span class='ocrx_word' id='word_1_615' title='bbox 600 4225 706 4287; x_wconf 91' lang='lat' dir='ltr'><strong>neque</strong></span> <span class='ocrx_word' id='word_1_616' title='bbox 727 4205 823 4285; x_wconf 88' lang='lat' dir='ltr'><strong>solus,</strong></span> <span class='ocrx_word' id='word_1_617' title='bbox 847 4223 952 4286; x_wconf 90' lang='lat' dir='ltr'><strong>neque</strong></span> <span class='ocrx_word' id='word_1_618' title='bbox 969 4206 1096 4287; x_wconf 88' lang='lat' dir='ltr'><strong>primus</strong></span> <span class='ocrx_word' id='word_1_619' title='bbox 1116 4215 1181 4270; x_wconf 86' lang='lat' dir='ltr'><strong>tam</strong></span> <span class='ocrx_word' id='word_1_620' title='bbox 1235 4228 1276 4272; x_wconf 92' lang='lat' dir='ltr'><strong>ne</strong></span> <span class='ocrx_word' id='word_1_621' title='bbox 1309 4206 1490 4290; x_wconf 85' lang='lat' dir='ltr'><strong>labasoant,</strong></span> <span class='ocrx_word' id='word_1_622' title='bbox 1532 4207 1584 4271; x_wconf 92' lang='lat' dir='ltr'><strong>vel</strong></span> <span class='ocrx_word' id='word_1_623' title='bbox 1620 4205 1773 4272; x_wconf 84' lang='lat' dir='ltr'><strong>definiant</strong></span> <span class='ocrx_word' id='word_1_624' title='bbox 1806 4205 1925 4271; x_wconf 89' lang='lat' dir='ltr'><strong>animis</strong></span> <span class='ocrx_word' id='word_1_625' title='bbox 1957 4225 2058 4287; x_wconf 90' lang='lat' dir='ltr'><strong>quum</strong></span> <span class='ocrx_word' id='word_1_626' title='bbox 2092 4203 2208 4270; x_wconf 92' lang='lat' dir='ltr'><strong>vident</strong></span> 
     </span>
     <span class='ocr_line' id='line_1_45' title="bbox 207 4288 2206 4376; baseline -0.001 -20"><span class='ocrx_word' id='word_1_627' title='bbox 207 4294 353 4376; x_wconf 76' lang='lat' dir='ltr'><strong>graviter</strong></span> <span class='ocrx_word' id='word_1_628' title='bbox 374 4292 472 4356; x_wconf 83' lang='lat' dir='ltr'><strong>luerit</strong></span> <span class='ocrx_word' id='word_1_629' title='bbox 495 4289 638 4354; x_wconf 89' lang='lat' dir='ltr'><strong>minatus</strong></span> <span class='ocrx_word' id='word_1_630' title='bbox 657 4290 730 4356; x_wconf 91' lang='lat' dir='ltr'><strong>urbi</strong></span> <span class='ocrx_word' id='word_1_631' title='bbox 751 4300 785 4353; x_wconf 90' lang='lat' dir='ltr'><strong>et</strong></span> <span class='ocrx_word' id='word_1_632' title='bbox 803 4291 932 4373; x_wconf 86' lang='lat' dir='ltr'><strong>templo,</strong></span> <span class='ocrx_word' id='word_1_633' title='bbox 956 4291 1013 4355; x_wconf 93' lang='lat' dir='ltr'><strong>sed</strong></span> <span class='ocrx_word' id='word_1_634' title='bbox 1032 4290 1182 4357; x_wconf 91' lang='lat' dir='ltr'><strong>habuerit</strong></span> <span class='ocrx_word' id='word_1_635' title='bbox 1234 4312 1418 4358; x_wconf 84' lang='lat' dir='ltr'><strong>suooeseum</strong></span> <span class='ocrx_word' id='word_1_636' title='bbox 1458 4313 1521 4358; x_wconf 93' lang='lat' dir='ltr'><strong>uon</strong></span> <span class='ocrx_word' id='word_1_637' title='bbox 1555 4293 1666 4357; x_wconf 91' lang='lat' dir='ltr'><strong>statim</strong></span> <span class='ocrx_word' id='word_1_638' title='bbox 1699 4289 1895 4373; x_wconf 86' lang='lat' dir='ltr'><strong>respondere</strong></span> <span class='ocrx_word' id='word_1_639' title='bbox 1932 4290 2000 4355; x_wconf 91' lang='lat' dir='ltr'><strong>suis</strong></span> <span class='ocrx_word' id='word_1_640' title='bbox 2033 4288 2206 4369; x_wconf 83' lang='lat' dir='ltr'><strong>laboribus,</strong></span> 
     </span>
     <span class='ocr_line' id='line_1_46' title="bbox 207 4375 2206 4461; baseline 0 -19"><span class='ocrx_word' id='word_1_641' title='bbox 207 4376 290 4443; x_wconf 90' lang='lat' dir='ltr'><strong>alios</strong></span> <span class='ocrx_word' id='word_1_642' title='bbox 316 4386 456 4457; x_wconf 88' lang='lat' dir='ltr'><strong>autores,</strong></span> <span class='ocrx_word' id='word_1_643' title='bbox 485 4396 528 4440; x_wconf 86' lang='lat' dir='ltr'><strong>ex</strong></span> <span class='ocrx_word' id='word_1_644' title='bbox 559 4395 697 4458; x_wconf 92' lang='lat' dir='ltr'><strong>quorum</strong></span> <span class='ocrx_word' id='word_1_645' title='bbox 720 4397 776 4440; x_wconf 91' lang='lat' dir='ltr'><strong>ore</strong></span> <span class='ocrx_word' id='word_1_646' title='bbox 798 4376 952 4458; x_wconf 90' lang='lat' dir='ltr'><strong>loquutus</strong></span> <span class='ocrx_word' id='word_1_647' title='bbox 973 4377 1025 4450; x_wconf 89' lang='lat' dir='ltr'><strong>sit,</strong></span> <span class='ocrx_word' id='word_1_648' title='bbox 1055 4387 1088 4440; x_wconf 92' lang='lat' dir='ltr'><strong>et</strong></span> <span class='ocrx_word' id='word_1_649' title='bbox 1110 4378 1181 4459; x_wconf 90' lang='lat' dir='ltr'><strong>qui·</strong></span> <span class='ocrx_word' id='word_1_650' title='bbox 1234 4399 1338 4461; x_wconf 89' lang='lat' dir='ltr'><strong>neque</strong></span> <span class='ocrx_word' id='word_1_651' title='bbox 1377 4378 1518 4444; x_wconf 83' lang='lat' dir='ltr'><strong>sruotum</strong></span> <span class='ocrx_word' id='word_1_652' title='bbox 1559 4379 1699 4442; x_wconf 70' lang='lat' dir='ltr'><strong>metare.</strong></span> <span class='ocrx_word' id='word_1_653' title='bbox 1753 4377 1815 4441; x_wconf 77' lang='lat' dir='ltr'><strong>Est</strong></span> <span class='ocrx_word' id='word_1_654' title='bbox 1854 4377 1940 4441; x_wconf 89' lang='lat' dir='ltr'><strong>euim</strong></span> <span class='ocrx_word' id='word_1_655' title='bbox 1981 4375 2061 4442; x_wconf 89' lang='lat' dir='ltr'><strong>haee</strong></span> <span class='ocrx_word' id='word_1_656' title='bbox 2095 4376 2206 4460; x_wconf 82' lang='lat' dir='ltr'><strong>gravis</strong></span> 
     </span>
     <span class='ocr_line' id='line_1_47' title="bbox 208 4460 2209 4546; baseline -0.001 -18"><span class='ocrx_word' id='word_1_657' title='bbox 208 4464 282 4528; x_wconf 90' lang='lat' dir='ltr'><strong>dem</strong></span> <span class='ocrx_word' id='word_1_658' title='bbox 311 4471 418 4529; x_wconf 90' lang='lat' dir='ltr'><strong>aertos</strong></span> <span class='ocrx_word' id='word_1_659' title='bbox 440 4473 473 4526; x_wconf 92' lang='lat' dir='ltr'><strong>et</strong></span> <span class='ocrx_word' id='word_1_660' title='bbox 500 4460 661 4544; x_wconf 80' lang='lat' dir='ltr'><strong>legitimos</strong></span> <span class='ocrx_word' id='word_1_661' title='bbox 686 4462 745 4525; x_wconf 89' lang='lat' dir='ltr'><strong>Dei</strong></span> <span class='ocrx_word' id='word_1_662' title='bbox 768 4481 890 4534; x_wconf 88' lang='lat' dir='ltr'><strong>servos.</strong></span> <span class='ocrx_word' id='word_1_663' title='bbox 921 4460 1092 4544; x_wconf 87' lang='lat' dir='ltr'><strong>atquibus</strong></span> <span class='ocrx_word' id='word_1_664' title='bbox 1115 4483 1181 4527; x_wconf 92' lang='lat' dir='ltr'><strong>nou</strong></span> <span class='ocrx_word' id='word_1_665' title='bbox 1234 4463 1379 4540; x_wconf 88' lang='lat' dir='ltr'><strong>tentatio,</strong></span> <span class='ocrx_word' id='word_1_666' title='bbox 1403 4471 1436 4528; x_wconf 89' lang='lat' dir='ltr'><strong>et</strong></span> <span class='ocrx_word' id='word_1_667' title='bbox 1458 4484 1541 4546; x_wconf 89' lang='lat' dir='ltr'><strong>quae</strong></span> <span class='ocrx_word' id='word_1_668' title='bbox 1563 4461 1708 4527; x_wconf 90' lang='lat' dir='ltr'><strong>eoueutit</strong></span> <span class='ocrx_word' id='word_1_669' title='bbox 1730 4463 1831 4526; x_wconf 87' lang='lat' dir='ltr'><strong>etiam</strong></span> <span class='ocrx_word' id='word_1_670' title='bbox 1853 4461 2092 4527; x_wconf 86' lang='lat' dir='ltr'><strong>eordatiesimos</strong></span> <span class='ocrx_word' id='word_1_671' title='bbox 2114 4481 2209 4543; x_wconf 88' lang='lat' dir='ltr'><strong>quos·</strong></span> 
     </span>
     <span class='ocr_line' id='line_1_48' title="bbox 207 4545 2207 4633; baseline -0.001 -21"><span class='ocrx_word' id='word_1_672' title='bbox 207 4552 308 4632; x_wconf 86' lang='lat' dir='ltr'><strong>possit</strong></span> <span class='ocrx_word' id='word_1_673' title='bbox 335 4549 417 4612; x_wconf 89' lang='lat' dir='ltr'><strong>fides</strong></span> <span class='ocrx_word' id='word_1_674' title='bbox 445 4546 584 4625; x_wconf 87' lang='lat' dir='ltr'><strong>detrahi,</strong></span> <span class='ocrx_word' id='word_1_675' title='bbox 614 4546 721 4628; x_wconf 86' lang='lat' dir='ltr'><strong>qualis</strong></span> <span class='ocrx_word' id='word_1_676' title='bbox 744 4558 813 4610; x_wconf 87' lang='lat' dir='ltr'><strong>erat</strong></span> <span class='ocrx_word' id='word_1_677' title='bbox 837 4545 955 4612; x_wconf 87' lang='lat' dir='ltr'><strong>lllioba.</strong></span> <span class='ocrx_word' id='word_1_678' title='bbox 998 4546 1069 4611; x_wconf 90' lang='lat' dir='ltr'><strong>Iam</strong></span> <span class='ocrx_word' id='word_1_679' title='bbox 1095 4547 1181 4630; x_wconf 91' lang='lat' dir='ltr'><strong>qnod</strong></span> <span class='ocrx_word' id='word_1_680' title='bbox 1233 4570 1306 4633; x_wconf 91' lang='lat' dir='ltr'><strong>qne,</strong></span> <span class='ocrx_word' id='word_1_681' title='bbox 1337 4549 1415 4614; x_wconf 91' lang='lat' dir='ltr'><strong>dum</strong></span> <span class='ocrx_word' id='word_1_682' title='bbox 1442 4548 1630 4614; x_wconf 87' lang='lat' dir='ltr'><strong>existimant</strong></span> <span class='ocrx_word' id='word_1_683' title='bbox 1659 4567 1694 4612; x_wconf 91' lang='lat' dir='ltr'><strong>se</strong></span> <span class='ocrx_word' id='word_1_684' title='bbox 1716 4547 1839 4612; x_wconf 82' lang='lat' dir='ltr'><strong>frustra</strong></span> <span class='ocrx_word' id='word_1_685' title='bbox 1868 4550 1987 4624; x_wconf 83' lang='lat' dir='ltr'><strong>sonari,</strong></span> <span class='ocrx_word' id='word_1_686' title='bbox 2016 4559 2051 4612; x_wconf 90' lang='lat' dir='ltr'><strong>et</strong></span> <span class='ocrx_word' id='word_1_687' title='bbox 2071 4547 2207 4612; x_wconf 89' lang='lat' dir='ltr'><strong>inutiles</strong></span> 
     </span>
     <span class='ocr_line' id='line_1_49' title="bbox 206 4631 2206 4717; baseline -0.001 -18"><span class='ocrx_word' id='word_1_688' title='bbox 206 4633 261 4699; x_wconf 90' lang='lat' dir='ltr'><strong>hio</strong></span> <span class='ocrx_word' id='word_1_689' title='bbox 283 4633 422 4698; x_wconf 75' lang='lat' dir='ltr'><strong>refertar</strong></span> <span class='ocrx_word' id='word_1_690' title='bbox 444 4634 541 4697; x_wconf 90' lang='lat' dir='ltr'><strong>etiam</strong></span> <span class='ocrx_word' id='word_1_691' title='bbox 566 4633 685 4717; x_wconf 79' lang='lat' dir='ltr'><strong>legitur</strong></span> <span class='ocrx_word' id='word_1_692' title='bbox 707 4632 803 4696; x_wconf 89' lang='lat' dir='ltr'><strong>tertio</strong></span> <span class='ocrx_word' id='word_1_693' title='bbox 825 4653 894 4714; x_wconf 83' lang='lat' dir='ltr'><strong>unp.</strong></span> <span class='ocrx_word' id='word_1_694' title='bbox 915 4635 983 4696; x_wconf 86' lang='lat' dir='ltr'><strong>eius</strong></span> <span class='ocrx_word' id='word_1_695' title='bbox 1005 4634 1181 4717; x_wconf 85' lang='lat' dir='ltr'><strong>prophetae</strong></span> <span class='ocrx_word' id='word_1_696' title='bbox 1232 4657 1304 4701; x_wconf 91' lang='lat' dir='ltr'><strong>esse</strong></span> <span class='ocrx_word' id='word_1_697' title='bbox 1334 4655 1409 4699; x_wconf 88' lang='lat' dir='ltr'><strong>snos</strong></span> <span class='ocrx_word' id='word_1_698' title='bbox 1442 4634 1584 4710; x_wconf 87' lang='lat' dir='ltr'><strong>labores,</strong></span> <span class='ocrx_word' id='word_1_699' title='bbox 1625 4633 1691 4698; x_wconf 89' lang='lat' dir='ltr'><strong>imo</strong></span> <span class='ocrx_word' id='word_1_700' title='bbox 1724 4655 1759 4698; x_wconf 94' lang='lat' dir='ltr'><strong>se</strong></span> <span class='ocrx_word' id='word_1_701' title='bbox 1792 4631 1885 4716; x_wconf 90' lang='lat' dir='ltr'><strong>quasi</strong></span> <span class='ocrx_word' id='word_1_702' title='bbox 1917 4652 2050 4715; x_wconf 90' lang='lat' dir='ltr'><strong>operam</strong></span> <span class='ocrx_word' id='word_1_703' title='bbox 2084 4631 2206 4697; x_wconf 87' lang='lat' dir='ltr'><strong>ludere.</strong></span> 
     </span>
     <span class='ocr_line' id='line_1_50' title="bbox 208 4715 2207 4803; baseline -0.002 -19"><span class='ocrx_word' id='word_1_704' title='bbox 208 4719 253 4803; x_wconf 88' lang='lat' dir='ltr'><strong>(v.</strong></span> <span class='ocrx_word' id='word_1_705' title='bbox 279 4716 343 4802; x_wconf 78' lang='lat'><strong>12).</strong></span> <span class='ocrx_word' id='word_1_706' title='bbox 394 4718 477 4783; x_wconf 88' lang='lat' dir='ltr'><strong>Nam</strong></span> <span class='ocrx_word' id='word_1_707' title='bbox 507 4727 671 4784; x_wconf 77' lang='lat' dir='ltr'><strong>esttamen</strong></span> <span class='ocrx_word' id='word_1_708' title='bbox 701 4718 807 4784; x_wconf 90' lang='lat' dir='ltr'><strong>simile</strong></span> <span class='ocrx_word' id='word_1_709' title='bbox 834 4727 904 4782; x_wconf 92' lang='lat' dir='ltr'><strong>erat</strong></span> <span class='ocrx_word' id='word_1_710' title='bbox 931 4718 1079 4784; x_wconf 85' lang='lat' dir='ltr'><strong>Miebeae</strong></span> <span class='ocrx_word' id='word_1_711' title='bbox 1106 4739 1180 4783; x_wconf 91' lang='lat' dir='ltr'><strong>oum</strong></span> <span class='ocrx_word' id='word_1_712' title='bbox 1232 4719 1289 4786; x_wconf 84' lang='lat' dir='ltr'><strong>Sia</strong></span> <span class='ocrx_word' id='word_1_713' title='bbox 1311 4721 1399 4784; x_wconf 91' lang='lat' dir='ltr'><strong>enim</strong></span> <span class='ocrx_word' id='word_1_714' title='bbox 1422 4721 1461 4786; x_wconf 87' lang='lat' dir='ltr'><strong>fit</strong></span> <span class='ocrx_word' id='word_1_715' title='bbox 1483 4729 1519 4785; x_wconf 93' lang='lat' dir='ltr'><strong>ut</strong></span> <span class='ocrx_word' id='word_1_716' title='bbox 1541 4718 1635 4784; x_wconf 90' lang='lat' dir='ltr'><strong>multi</strong></span> <span class='ocrx_word' id='word_1_717' title='bbox 1659 4738 1792 4784; x_wconf 90' lang='lat' dir='ltr'><strong>onrsum</strong></span> <span class='ocrx_word' id='word_1_718' title='bbox 1815 4719 2046 4794; x_wconf 88' lang='lat' dir='ltr'><strong>retrofleotunt‚</strong></span> <span class='ocrx_word' id='word_1_719' title='bbox 2068 4715 2125 4781; x_wconf 89' lang='lat' dir='ltr'><strong>sed</strong></span> <span class='ocrx_word' id='word_1_720' title='bbox 2145 4717 2207 4782; x_wconf 92' lang='lat' dir='ltr'><strong>hoo</strong></span> 
     </span>
     <span class='ocr_line' id='line_1_51' title="bbox 207 4801 2206 4888; baseline -0.002 -20"><span class='ocrx_word' id='word_1_721' title='bbox 207 4801 428 4870; x_wconf 88' lang='lat' dir='ltr'><strong>saeerdotibus</strong></span> <span class='ocrx_word' id='word_1_722' title='bbox 461 4816 494 4870; x_wconf 92' lang='lat' dir='ltr'><strong>et</strong></span> <span class='ocrx_word' id='word_1_723' title='bbox 526 4803 710 4887; x_wconf 88' lang='lat' dir='ltr'><strong>prophetis,</strong></span> <span class='ocrx_word' id='word_1_724' title='bbox 751 4803 847 4885; x_wconf 90' lang='lat' dir='ltr'><strong>quale</strong></span> <span class='ocrx_word' id='word_1_725' title='bbox 882 4809 993 4885; x_wconf 88' lang='lat' dir='ltr'><strong>postea</strong></span> <span class='ocrx_word' id='word_1_726' title='bbox 1025 4802 1181 4868; x_wconf 87' lang='lat' dir='ltr'><strong>Ieremias</strong></span> <span class='ocrx_word' id='word_1_727' title='bbox 1232 4805 1418 4888; x_wconf 87' lang='lat' dir='ltr'><strong>exemplam</strong></span> <span class='ocrx_word' id='word_1_728' title='bbox 1442 4805 1611 4887; x_wconf 78' lang='lat' dir='ltr'><strong>Eusebiae,</strong></span> <span class='ocrx_word' id='word_1_729' title='bbox 1641 4803 1739 4869; x_wconf 91' lang='lat' dir='ltr'><strong>debet</strong></span> <span class='ocrx_word' id='word_1_730' title='bbox 1763 4803 1829 4868; x_wconf 90' lang='lat' dir='ltr'><strong>illis</strong></span> <span class='ocrx_word' id='word_1_731' title='bbox 1856 4805 1971 4868; x_wconf 90' lang='lat' dir='ltr'><strong>venire</strong></span> <span class='ocrx_word' id='word_1_732' title='bbox 1993 4805 2028 4867; x_wconf 92' lang='lat' dir='ltr'><strong>in</strong></span> <span class='ocrx_word' id='word_1_733' title='bbox 2050 4810 2206 4882; x_wconf 90' lang='lat' dir='ltr'><strong>mentem,</strong></span> 
     </span>
     <span class='ocr_line' id='line_1_52' title="bbox 208 4887 2207 4975; baseline 0 -21"><span class='ocrx_word' id='word_1_734' title='bbox 208 4891 280 4954; x_wconf 86' lang='lat' dir='ltr'><strong>fait.</strong></span> <span class='ocrx_word' id='word_1_735' title='bbox 323 4889 483 4954; x_wconf 90' lang='lat' dir='ltr'><strong>Dieebant</strong></span> <span class='ocrx_word' id='word_1_736' title='bbox 509 4890 596 4955; x_wconf 90' lang='lat' dir='ltr'><strong>enim</strong></span> <span class='ocrx_word' id='word_1_737' title='bbox 625 4889 697 4953; x_wconf 86' lang='lat' dir='ltr'><strong>fieri</strong></span> <span class='ocrx_word' id='word_1_738' title='bbox 725 4910 790 4952; x_wconf 95' lang='lat' dir='ltr'><strong>uon</strong></span> <span class='ocrx_word' id='word_1_739' title='bbox 818 4908 925 4970; x_wconf 91' lang='lat' dir='ltr'><strong>posse,</strong></span> <span class='ocrx_word' id='word_1_740' title='bbox 958 4898 995 4952; x_wconf 92' lang='lat' dir='ltr'><strong>nt</strong></span> <span class='ocrx_word' id='word_1_741' title='bbox 1019 4889 1108 4954; x_wconf 90' lang='lat' dir='ltr'><strong>Deus</strong></span> <span class='ocrx_word' id='word_1_742' title='bbox 1136 4891 1182 4953; x_wconf 91' lang='lat' dir='ltr'><strong>ita</strong></span> <span class='ocrx_word' id='word_1_743' title='bbox 1233 4899 1269 4956; x_wconf 93' lang='lat' dir='ltr'><strong>ut</strong></span> <span class='ocrx_word' id='word_1_744' title='bbox 1291 4898 1432 4975; x_wconf 79' lang='lat' dir='ltr'><strong>pergant</strong></span> <span class='ocrx_word' id='word_1_745' title='bbox 1453 4890 1675 4968; x_wconf 90' lang='lat' dir='ltr'><strong>nihilominus,</strong></span> <span class='ocrx_word' id='word_1_746' title='bbox 1698 4888 1848 4972; x_wconf 89' lang='lat' dir='ltr'><strong>quamvis</strong></span> <span class='ocrx_word' id='word_1_747' title='bbox 1871 4909 1936 4953; x_wconf 94' lang='lat' dir='ltr'><strong>non</strong></span> <span class='ocrx_word' id='word_1_748' title='bbox 1959 4887 2115 4971; x_wconf 84' lang='lat' dir='ltr'><strong>affulgeat</strong></span> <span class='ocrx_word' id='word_1_749' title='bbox 2132 4908 2207 4970; x_wconf 88' lang='lat' dir='ltr'><strong>spes</strong></span> 
     </span>
     <span class='ocr_line' id='line_1_53' title="bbox 208 4973 2206 5060; baseline -0.001 -20"><span class='ocrx_word' id='word_1_750' title='bbox 208 4976 351 5040; x_wconf 86' lang='lat' dir='ltr'><strong>saeviret</strong></span> <span class='ocrx_word' id='word_1_751' title='bbox 379 4986 492 5040; x_wconf 90' lang='lat' dir='ltr'><strong>eontra</strong></span> <span class='ocrx_word' id='word_1_752' title='bbox 514 4985 659 5040; x_wconf 84' lang='lat' dir='ltr'><strong>sanatam</strong></span> <span class='ocrx_word' id='word_1_753' title='bbox 683 4974 793 5038; x_wconf 88' lang='lat' dir='ltr'><strong>urbem</strong></span> <span class='ocrx_word' id='word_1_754' title='bbox 817 4985 849 5037; x_wconf 90' lang='lat' dir='ltr'><strong>at</strong></span> <span class='ocrx_word' id='word_1_755' title='bbox 872 4973 1039 5056; x_wconf 89' lang='lat' dir='ltr'><strong>templum.</strong></span> <span class='ocrx_word' id='word_1_756' title='bbox 1086 4975 1182 5041; x_wconf 88' lang='lat' dir='ltr'><strong>Diae·</strong></span> <span class='ocrx_word' id='word_1_757' title='bbox 1232 4977 1381 5060; x_wconf 87' lang='lat' dir='ltr'><strong>prosperi</strong></span> <span class='ocrx_word' id='word_1_758' title='bbox 1417 4977 1534 5042; x_wconf 85' lang='lat' dir='ltr'><strong>exitus.</strong></span> <span class='ocrx_word' id='word_1_759' title='bbox 1590 4975 1705 5058; x_wconf 89' lang='lat' dir='ltr'><strong>Neque</strong></span> <span class='ocrx_word' id='word_1_760' title='bbox 1745 4975 1832 5040; x_wconf 90' lang='lat' dir='ltr'><strong>enim</strong></span> <span class='ocrx_word' id='word_1_761' title='bbox 1871 4973 1997 5039; x_wconf 88' lang='lat' dir='ltr'><strong>destitit</strong></span> <span class='ocrx_word' id='word_1_762' title='bbox 2037 4973 2206 5052; x_wconf 79' lang='lat' dir='ltr'><strong>Eusebius,</strong></span> 
     </span>
     <span class='ocr_line' id='line_1_54' title="bbox 208 5044 2206 5145; baseline -0.001 -19"><span class='ocrx_word' id='word_1_763' title='bbox 208 5061 303 5137; x_wconf 90' lang='lat' dir='ltr'><strong>bant,</strong></span> <span class='ocrx_word' id='word_1_764' title='bbox 333 5072 443 5144; x_wconf 65' lang='lat' dir='ltr'><strong>ttz&#39;tp:</strong></span> <span class='ocrx_word' id='word_1_765' title='bbox 467 5073 535 5127; x_wconf 61' lang='lat' dir='ltr'><strong>mn*</strong></span> <span class='ocrx_word' id='word_1_766' title='bbox 553 5044 629 5134; x_wconf 61' lang='lat' dir='ltr'><strong>ttSn.</strong></span> <span class='ocrx_word' id='word_1_767' title='bbox 664 5058 786 5124; x_wconf 84' lang='lat' dir='ltr'><strong>Annon</strong></span> <span class='ocrx_word' id='word_1_768' title='bbox 820 5058 967 5124; x_wconf 88' lang='lat' dir='ltr'><strong>Iebovab</strong></span> <span class='ocrx_word' id='word_1_769' title='bbox 1003 5060 1037 5124; x_wconf 89' lang='lat' dir='ltr'><strong>in</strong></span> <span class='ocrx_word' id='word_1_770' title='bbox 1076 5060 1181 5124; x_wconf 92' lang='lat' dir='ltr'><strong>medio</strong></span> <span class='ocrx_word' id='word_1_771' title='bbox 1233 5062 1384 5145; x_wconf 90' lang='lat' dir='ltr'><strong>quamvis</strong></span> <span class='ocrx_word' id='word_1_772' title='bbox 1406 5059 1510 5128; x_wconf 85' lang='lat' dir='ltr'><strong>Satan</strong></span> <span class='ocrx_word' id='word_1_773' title='bbox 1541 5060 1648 5126; x_wconf 92' lang='lat' dir='ltr'><strong>modis</strong></span> <span class='ocrx_word' id='word_1_774' title='bbox 1671 5061 1822 5126; x_wconf 89' lang='lat' dir='ltr'><strong>omnibns</strong></span> <span class='ocrx_word' id='word_1_775' title='bbox 1844 5057 1998 5125; x_wconf 85' lang='lat' dir='ltr'><strong>obieoerit</strong></span> <span class='ocrx_word' id='word_1_776' title='bbox 2019 5059 2123 5123; x_wconf 90' lang='lat' dir='ltr'><strong>multa</strong></span> <span class='ocrx_word' id='word_1_777' title='bbox 2144 5059 2206 5124; x_wconf 91' lang='lat' dir='ltr'><strong>im·</strong></span> 
     </span>
     <span class='ocr_line' id='line_1_55' title="bbox 208 5129 2207 5230; baseline 0.001 -20"><span class='ocrx_word' id='word_1_778' title='bbox 208 5145 332 5211; x_wconf 84' lang='lat' dir='ltr'><strong>nostri?</strong></span> <span class='ocrx_word' id='word_1_779' title='bbox 387 5158 454 5221; x_wconf 70' lang='lat' dir='ltr'><strong>flt&#39;t</strong></span> <span class='ocrx_word' id='word_1_780' title='bbox 479 5129 555 5222; x_wconf 78' lang='lat' dir='ltr'><strong>ubo</strong></span> <span class='ocrx_word' id='word_1_781' title='bbox 579 5159 650 5214; x_wconf 76' lang='lat' dir='ltr'><strong>ann</strong></span> <span class='ocrx_word' id='word_1_782' title='bbox 677 5129 730 5219; x_wconf 63' lang='lat' dir='ltr'><strong>td),</strong></span> <span class='ocrx_word' id='word_1_783' title='bbox 765 5143 928 5221; x_wconf 89' lang='lat' dir='ltr'><strong>dioebant,</strong></span> <span class='ocrx_word' id='word_1_784' title='bbox 965 5143 1038 5210; x_wconf 90' lang='lat' dir='ltr'><strong>Nou</strong></span> <span class='ocrx_word' id='word_1_785' title='bbox 1072 5145 1182 5210; x_wconf 91' lang='lat' dir='ltr'><strong>veniet</strong></span> <span class='ocrx_word' id='word_1_786' title='bbox 1232 5146 1427 5229; x_wconf 91' lang='lat' dir='ltr'><strong>pedimenta,</strong></span> <span class='ocrx_word' id='word_1_787' title='bbox 1455 5152 1553 5230; x_wconf 83' lang='lat' dir='ltr'><strong>atque</strong></span> <span class='ocrx_word' id='word_1_788' title='bbox 1575 5147 1675 5213; x_wconf 92' lang='lat' dir='ltr'><strong>etiam</strong></span> <span class='ocrx_word' id='word_1_789' title='bbox 1697 5147 1732 5211; x_wconf 93' lang='lat' dir='ltr'><strong>in</strong></span> <span class='ocrx_word' id='word_1_790' title='bbox 1754 5144 1894 5228; x_wconf 91' lang='lat' dir='ltr'><strong>speeiem</strong></span> <span class='ocrx_word' id='word_1_791' title='bbox 1917 5143 2072 5210; x_wconf 83' lang='lat' dir='ltr'><strong>everterit</strong></span> <span class='ocrx_word' id='word_1_792' title='bbox 2092 5165 2207 5211; x_wconf 90' lang='lat' dir='ltr'><strong>omnes</strong></span> 
     </span>
     <span class='ocr_line' id='line_1_56' title="bbox 207 5229 2207 5316; baseline -0.001 -19"><span class='ocrx_word' id='word_1_793' title='bbox 207 5252 384 5313; x_wconf 89' lang='lat' dir='ltr'><strong>supernos</strong></span> <span class='ocrx_word' id='word_1_794' title='bbox 403 5230 535 5296; x_wconf 88' lang='lat' dir='ltr'><strong>malum.</strong></span> <span class='ocrx_word' id='word_1_795' title='bbox 569 5233 658 5315; x_wconf 77' lang='lat' dir='ltr'><strong>Ilrgo</strong></span> <span class='ocrx_word' id='word_1_796' title='bbox 676 5239 771 5296; x_wconf 92' lang='lat' dir='ltr'><strong>erant</strong></span> <span class='ocrx_word' id='word_1_797' title='bbox 787 5231 868 5294; x_wconf 86' lang='lat' dir='ltr'><strong>ebrii</strong></span> <span class='ocrx_word' id='word_1_798' title='bbox 888 5239 980 5294; x_wconf 90' lang='lat' dir='ltr'><strong>tanta</strong></span> <span class='ocrx_word' id='word_1_799' title='bbox 998 5232 1181 5311; x_wconf 86' lang='lat' dir='ltr'><strong>seeuritate,</strong></span> <span class='ocrx_word' id='word_1_800' title='bbox 1233 5235 1304 5298; x_wconf 92' lang='lat' dir='ltr'><strong>eius</strong></span> <span class='ocrx_word' id='word_1_801' title='bbox 1335 5232 1480 5316; x_wconf 89' lang='lat' dir='ltr'><strong>labores,</strong></span> <span class='ocrx_word' id='word_1_802' title='bbox 1514 5255 1556 5298; x_wconf 89' lang='lat' dir='ltr'><strong>ne</strong></span> <span class='ocrx_word' id='word_1_803' title='bbox 1589 5253 1685 5316; x_wconf 88' lang='lat' dir='ltr'><strong>quem</strong></span> <span class='ocrx_word' id='word_1_804' title='bbox 1718 5232 1860 5304; x_wconf 80' lang='lat' dir='ltr'><strong>truttam</strong></span> <span class='ocrx_word' id='word_1_805' title='bbox 1890 5230 2082 5313; x_wconf 79' lang='lat' dir='ltr'><strong>proferrent.</strong></span> <span class='ocrx_word' id='word_1_806' title='bbox 2132 5229 2207 5297; x_wconf 90' lang='lat' dir='ltr'><strong>Hoe</strong></span> 
     </span>
     <span class='ocr_line' id='line_1_57' title="bbox 209 5314 2207 5402; baseline 0 -21"><span class='ocrx_word' id='word_1_807' title='bbox 209 5322 246 5381; x_wconf 93' lang='lat' dir='ltr'><strong>ut</strong></span> <span class='ocrx_word' id='word_1_808' title='bbox 269 5323 422 5398; x_wconf 90' lang='lat' dir='ltr'><strong>putarent</strong></span> <span class='ocrx_word' id='word_1_809' title='bbox 443 5337 478 5382; x_wconf 91' lang='lat' dir='ltr'><strong>se</strong></span> <span class='ocrx_word' id='word_1_810' title='bbox 500 5337 571 5381; x_wconf 90' lang='lat' dir='ltr'><strong>esse</strong></span> <span class='ocrx_word' id='word_1_811' title='bbox 590 5330 683 5381; x_wconf 88' lang='lat' dir='ltr'><strong>extra</strong></span> <span class='ocrx_word' id='word_1_812' title='bbox 701 5337 797 5381; x_wconf 87' lang='lat' dir='ltr'><strong>omne</strong></span> <span class='ocrx_word' id='word_1_813' title='bbox 815 5314 1005 5398; x_wconf 91' lang='lat' dir='ltr'><strong>perieulum,</strong></span> <span class='ocrx_word' id='word_1_814' title='bbox 1028 5326 1061 5380; x_wconf 90' lang='lat' dir='ltr'><strong>et</strong></span> <span class='ocrx_word' id='word_1_815' title='bbox 1078 5314 1182 5399; x_wconf 87' lang='lat' dir='ltr'><strong>deepi·</strong></span> <span class='ocrx_word' id='word_1_816' title='bbox 1233 5328 1393 5400; x_wconf 89' lang='lat' dir='ltr'><strong>quantum</strong></span> <span class='ocrx_word' id='word_1_817' title='bbox 1423 5318 1464 5385; x_wconf 90' lang='lat' dir='ltr'><strong>ad</strong></span> <span class='ocrx_word' id='word_1_818' title='bbox 1494 5330 1625 5402; x_wconf 91' lang='lat' dir='ltr'><strong>tempus</strong></span> <span class='ocrx_word' id='word_1_819' title='bbox 1651 5327 1786 5400; x_wconf 89' lang='lat' dir='ltr'><strong>speetat,</strong></span> <span class='ocrx_word' id='word_1_820' title='bbox 1815 5316 1908 5380; x_wconf 88' lang='lat' dir='ltr'><strong>euius</strong></span> <span class='ocrx_word' id='word_1_821' title='bbox 1936 5315 1990 5382; x_wconf 90' lang='lat' dir='ltr'><strong>hio</strong></span> <span class='ocrx_word' id='word_1_822' title='bbox 2011 5316 2050 5381; x_wconf 86' lang='lat' dir='ltr'><strong>fit</strong></span> <span class='ocrx_word' id='word_1_823' title='bbox 2072 5317 2207 5382; x_wconf 92' lang='lat' dir='ltr'><strong>mentio.</strong></span> 
     </span>
    </p>
   </div>
   <div class='ocr_carea' id='block_1_3' title="bbox 316 5417 2005 5486">
    <p class='ocr_par' dir='ltr' id='par_1_5' title="bbox 316 5417 2005 5486">
     <span class='ocr_line' id='line_1_58' title="bbox 316 5417 2005 5486; baseline 0.001 -14"><span class='ocrx_word' id='word_1_824' title='bbox 316 5417 426 5473; x_wconf 78' lang='lat' dir='ltr'><strong>Caluini</strong></span> <span class='ocrx_word' id='word_1_825' title='bbox 442 5433 536 5486; x_wconf 82' lang='lat' dir='ltr'><strong>opera.</strong></span> <span class='ocrx_word' id='word_1_826' title='bbox 566 5417 625 5472; x_wconf 84' lang='lat' dir='ltr'><strong>Vol.</strong></span> <span class='ocrx_word' id='word_1_827' title='bbox 643 5417 825 5472; x_wconf 82' lang='lat' dir='ltr'><strong>XXXVIII.</strong></span> <span class='ocrx_word' id='word_1_828' title='bbox 1969 5417 2005 5474; x_wconf 79' lang='lat'><strong>34</strong></span> 
     </span>
    </p>
   </div>
   <div class='ocr_carea' id='block_1_4' title="bbox 0 0 2584 6118">
    <p class='ocr_par' dir='ltr' id='par_1_6' title="bbox 0 0 2584 6118">
     <span class='ocr_line' id='line_1_59' title="bbox 0 0 2584 6118; baseline 0 0"><span class='ocrx_word' id='word_1_829' title='bbox 0 0 2584 6118; x_wconf 95' lang='lat' dir='ltr'><strong> </strong></span> 
     </span>
    </p>
   </div>
  </div>
 </body>
</html>
