5038 6118
179 394 241 460 145
530 391 532 397 ’
893 393 942 459 ΙΝ
964 393 1212 460 quentati.
1258 394 1357 460 ent.
1381 395 1462 460 XII.
2116 402 2178 468 146
2274 349 2282 368 ι

176 583 331 666 fecerunt:
357 587 386 646 et
406 581 530 664 wafari
550 587 622 646 aaut
643 580 883 663 amoventibus
912 582 1031 663 cesten,
1060 601 1082 645 a
1101 580 1153 662 fu·
1205 583 1311 663 nione,
1341 603 1441 665 quum
1464 583 1588 650 seilicet
1610 584 1714 650 socios
1744 585 1901 652 haberent
1923 585 2115 670 Aegyptios,
2145 602 2180 658 et

176 690 247 736 rore
268 667 334 754 (vel
357 665 625 734 excandescentia
648 667 769 752 potius)
790 669 858 734 irae
879 667 1019 736 Iebcoae.
1204 668 1307 733 malta
1339 669 1436 733 etiam
1470 679 1641 751 sperarent
1670 691 1690 736 a
1719 673 1835 737 vicinis
1865 671 2030 756 gentibus:
2056 673 2178 739 'deinde

704 797 706 800 .
1204 773 1305 836 qaum
1338 763 1495 836 putarent
1522 773 1618 838 posse
1648 759 1752 820 averti
1782 757 1895 824 inultis
1921 758 2048 824 entibus
2076 757 2178 825 Ohal-

264 840 337 907 Hoc
365 840 469 903 maior
501 859 576 922 pars
607 839 823 922 interpretum
858 837 975 919 accipit
1007 838 1046 903 de
1079 859 1153 920 pro·
1204 840 1311 919 dacos,
1340 861 1382 904 ne
1404 849 1470 904 tam
1500 860 1600 923 prope
1629 842 1828 908 accederent.
1873 843 1965 910 Haec
1986 844 2088 927 igitur
2108 851 2179 910 arat

177 927 302 1009 phetis:
326 925 410 1008 qaod
433 924 556 992 scilieet
573 923 714 990 fraudati
737 925 865 1000 fuerint,
891 944 991 1007 quum
1015 923 1154 989 fideliter
1205 927 1349 1008 ipsorum
1374 923 1568 1002 haeredites,
1599 948 1717 1011 nempe
1743 949 1843 1010 quum
1874 929 2022 1010 undique
2050 929 2178 1014 collige·

179 1011 355 1079 coluissent
376 1031 492 1092 agrurn
516 1009 588 1090 Dei,
611 1020 643 1074 et
661 1011 876 1075 seminassent
892 1030 1011 1091 purum
1031 1029 1152 1086 semen,
1205 1019 1281 1076 reat
1303 1011 1472 1092 praesidia,
1495 1013 1611 1093 quibus
1633 1015 1695 1077 tati
1713 1023 1832 1093 essent,
1855 1027 1887 1078 et
1910 1014 2023 1096 procul
2044 1015 2179 1098 repelle-

178 1109 272 1164 natas
294 1103 422 1163 tantum
444 1096 544 1162 fuisse
566 1097 687 1178 spinas,
708 1105 742 1161 et
763 1097 904 1162 crevisse
922 1115 1048 1178 vepres.
1087 1093 1152 1161 Sed
1205 1105 1280 1161 rent
1313 1098 1422 1162 omnia
1454 1098 1605 1180 pericula.
1663 1098 1821 1165 Concedit
1851 1120 1929 1182 argo
1963 1101 2070 1176 Deus,
2104 1101 2178 1166 illos

178 1183 266 1248 illud
291 1183 388 1248 nimis
417 1191 468 1247 est
495 1193 653 1248 coactum.
698 1182 770 1247 Non
802 1180 916 1246 dubito
945 1181 1046 1264 igitur
1075 1180 1153 1263 quin
1205 1183 1438 1248 haereditatem
1471 1184 1605 1265 adeptos
1634 1203 1720 1249 esse:
1749 1184 1805 1250 sed
1829 1185 1906 1266 quid
1930 1184 2023 1250 tum?
2054 1187 2177 1268 iuquit:

179 1270 337 1352 prophete
364 1268 513 1352 designet
542 1267 801 1333 maledictionem
827 1267 899 1342 Dei,
929 1286 1026 1350 quam
1056 1266 1153 1348 paulo
1205 1269 1288 1334 nihil
1311 1268 1375 1333 illis
1397 1269 1459 1334 hae
1481 1267 1636 1352 proderit,
1665 1291 1770 1353 aeque
1799 1281 1969 1354 propterea
2000 1271 2178 1354 locupleta·

178 1366 252 1436 post
272 1373 429 1420 sensnrus
451 1362 537 1419 esset
565 1353 715 1436 populus.
759 1351 919 1419 Libenter
940 1351 1071 1434 quidem
1094 1352 1152 1415 ad·
1204 1354 1336 1420 buntur.
1381 1354 1421 1419 In
1446 1375 1573 1419 samma
1602 1354 1797 1437 significabit
1825 1356 1888 1421 hoc
1917 1357 2012 1421 mado
2041 1377 2097 1422 eos
2127 1359 2177 1422 in·

178 1441 273 1506 mitto
313 1438 567 1521 metaphoricam
605 1460 676 1505 esse
715 1439 938 1522 loquutionem
975 1457 1074 1521 quum
1113 1438 1153 1502 de
1205 1441 1299 1506 terim
1323 1441 1401 1518 falli,
1428 1441 1505 1522 quia
1527 1440 1692 1506 confidant
1713 1440 1829 1523 opibus
1859 1453 1925 1506 tam
1949 1441 2124 1526 diligenter
2146 1451 2183 1508 et
2223 1443 2226 1450 '

179 1527 304 1592 satione
334 1535 367 1591 at
394 1545 500 1590 messe
533 1526 690 1608 loquitur:
725 1524 781 1590 sed
816 1545 880 1589 non
916 1523 1038 1602 dubito,
1071 1525 1151 1605 quin
1204 1526 1317 1593 sedulo
1339 1526 1528 1592 cumulatis:
1560 1527 1713 1608 quoniam
1740 1533 1937 1592 evanescent
1966 1539 2033 1592 tam
2056 1527 2179 1593 auxilia

178 1613 340 1678 seminare
362 1610 502 1676 Iudaeos
524 1609 621 1688 dicat,
651 1611 727 1675 dum
755 1610 815 1676 sibi
838 1608 1014 1675 hincinde
1044 1629 1150 1676 aecer·
1203 1613 1319 1695 quibus
1341 1612 1453 1676 confisi
1475 1610 1714 1694 superbiebant,
1737 1632 1835 1694 qaam
1854 1613 1964 1678 omnia
1981 1614 2079 1678 etiam
2101 1634 2178 1679 coa·

178 1707 294 1764 serunt
315 1697 446 1775 ansilla,
476 1696 553 1761 dnm
577 1695 760 1763 foederibus
781 1717 854 1763 sese
881 1695 1045 1775 muniunt,
1073 1694 1150 1760 dum
1204 1698 1279 1764 eilia
1307 1698 1463 1781 ipsarum.
1508 1696 1623 1778 Quoad
1649 1717 1809 1761 summam
1839 1699 1896 1776 rei,
1931 1698 2079 1763 ridentur
2099 1699 2178 1765 vani

179 1785 321 1849 rationes
354 1802 467 1847 omnes
501 1781 690 1866 excogitant
720 1781 840 1865 quibas
871 1803 891 1846 a
923 1799 958 1846 se
990 1781 1153 1865 repellant
1204 1805 1316 1848 eorum
1339 1793 1486 1866 conatus,
1508 1782 1625 1865 quibas
1643 1782 1802 1865 putabant
1817 1803 1851 1848 se
1868 1785 1976 1848 omnia
1991 1785 2177 1866 adepturos.

178 1869 292 1936 omnia
310 1868 465 1951 pericula.
509 1867 599 1934 llicit
620 1868 722 1952 igitur
751 1888 802 1934 ear
822 1869 994 1934 recitasse
1014 1869 1152 1933 trinam
1204 1871 1249 1934 Et
1268 1869 1418 1952 adiungit
1439 1867 1551 1934 eodem
1570 1889 1681 1950 sensu,
1703 1868 1847 1949 musaea
1866 1869 1969 1950 faisse
1985 1891 2006 1934 o
2023 1871 2178 1950 procerti-

178 1976 236 2038 per
272 1954 530 2020 concessionem:
569 1974 642 2018 nam
682 1974 835 2036 perversa
871 1965 966 2019 erant
1005 1954 1151 2036 ipsorum
1203 1956 1260 2021 bees
1281 1955 1358 2021 saie.
1403 1953 1613 2021 Sabeudiant
1635 1954 1692 2037 qui
1719 1955 1908 2038 intelligant
1931 1954 1970 2019 de
2000 1955 2178 2037 prophetis,

178 2040 320 2108 consilia.
366 2037 432 2105 Sed
456 2038 600 2122 loquitur
621 2061 663 2104 ex
685 2060 798 2105 eorum
821 2059 936 2105 sensu:
957 2039 1044 2122 quod
1066 2040 1152 2106 scili·
1204 2051 1236 2106 et
1257 2042 1390 2108 fueraut
1405 2039 1567 2124 pudefacti
1583 2039 1927 2123 prophetaeastadiis
1943 2041 2072 2104 restris.
2112 2038 2176 2106 Sed

178 2138 230 2194 act
259 2126 321 2192 sibi
350 2124 553 2208 plauderent,
582 2146 683 2209 quum
713 2127 863 2192 riderent
887 2127 1067 2210 Aegyptios
1094 2145 1152 2207 pa·
1204 2126 1284 2192 illud
1307 2127 1440 2191 omnino
1462 2133 1621 2190 remotum
1644 2135 1701 2191 est.
1738 2125 1828 2209 Ergo
1850 2126 2021 2191 continuat
2042 2125 2178 2190 eandem

178 2221 268 2279 ratos
290 2231 360 2277 esse
384 2211 423 2274 ad
447 2211 615 2276 ferandum
635 2213 812 2276 auxilium:
836 2232 935 2294 quum
955 2212 1052 2288 etiam
1071 2211 1152 2276 alias
1203 2213 1401 2279 sententiam
1435 2210 1518 2294 quod
1556 2211 1678 2275 scilicet
1712 2209 1822 2275 Iudaei
1857 2211 2021 2293 pudefacti
2056 2211 2178 2276 fueuut

178 2297 377 2363 munitiones
392 2296 469 2361 hinc
484 2297 559 2362 iude
574 2308 785 2371 accerserent,
808 2298 969 2380 putabant
986 2298 1152 2380 praeclare
1204 2319 1302 2382 quum
1326 2297 1476 2363 viderent
1497 2317 1664 2362 successus
1692 2316 1762 2362 esse
1791 2297 1973 2364 contrarios
2002 2298 2070 2378 spei
2100 2317 2177 2362 con·

179 2403 289 2450 secam
312 2384 376 2468 agi,
406 2393 439 2446 et
464 2384 512 2447 ita
541 2381 602 2447 sibi
633 2383 804 2466 placebant
832 2384 866 2449 iu
896 2403 1051 2466 prospero
1081 2403 1152 2449 suo·
1204 2393 1325 2468 ceptae.
1371 2383 1455 2448 Nam
1479 2383 1623 2466 ipsorum
1647 2395 1826 2466 proventus
1846 2393 1951 2448 vocat.
1995 2383 2068 2448 Hoc
2090 2383 2177 2447 enim

178 2489 281 2546 cassu,
305 2468 465 2552 propbeta
487 2469 588 2552 igitar
610 2469 694 2533 ridet
716 2491 827 2534 eorum
851 2489 968 2534 vanam
991 2468 1153 2534 confiden-
1204 2489 1322 2535 nornen
1341 2469 1513 2535 deducitur
1531 2489 1551 2533 a
1568 2481 1640 2546 tttn,
1662 2467 1749 2550 quod
1765 2477 1815 2534 est
1829 2469 1950 2545 venire,
1972 2467 2024 2532 vel
2040 2468 2177 2552 ingredi.

178 2557 272 2619 tlam:
300 2549 363 2620 sed'
380 2560 489 2618 amen
515 2554 612 2618 verbe
633 2555 755 2620 fatetur
776 2556 866 2637 ipsos
888 2554 1024 2622 feliciter
1045 2575 1151 2638 agere.
1204 2557 1416 2620 Transfertur
1438 2555 1536 2619 etiam
1559 2553 1599 2618 ad
1622 2554 1702 2619 alios
1724 2575 1848 2621 sensus.
1893 2553 1960 2619 Sed
1983 2565 2177 2636 proventum

179 2638 461 2721 Quemadmodum
485 2641 635 2724 agricola,
664 2640 740 2706 dum
765 2641 914 2720 seminat,
936 2642 1070 2706 confidit
1091 2640 1153 2704 sibi
1204 2642 1266 2707 hoc
1288 2641 1419 2706 nomine
1442 2638 1583 2705 Hebraei
1611 2639 1787 2723 appellant,
1817 2641 1892 2722 quia
1915 2639 2055 2724 siugulis
2083 2640 2179 2706 annis

177 2725 247 2791 fore
270 2745 407 2792 messam
430 2727 588 2807 opimam:
612 2727 659 2792 sic
679 2727 777 2792 etiam
802 2726 915 2792 Iudaei
937 2729 1098 2810 putabant
1119 2744 1155 2791 se
1205 2736 1362 2793 recurrat.
1407 2725 1499 2792 Dicit
1526 2745 1604 2810 ergo
1625 2725 1810 2807 pudefactus
1835 2725 1937 2806 faisse
1963 2744 1984 2790 α
2010 2725 2080 2790 saie
2103 2745 2179 2805 pro·

180 2812 323 2876 fructum
355 2821 551 2893 recepturos,
585 2831 685 2894 qaum
715 2813 763 2877 ita
792 2815 1019 2878 seminassent.
1063 2813 1155 2879 Dicit
1204 2813 1360 2880 oeubbus:
1381 2813 1456 2894 qaia
1474 2811 1597 2876 scilieet
1619 2812 1743 2876 fructus
1767 2831 1831 2875 non
1861 2811 2045 2892 reciperent
2066 2811 2178 2892 quales

179 2897 281 2980 igitar
303 2894 458 2979 propbeta
482 2897 579 2980 longo
602 2899 689 2981 ipsos
712 2897 833 2980 decipi:
862 2901 1014 2981 qnouiam
1038 2919 1154 2982 vepres
1206 2907 1410 2982 putaverant.
1455 2897 1501 2960 Et
1522 2897 1569 2960 ita
1591 2895 1736 2978 persistit
1758 2895 1917 2960 Ieremias
1939 2897 1972 2960 in
1996 2916 2056 2960 sua
2079 2907 2178 2960 mata·

178 2992 211 3046 et
232 2984 345 3064 spinae
366 2982 433 3046 illie
454 2995 599 3048 crescent
622 3004 680 3065 pro
703 2985 820 3064 tritico,
843 2986 920 3066 quia
943 2984 1065 3051 scilicet
1088 3007 1153 3049 nou
1205 2986 1318 3070 phora,
1348 2981 1433 3066 quod
1463 2982 1663 3062 remiserint,
1697 2981 1753 3046 sed
1787 2982 1902 3063 spinae
1934 2991 2082 3062 repertae
2114 2982 2179 3046 sint

177 3068 422 3149 respondebunt
444 3077 583 3134 erantne
606 3070 748 3150 ipsorum
772 3071 923 3136 consiliis.
957 3069 1011 3133 Ita
1033 3072 1154 3153 optime
1206 3092 1266 3154 pro
1294 3071 1419 3136 tritico:
1449 3066 1575 3149 deinde,
1606 3066 1839 3132 haereditatem
1870 3065 1932 3132 sibi
1960 3067 2179 3148 acquisierint,

178 3154 252 3218 fluit
273 3162 447 3219 contextas
469 3154 655 3238 prophetae.
689 3154 865 3238 Expouere
888 3163 996 3220 autem
1019 3157 1059 3219 de
1081 3175 1154 3239 pro·
1206 3157 1258 3222 vel
1281 3175 1400 3239 magno
1422 3175 1457 3220 se
1478 3151 1589 3218 labore
1618 3151 1796 3236 fatigariat,
1825 3151 1881 3217 sed
1911 3153 1967 3234 qui
1998 3152 2100 3217 fuerit
2128 3152 2180 3216 in·

179 3238 288 3321 phetis
310 3238 402 3302 nullo
424 3239 520 3303 modo
543 3240 625 3318 lieet,
652 3239 924 3323 quemadmodum
947 3241 1065 3306 iterum
1088 3241 1153 3308 cla·
1205 3242 1305 3308 utilis.
1361 3238 1485 3306 Eodem
1525 3239 1620 3303 moda
1654 3257 1742 3302 nune
1775 3236 2014 3321 desponderant
2048 3235 2180 3320 quidem

178 3325 247 3389 rias
269 3325 402 3408 patebit.
450 3325 652 3390 Seminorunt
673 3345 750 3409 orgo
777 3327 923 3406 triticam,
953 3327 1067 3409 inquit.
1113 3325 1153 3392 In
1206 3327 1268 3393 sibi
1291 3346 1427 3410 magnos
1450 3334 1484 3391 et
1512 3323 1629 3389 uberes
1658 3333 1846 3406 proventus,
1875 3322 1933 3388 sed
1963 3324 2096 3388 taudem
2123 3343 2180 3404 ap·

178 3409 297 3494 plurali
323 3429 457 3475 numero
477 3411 577 3493 ponit,
603 3410 806 3476 Seminaraut
825 3413 972 3490 triticam,
994 3417 1022 3478 et
1043 3414 1154 3494 minor
1205 3415 1318 3497 paruit
1344 3412 1493 3477 inanitas.
1539 3410 1634 3474 Nunc
1666 3430 1744 3494 ergo
1774 3420 1924 3474 tenemus
1952 3429 2084 3474 sensum
2108 3427 2180 3473 ver-

178 3501 388 3561 meesoeront:
416 3497 472 3562 sed
495 3496 657 3580 significat
680 3507 734 3562 e'cs
756 3516 848 3581 spem
877 3498 1047 3581 concipere
1074 3500 1155 3582 opti·
1205 3501 1330 3565 borum.
1375 3496 1442 3563 Sed
1470 3495 1567 3561 simul
1598 3503 1744 3578 spectare
1770 3495 1921 3559 convenit
1948 3513 2102 3577 quorsum
2131 3513 2182 3560 re·

178 3600 252 3646 mae
275 3583 399 3664 messis,
427 3581 505 3664 quia
533 3582 687 3664 opinione
716 3603 775 3647 sua
804 3583 967 3648 seminent
999 3585 1154 3666 triticum,
1206 3585 1323 3664 spiciat
1343 3583 1512 3666 propbeta.
1558 3581 1632 3645 Non
1656 3580 1789 3645 dubium
1818 3589 1866 3644 est
1888 3579 1967 3663 quin
1991 3579 2073 3644 velit
2095 3598 2181 3644 arro·

180 3664 212 3731 id
236 3677 295 3744 est,
319 3668 491 3750 sapienter.
521 3667 583 3732 Vel
609 3669 714 3749 potius
735 3678 841 3734 astute
863 3670 922 3734 sibi
945 3671 1156 3753 prospiciant,
1206 3671 1352 3754 gentiam
1385 3667 1495 3746 illam,
1535 3687 1599 3748 qua
1629 3667 1793 3731 excaecati
1827 3677 1921 3730 erant
1952 3665 2083 3740 Iudaei,
2115 3664 2182 3730 illis

181 3752 257 3816 darm
281 3752 365 3816 nibil
398 3753 555 3817 omittant
576 3752 659 3836 qnod
694 3753 735 3818 ad
767 3755 973 3820 securitatem
1007 3757 1153 3838 ipsorum
1207 3761 1369 3831 excutere,
1401 3756 1493 3837 quasi
1516 3753 1646 3830 dicaret,
1662 3745 1782 3816 'Video
1806 3771 1857 3816 me
1879 3771 1995 3834 parum
2027 3751 2183 3833 proficere

180 3839 357 3920 pertineat:
390 3837 675 3922 Sed'meserterunl,
706 3841 821 3923 inquit,
852 3841 912 3906 hoc
942 3850 999 3919 est,
1030 3851 1156 3907 metent
1207 3841 1291 3924 apud
1315 3859 1392 3906 vos:
1425 3839 1578 3922 qnoniam
1612 3836 1720 3904 adbuc
1752 3837 1872 3920 integri
1907 3847 1986 3900 sunt
2015 3836 2181 3920 Aegyptii,

180 3921 337 4072 {loquitur
358 3925 445 3988 enim
462 3923 502 3988 de
518 3945 554 3990 ra
570 3925 696 4010 futura)
718 3945 824 4008 vepres
845 3931 873 3990 et
893 3927 1016 4010 aptare,
1038 3926 1071 3991 id
1095 3939 1154 4004 est,
1208 3927 1263 4010 qui
1286 3927 1415 3993 venturi
1449 3934 1528 3990 sunt
1555 3923 1646 3988 vobis
1679 3926 1711 3987 in
1746 3921 1920 3987 auxilium:
1955 3923 2075 4003 putatis
2108 3922 2182 3988 illos

215 4029 272 4073 eus
294 4009 505 4074 frustrabitur
525 4011 709 4092 opinionem
732 4012 891 4094 ipsorum:
914 4012 991 4094 quia
1013 4013 1156 4077 sentient
1207 4035 1277 4078 esse
1299 4013 1461 4078 accinctos
1489 4012 1555 4076 iam
1577 4020 1614 4075 ut
1635 4009 1782 4092 Assyriis
1808 4019 1842 4072 et
1863 4005 2037 4073 Ohaldaeis
2066 4027 2102 4072 ee
2123 4027 2181 4090 op·

180 4094 287 4175 qualis
309 4095 406 4158 fuerit
428 4094 485 4159 illa
506 4096 598 4175 satia,
630 4095 669 4161 de
691 4117 754 4178 qua
776 4097 837 4163 sibi
861 4105 1031 4180 tantopere
1061 4098 1154 4181 polli·
1207 4103 1347 4183 ponant:
1376 4097 1492 4162 deinde
1522 4097 1650 4162 habetis
1679 4096 1776 4160 etiam
1806 4094 1871 4160 alia
1898 4093 2038 4160 foedera.
2090 4092 2181 4174 Quo·

180 4179 236 4246 citi
252 4187 338 4245 stant.
373 4179 494 4244 Postea
508 4181 665 4266 adiungit,
690 4182 922 4250 Hoerodt'totcm
938 4203 1003 4250 esee
1020 4185 1155 4266 adeptos,
1208 4187 1294 4250 niam
1317 4205 1395 4268 ergo
1418 4184 1463 4248 ita
1485 4184 1584 4267 probe
1612 4183 1691 4247 estis
1720 4180 1849 4262 muniti,
1877 4181 2001 4262 putatis
2023 4201 2083 4245 vos
2111 4199 2183 4248 esse

180 4265 233 4330 vel
249 4265 428 4330 molestiam
446 4285 626 4351 perpessos,
641 4269 696 4334 sed
709 4267 1022 4350 rtorrsoieecditatce.
1053 4268 1154 4336 Duri·
1208 4280 1303 4336 extra
1335 4269 1534 4354 perieulum:
1568 4266 1624 4333 sed
1655 4266 1816 4332 Dominus
1838 4287 1898 4332 vos
1929 4266 2115 4350 pudefaciet
2147 4270 2181 4332 in

180 4351 331 4417 asculum
347 4351 498 4434 estquod
518 4359 651 4418 vertunt
666 4355 808 4436 quidam,
831 4367 1033 4439 aegrotasse:
1057 4377 1156 4440 quaa·
1208 4358 1270 4423 hac
1291 4357 1453 4441 superbia.
1496 4355 1682 4422 Proventus
1704 4353 1791 4417 enim
1811 4373 1924 4418 omnes
1944 4354 2044 4418 vestri
2063 4373 2181 4418 evene·

180 4457 277 4520 quam
300 4437 393 4503 facile
415 4437 561 4503 condono
588 4441 811 4522 asperitatem:
843 4440 938 4506 modo
961 4440 1001 4508 de
1023 4463 1057 4507 re
1080 4463 1155 4508 con·
1208 4447 1310 4510 scant.
1357 4442 1422 4510 Sed
1452 4442 1572 4520 scimus
1601 4449 1779 4522 proventus
1801 4438 1941 4523 intelligi
1970 4438 2079 4505 felices
2110 4438 2182 4505 illos

180 4523 302 4587 veniat.
339 4523 466 4606 Nempe
489 4523 589 4588 fuisse
604 4535 783 4592 maceratos
801 4527 965 4593 continuis
981 4527 1155 4608 laboribus,
1207 4549 1319 4594 omnes
1340 4548 1516 4607 semesam,
1543 4526 1662 4608 quibus
1683 4526 1731 4589 ita
1752 4525 1940 4610 turgebant,
1970 4535 2008 4590 at
2030 4531 2183 4607 putarant

156 4621 214 4674 ,οι
236 4608 472 4692 aegritudinem
496 4611 706 4677 contraxisse.
752 4611 882 4679 Scimus
909 4615 996 4678 enim
1025 4615 1155 4697 eosqui
1208 4615 1269 4680 sibi
1293 4615 1374 4680 nihil
1397 4635 1491 4697 posse
1521 4632 1645 4678 nocere.
1690 4611 1762 4676 Hoc
1792 4621 1842 4676 est
1872 4612 1976 4694 igitar
2004 4612 2181 4694 prophetae

181 4706 258 4756 snut
291 4693 330 4757 ad
361 4715 429 4760 rem
454 4695 552 4760 nimis
586 4698 701 4761 attenti
734 4720 769 4762 se
801 4699 890 4782 ipsos
923 4702 1089 4780 conficere,
1123 4707 1156 4764 et
1207 4701 1387 4767 consitium.
1432 4698 1537 4778 Dicit,
1569 4698 1622 4763 Ab
1651 4698 1901 4764 emandeeeeatic
1932 4697 2003 4762 bne
2032 4697 2182 4763 Istune:

181 4777 417 4860 quodammodo
449 4780 510 4846 sibi
544 4801 615 4846 esse
648 4782 832 4864 carnifices,
866 4784 963 4867 quue
992 4786 1155 4868 praesenti
1208 4789 1362 4870 quoniam
1393 4785 1515 4850 scilicet
1544 4805 1610 4849 nen
1645 4794 1795 4866 poterant
1828 4785 1923 4849 aliter
1956 4783 2180 4866 expergefieri,

180 4864 250 4930 loco
273 4863 371 4947 probe
392 4867 572 4934 conveniet.
610 4867 658 4932 Si·
671 4870 721 4933 cui
745 4879 855 4933 tamen
878 4870 1004 4953 placeat
1027 4871 1155 4936 diversa
1207 4894 1301 4956 qnam
1325 4873 1352 4936 si
1376 4878 1569 4954 reputarent
1592 4869 1651 4935 sibi
1671 4869 1778 4935 Deum
1801 4891 1871 4936 asse
1894 4870 2057 4935 infestum.
2091 4868 2181 4950 Ergo

181 4949 350 5033 expositio,
373 4953 470 5016 etiam
495 4953 556 5018 hoe
579 4954 648 5019 loce
670 4953 867 5019 translatitio
890 4957 1048 5041 propbeta
1071 4956 1156 5022 dicet
1207 4959 1373 5043 propheta,
1398 4959 1494 5022 etiam
1519 4966 1555 5021 ut
1577 4966 1664 5022 totus
1683 4959 1825 5022 mundus
1844 4957 1995 5030 arrideat,
2020 4954 2097 5019 dicit
2119 4954 2181 5018 boc

180 5036 254 5101 illos
288 5035 388 5101 fnisse
422 5048 533 5104 auctos
565 5038 781 5120 haereditate,
817 5062 882 5105 aon
917 5051 1045 5108 tantum
1080 5044 1156 5125 qula
1208 5044 1289 5109 nihil
1309 5044 1374 5108 illis
1394 5043 1617 5126 profuturum:
1641 5045 1794 5124 quoniam
1813 5041 2024 5108 scilicetDao
2043 5040 2181 5105 adverso

181 5121 273 5186 Deus
305 5121 385 5203 ipsis
414 5129 535 5188 terram
567 5125 736 5190 Obanaam
767 5123 909 5205 dederat,
941 5137 978 5192 ut
1008 5128 1155 5194 haeredi·
1207 5139 1366 5212 pugnent.
1404 5129 1509 5194 Simul
1534 5139 1644 5194 tamen
1669 5128 1811 5194 notanda
1832 5138 1883 5192 est
1904 5127 2042 5191 mutatio
2070 5146 2179 5208 perso·

180 5207 266 5272 taric
294 5207 366 5272 iure
396 5208 428 5272 in
457 5210 528 5291 ipsa
561 5211 761 5277 habitarent:
796 5212 881 5294 quod
911 5234 988 5296 opes
1018 5235 1155 5298 magnas
1208 5235 1269 5280 nae
1302 5215 1356 5280 nbi
1391 5213 1476 5292 dicit,
1514 5214 1643 5297 eonfost
1675 5221 1749 5280 eant
1779 5235 1800 5279 a
1829 5213 2028 5293 pratentibus
2058 5213 2180 5277 cestrie.

180 5293 431 5371 cumulaverint,
461 5304 558 5377 atquo
579 5296 627 5360 ita
648 5299 821 5376 creverint,
852 5318 969 5383 nempe
999 5321 1056 5366 sua
1086 5301 1156 5382 opi·
1208 5301 1300 5366 Hace
1322 5303 1406 5366 ratio
1429 5312 1478 5365 est
1501 5321 1559 5366 cur
1580 5299 1709 5383 quidam
1735 5309 1906 5382 torqueant
1935 5297 1975 5363 ad
2005 5299 2181 5382 propbetas

225 5422 229 5428 ·
288 5395 398 5452 Caluini
415 5411 509 5465 opera.
539 5397 597 5452 Vol.
611 5399 791 5454 XXXVIII.
1946 5401 1980 5456 10
