5134 6124
389 436 452 503 283
1204 426 1590 495 Pnnuhuo'rlortus
2316 429 2370 493 284

471 623 544 689 lam
576 618 734 704 propheta
767 617 821 683 nbi
849 616 958 684 Deum
992 617 1105 682 sitavit
1137 624 1255 682 testem
1285 638 1364 683 suae
1416 617 1506 682 niam
1529 616 1631 700 igitur
1652 638 1781 700 semper
1804 616 1926 700 aliquid
1948 625 1999 683 est
2021 615 2244 684 turbulentum
2264 617 2295 682 in
2311 618 2369 684 reio

384 707 597 794 integritatis,
624 713 775 788 pretatur
798 714 835 768 ut
856 705 977 768 sentiat
998 703 1098 768 etiem
1121 703 1229 786 ipsum
1252 713 1362 784 patro·
1417 711 1544 783 nostro,
1578 702 1651 769 ideo
1683 702 1861 769 tenendum
1894 711 1945 768 est
1977 700 2151 786 prophetes
2183 723 2247 768 non
2272 704 2370 770 ledus

384 817 466 861 nnm
489 804 523 861 et
544 791 755 858 defensorem.
796 789 887 873 Ergo
910 789 963 855 hio
986 810 1101 855 rursus
1123 788 1277 871 implorat
1298 787 1363 854 Dei
1416 788 1554 855 verbum
1578 790 1693 866 ullum,
1717 790 1780 854 nisi
1800 798 1961 872 quatenus
1979 788 2114 870 spiritus
2131 809 2240 854 eorum
2257 787 2369 872 linguas

385 881 556 948 auxilium.
601 876 700 954 Dicit,
731 874 782 940 Ne
808 875 855 941 eis
884 875 965 941 mibi
994 877 1218 954 interrorem,
1246 874 1363 957 inquit,
1415 876 1630 957 gubernavit:
1658 872 1785 956 deinde,
1815 894 1880 941 nou
1903 875 2058 940 habuisse
2078 875 2240 957 privatum
2262 877 2308 939 sni
2329 896 2370 940 re·

385 967 522 1044 honest,
545 984 586 1029 ne
602 961 772 1045 permittas
787 971 826 1026 ut
840 981 971 1028 oausam
988 971 1077 1026 tuem
1093 981 1195 1044 agens
1211 981 1362 1026 maneam
1415 970 1575 1043 speotnm.
1608 962 1654 1027 ut
1676 961 1783 1037 tortio,
1806 961 1907 1027 fuisse
1929 962 1976 1026 itn
1997 960 2193 1043 eompositos
2214 960 2247 1025 in
2269 961 2369 1026 ardore

385 1053 555 1119 attonitus.
606 1048 691 1113 Nam
721 1047 782 1112 hoo
811 1045 912 1114 verbo
942 1047 1098 1131 intelligit
1129 1067 1284 1128 pavorem
1308 1047 1363 1130 qui
1414 1045 1482 1124 illo,
1512 1057 1549 1110 ιιι
1579 1068 1645 1112 non
1675 1046 1871 1114 exoederont
1899 1068 1958 1131 per
1980 1046 2273 1128 intemperantiam.
2313 1046 2371 1112 Nee

384 1159 499 1204 sensus
528 1155 642 1202 omnes
670 1132 896 1215 obstupefacit.
947 1133 1020 1199 Hae
1048 1142 1157 1198 autem
1190 1143 1277 1198 esset
1306 1134 1362 1198 ab·
1416 1130 1550 1198 dubium
1580 1142 1631 1198 est
1659 1133 1740 1216 quin
1769 1132 1930 1216 prophete
1956 1141 2044 1198 oerto
2067 1131 2254 1214 eognorerit
2273 1152 2372 1197 omnes

384 1223 532 1302 surdum,
551 1220 684 1288 destitui
699 1220 884 1284 onustantia
900 1219 1085 1303 prophetae,
1102 1217 1178 1302 quia
1193 1218 1362 1301 proprium
1415 1217 1490 1282 illos
1520 1219 1676 1302 reprobos
1702 1239 1790 1296 esse,
1824 1219 1942 1301 quibus
1971 1218 2170 1300 imprecetur
2199 1218 2292 1282 talem
2320 1219 2373 1283 Dei

384 1309 448 1375 Dei
478 1319 529 1374 est
557 1307 644 1392 ipsos
670 1325 785 1389 regere
814 1326 872 1372 suo
902 1305 1021 1388 spiritu
1052 1317 1085 1370 et
1107 1303 1214 1388 gratie
1238 1304 1363 1384 fulsire,
1416 1303 1604 1370 vindictam.
1639 1302 1728 1384 Quia
1749 1311 1858 1370 autem
1882 1311 2029 1369 nostrum
2054 1324 2118 1368 non
2141 1313 2192 1368 est
2206 1302 2373 1370 diseernere

384 1414 426 1461 ex
467 1413 531 1477 quo
570 1391 715 1458 iniunxit
753 1389 820 1457 illis
854 1391 920 1455 tale
952 1411 1082 1456 munus.
1137 1388 1250 1470 Quum
1284 1409 1363 1472 ergo
1415 1389 1503 1454 inter
1541 1388 1660 1455 eleetos
1702 1398 1735 1455 et
1774 1390 1946 1473 reprobos,
1993 1390 2154 1456 diseamus
2194 1388 2373 1472 suspendere

386 1475 907 1632 retrituratur
924 1475 1364 1645 ttttttdttt‘tttti
1415 1474 2117 1627 titttt‘htihi.“thibault
2137 1473 2270 1626 tlh
2290 1474 2374 1644 tt?

387 1652 490 1717 mittit
519 1615 560 1717 ld
582 1670 673 1732 opus,
703 1668 894 1714 sueourrere
915 1657 949 1714 et
971 1647 1136 1731 opitulari.
1179 1647 1253 1713 Hoo
1276 1666 1364 1711 nuno
1416 1646 1529 1711 reliter
1560 1637 1735 1729 siquemur
1763 1647 1847 1730 quod
1874 1646 1929 1713 hie
1954 1645 2034 1712 dioit
2055 1646 2222 1731 prophete,
2252 1646 2375 1712 Iitduom

385 1738 454 1823 agit
485 1734 644 1821 propheta
666 1755 765 1817 quum
789 1733 878 1812 dieit,
908 1734 959 1800 Na
980 1735 1028 1800 sie
1048 1734 1128 1800 milri
1149 1735 1185 1799 ln
1206 1738 1363 1809 tantuna,
1415 1753 1511 1814 super
1532 1752 1582 1798 eos
1603 1733 1686 1798 diem
1706 1732 1795 1816 muli,
1817 1738 1846 1798 et
1866 1732 1987 1814 duplici
2008 1734 2186 1798 contritione
2199 1737 2308 1798 eonteu
2322 1751 2373 1796 aaa.

386 1823 448 1888 heo
477 1830 538 1901 est,
567 1842 610 1886 ne
640 1821 684 1886 sis
706 1818 788 1885 mihi
809 1841 908 1887 eausa
929 1820 1071 1902 pavoris,
1102 1831 1140 1884 ut
1161 1818 1286 1885 soilieet
1308 1818 1363 1882 de·
1416 1817 1455 1884 Si
1488 1817 1715 1884 indifferenter
1748 1820 1794 1884 ita
1823 1818 1995 1902 loquamur
2024 1818 2064 1882 de
2095 1818 2261 1896 omnibus,
2292 1837 2375 1899 saepe

363 1910 505 1992 ,stituar
538 1906 739 1982 munientia,
773 1915 806 1970 et
838 1908 885 1972 ita
917 1907 979 1971 sim
1014 1906 1182 1988 expositus
1214 1904 1363 1968 omnium
1416 1904 1577 1987 impinget
1607 1903 1697 1972 relus
1730 1915 1842 1970 noster
1873 1905 1908 1969 in
1943 1904 2030 1987 ipsos
2058 1903 2124 1969 Dei
2155 1904 2251 1970 filios.
2298 1904 2375 1985 Ergo

383 1993 546 2060 ludibriis.
591 1991 725 2074 Quare?
780 1992 830 2058 Tu
859 1993 942 2058 euim
969 2013 1003 2058 as
1025 1993 1174 2073 protectio
1201 2011 1279 2069 mea,
1311 1987 1363 2054 vel
1416 1988 1595 2054 tenendum
1635 1999 1702 2070 est,
1742 1998 1918 2073 antequem
1955 1988 2115 2073 propheta
2149 1989 2235 2055 hano
2268 1990 2375 2072 impre-

384 2102 459 2162 spes
491 2100 580 2144 mea:
621 2097 696 2142 nam
732 2087 908 2162 utrumque
939 2079 1103 2161 signifieat
1136 2078 1199 2142 hoa
1232 2095 1363 2142 nomen.
1416 2076 1577 2141 ostionem
1605 2077 1799 2159 aonoiperet,
1829 2076 1930 2141 inisse
1958 2075 2107 2140 edentum
2136 2075 2292 2158 aspiritn
2313 2073 2376 2151 Dei,

389 2167 440 2234 Tu
461 2165 565 2250 igitur
586 2185 619 2230 ee
637 2165 783 2245 molodia
804 2185 874 2230 anea
895 2165 942 2249 (et
964 2162 1045 2228 mihi
1069 2164 1173 2247 magis
1189 2161 1295 2244 planet
1310 2160 1364 2226 hio
1416 2161 1478 2226 sibi
1498 2183 1537 2226 ne
1561 2161 1666 2227 otium
1688 2183 1759 2229 esse
1781 2182 1856 2228 aum
1878 2160 2025 2245 reprobis
2048 2172 2082 2226 et
2098 2160 2237 2244 perditis
2253 2159 2375 2226 homini·

384 2251 514 2337 sensus)
543 2253 579 2316 in
605 2252 657 2317 die
682 2250 771 2332 nuti,
800 2251 863 2317 hoo
892 2259 952 2329 est,
983 2268 1045 2334 ego
1074 2255 1107 2314 te
1137 2248 1222 2332 elegi
1252 2268 1271 2311 a
1300 2266 1365 2329 qno
1416 2246 1487 2312 bus.
1532 2182 1688 2330 §equitur
1710 2250 1775 2314 iem
1797 2269 1884 2314 nora
1906 2247 2027 2325 oonoio,

387 2348 594 2422 protegerer,
626 2346 782 2419 tanquam
816 2357 903 2402 esses
936 2334 1019 2400 mihi
1052 2334 1195 2420 elypeus.
1253 2331 1364 2414 Quum

384 2425 488 2509 igitur
526 2422 609 2487 mihi
650 2421 697 2487 ita
729 2421 893 2504 pollicitus
926 2421 1043 2486 fuerim
1078 2432 1169 2486 tuum
1203 2419 1363 2486 auxilium
1504 2419 1553 2483 19.
1579 2418 1632 2484 stc
1651 2419 1734 2486 dixit
1750 2419 1832 2484 mibi
1850 2418 1997 2500 Ieltoualr,
2024 2420 2118 2502 Vade,
2140 2425 2238 2486 aleta
2252 2420 2378 2501 inportu

390 2527 561 2591 nunquam
593 2507 678 2572 mihi
709 2506 833 2584 delore,
876 2506 949 2572 vide
982 2527 1025 2571 ne
1059 2506 1230 2585 destituar,
1263 2524 1363 2587 quum
1414 2503 1555 2584 filiorum
1570 2505 1691 2588 populi,
1709 2525 1769 2586 per
1786 2526 1880 2587 quarn
1899 2507 2120 2588 iapredluntur
2136 2526 2226 2590 repes
2242 2503 2379 2581 laudab,

387 2593 468 2658 mihi
503 2613 562 2676 pro
592 2605 638 2672 te,
670 2602 704 2657 et
733 2593 794 2658 sub
823 2603 880 2658 tuo
909 2591 1032 2658 vexillo
1062 2591 1275 2675 pugnandum
1305 2597 1364 2654 est.
1416 2595 1444 2654 et
1466 2611 1528 2672 per
1555 2611 1650 2673 quam
1676 2592 1877 2674 egrediamur
1905 2590 1960 2676 (ed
1990 2595 2137 2669 verbnm,
2165 2613 2184 2656 e
2215 2612 2279 2674 qua
2298 2610 2380 2673 egre·

386 2678 467 2744 Ideo
493 2677 679 2762 subiungit,
709 2676 877 2760 Padefiaut
905 2679 962 2761 qui
991 2697 1039 2744 me
1064 2681 1309 2759 persequuntur,
1338 2679 1366 2740 et
1417 2675 1553 2740 diuntnr
1586 2677 1620 2741 in
1650 2677 1739 2761 ipsa:
1772 2678 1828 2742 sed
1858 2691 1890 2746 t:
1920 2687 1971 2743 est
2001 2677 2269 2762 supervaeuum),
2298 2681 2323 2740 et
2351 2675 2380 2738 in

385 2784 449 2830 nou
465 2763 630 2848 padulium
651 2784 718 2846 epo:
746 2768 921 2830 ιιννοαιιιιιν
942 2762 1001 2847 illi,
1030 2769 1139 2828 unua
1160 2767 1281 2834 terrem
1301 2782 1363 2844 epo.
1417 2761 1560 2826 erunibus
1575 2764 1681 2844 partie
1703 2763 1886 2828 lenaeum.

385 2851 478 2926 Erat,
507 2858 543 2916 ut
572 2849 725 2928 vidimus,
754 2850 931 2935 prophetae
958 2848 1077 2915 durum
1108 2861 1274 2914 eertamen
1297 2868 1364 2911 non
1503 2847 1555 2911 20.
1580 2847 1697 2914 Elaia
1718 2847 1795 2931 illie,
1816 2848 1936 2916 Audite
1957 2849 2380 2929 numquamnumquam

387 2945 515 3002 tantum
538 2956 612 3001 oum
636 2955 703 3001 uno
726 2935 866 3012 homine,
893 2933 946 3000 vel
969 2936 1089 3018 paneis,
1119 2933 1274 3000 sedeam
1296 2942 1364 2999 toto
1418 2932 1572 3016 Iebudab,
1591 2938 1619 2998 et
1635 2937 1716 2999 totus
1733 2932 1886 3016 Iebadab,
1908 2940 2056 3002 eleum
2072 2935 2190 3002 incolae
2209 2933 2379 3012 leaeque,

386 3021 523 3103 populo:
559 3020 676 3085 deinde
704 3019 858 3086 eredibila
885 3031 935 3086 est
962 3019 1064 3086 inisse
1093 3020 1214 3086 multas
1248 3028 1363 3085 saetas.
1416 3018 1472 3101 qui
1491 3019 1699 3102 ingredimini
1714 3040 1776 3101 per
1796 3019 1858 3086 bae
1873 3026 1996 3102 portas.

387 3104 474 3171 Nam
504 3105 532 3170 si
562 3105 720 3170 olamaret
745 3117 857 3170 eontra
879 3125 1005 3180 avaros,
1034 3107 1145 3171 statim
1167 3107 1266 3171 tiebat
1287 3124 1364 3169 oon-
1503 3104 1555 3171 21.
1580 3104 1634 3170 Sie
1662 3106 1739 3172 dicit
1761 3105 1904 3187 lebouab,
1937 3106 2093 3176 eundae
2115 3103 2380 3192 austrolenus

389 3209 504 3255 aursus
534 3209 646 3254 eorum
670 3190 818 3253 omnium
839 3190 896 3273 qui
918 3211 960 3254 ex
982 3191 1106 3274 rapinis
1129 3191 1302 3257 vivebant:
1336 3190 1366 3254 si
1418 3189 1522 3276 vobis)
1554 3191 1590 3256 ln
1620 3191 1788 3256 animabus
1819 3194 1949 3275 neuris,
1984 3213 2023 3258 rae
2055 3192 2202 3274 inferatis
2236 3210 2310 3258 onus
2338 3188 2382 3253 dle

390 3283 500 3340 autem
535 3272 575 3338 de
606 3271 743 3338 libidine
771 3273 945 3338 multorum
977 3275 1183 3356 loquebatur,
1215 3278 1279 3340 inm
1308 3275 1365 3341 illa
1416 3275 1539 3342 sabbati
1553 3275 1609 3363 (ne
1624 3276 1770 3362 tollatis),
1793 3281 1820 3342 st
1840 3278 1986 3360 infautia
2002 3299 2063 3362 per
2080 3277 2381 3360 modulansque.

390 3369 461 3424 erat
482 3357 626 3425 sonanda
649 3359 862 3441 oonepiratio:
884 3358 912 3423 si
927 3359 1136 3425 eonoiouatus
1151 3369 1238 3426 esset
1252 3372 1365 3426 eontra

390 3444 584 3510 ebrietatem
620 3448 654 3509 et
690 3445 994 3527 intemperantium,
1033 3459 1104 3510 erat
1142 3446 1241 3510 etiam
1279 3466 1365 3511 nova
1503 3446 1578 3513 Non
1611 3446 1746 3513 dubium
1779 3456 1830 3515 est
1862 3448 1941 3532 quin
1975 3447 2156 3534 separanda
2186 3449 2285 3514 suerit
2312 3447 2383 3510 haee

390 3531 505 3608 turba,
542 3549 624 3612 quae
664 3538 779 3595 oontm
811 3531 921 3612 ipsum
954 3530 1149 3615 insurgeret.
1205 3529 1366 3596 Videmus
1417 3533 1527 3597 oonaio
1557 3553 1577 3596 a
1603 3534 1781 3616 superiori:
1811 3543 1844 3600 et
1874 3535 2021 3619 quisquis
2050 3535 2192 3619 pertitas
2215 3546 2266 3599 est
2287 3532 2383 3614 eopia

391 3637 470 3700 ergo
499 3624 538 3681 ιιι
566 3634 679 3680 omnes
700 3614 792 3698 impii
815 3616 928 3682 multis
951 3615 1107 3700 partibus,
1138 3620 1171 3681 et
1192 3615 1233 3682 ob
1256 3617 1365 3681 varias
1417 3617 1523 3681 oaruit
1550 3616 1670 3684 indioio
1698 3620 1732 3684 in
1762 3619 1884 3703 multis,
1916 3620 2191 3704 quemadmodum
2222 3620 2286 3685 hoo
2313 3619 2382 3682 loeo.

390 3721 505 3768 oausas
540 3700 683 3784 undique
714 3704 860 3783 aggressi
893 3701 1016 3768 fuerint
1049 3704 1259 3786 prophetam,
1292 3699 1365 3766 ideo
1417 3701 1555 3767 Summa
1584 3711 1692 3768 autem
1722 3715 1786 3782 est,
1820 3717 1947 3770 tantum
1974 3707 2075 3772 fuisse
2097 3718 2132 3771 et
2153 3715 2223 3770 tam
2246 3721 2383 3771 erassum

390 3795 521 3854 ooaotue
537 3793 587 3851 est
603 3785 739 3870 preeeri,
762 3785 1031 3867 quemadmodum
1051 3808 1139 3854 nune
1156 3788 1242 3866 feeit,
1260 3787 1364 3854 Pude-
1418 3786 1499 3870 legis
1532 3797 1772 3873 oontemptom,
1806 3803 1843 3856 ut
1873 3792 2077 3877 negligerent
2109 3793 2208 3856 etiam
2242 3791 2385 3857 observa·

388 3873 468 3954 fiunt
489 3870 540 3936 illi
561 3873 617 3953 qui
638 3891 686 3936 nae
703 3876 941 3953 mrsepuuntur,
972 3893 1088 3956 nempe
1110 3875 1188 3956 qnia
1209 3875 1277 3938 iam
1299 3886 1364 3940 tes·
1417 3873 1539 3939 tionem
1568 3874 1703 3940 sabbati.
1747 3877 1794 3942 Et
1827 3886 1937 3942 temen
1970 3879 2094 3944 seimus
2116 3876 2307 3962 hypoaritns
2330 3873 2384 3938 hae

390 3967 480 4023 tatus
502 3965 552 4022 eet
574 3977 644 4021 esse
667 3956 856 4022 manifestos
878 3955 944 4020 Dei
966 3957 1092 4023 hostes:
1122 3959 1276 4041 quoniam
1299 3981 1366 4027 non
1417 3959 1450 4024 in
1484 3969 1576 4042 parte
1609 3961 1690 4026 satis
1722 3983 1794 4028 osse
1834 3962 1971 4030 sedulos.
2025 3963 2098 4028 imo
2134 3962 2311 4045 exprobrat
2341 3958 2386 4024 sui
2519 3965 2520 3976 ¹

391 4044 510 4128 agebat
532 4042 602 4124 ipse
625 4041 788 4123 privatum
804 4041 981 4126 negotium,
1004 4041 1060 4107 sed
1075 4043 1216 4110 fideliter
1230 4044 1366 4129 parebat
1417 4045 1571 4128 temporis
1604 4046 1791 4115 hominibus
1824 4048 1928 4114 Isains
1956 4047 2001 4134 (1,
2026 4049 2093 4133 13),
2127 4048 2216 4131 ipsos
2250 4047 2386 4132 posuime

392 4129 457 4194 Dei
491 4126 657 4193 mundato.
712 4126 825 4205 Quum
858 4147 937 4210 ergo
970 4128 1068 4192 seirat
1099 4131 1261 4211 professos
1294 4151 1365 4197 esse
1418 4139 1520 4196 totam
1550 4153 1642 4198 suam
1672 4133 1924 4200 senotimoniam
1952 4137 1986 4201 in
2016 4150 2155 4201 externa
2186 4134 2245 4199 illa
2268 4134 2387 4199 dierum
2519 4157 2520 4204 ι

393 4215 458 4282 Dei
481 4213 601 4295 hostes,
623 4232 687 4276 non
710 4209 876 4278 dubitavit
897 4212 996 4277 etiam
1019 4222 1128 4295 petere
1150 4236 1170 4279 e
1191 4214 1262 4280 Deo
1285 4217 1365 4299 ipso,
1416 4216 1652 4284 observatione.
1698 4217 1764 4285 Sed
1788 4219 2061 4302 quemadmodum
2084 4221 2151 4285 iem
2173 4218 2255 4302 dixi,
2282 4240 2319 4284 eo
2340 4237 2389 4280 au·

391 4310 431 4366 ιιι
460 4321 495 4366 se
523 4299 589 4364 illis
618 4308 806 4380 opponeret.
850 4298 983 4363 Interea
1006 4297 1185 4364 notandum
1209 4300 1366 4382 estquod
1419 4300 1528 4368 daniae
1567 4314 1785 4388 proruperant
1816 4305 1930 4370 Iudaei
1964 4315 2109 4390 tempore
2143 4305 2319 4382 Ieremias,
2357 4308 2389 4366 nt

391 4387 464 4453 aliis
493 4385 573 4451 loeis
601 4384 759 4460 diximus,
790 4382 983 4465 prophetam
1013 4403 1080 4446 non
1108 4393 1237 4449 tantum
1266 4385 1366 4452 inisse
1418 4387 1525 4468 palam
1550 4389 1714 4455 violarent
1735 4390 1820 4456 diem
1839 4391 1974 4473 sabbati,
2000 4390 2277 4475 quemadmodum
2294 4387 2387 4471 ιιιιςο

392 4469 571 4555 impulsum
593 4479 706 4535 saneto
727 4477 761 4532 et
783 4467 836 4551 pio
859 4467 939 4549 nelo,
962 4468 1018 4534 sed
1037 4469 1254 4552 gubernatum
1271 4472 1366 4553 spiri·
1419 4471 1555 4539 dioimus
1577 4475 1724 4540 hominos
1746 4497 1817 4542 esse
1840 4476 2035 4560 desperatos,
2059 4477 2118 4560 qui
2140 4498 2181 4542 ne
2198 4477 2389 4559 probitatem
2519 4479 2520 4520 ἓ

393 4570 447 4625 tus
474 4555 657 4641 prudentia.
702 4553 773 4618 Hau
795 4552 915 4617 iterum
939 4564 1068 4636 repeto:
1099 4555 1249 4636 quoniam
1273 4556 1366 4621 multi
1419 4557 1547 4639 quidem
1581 4559 1681 4626 ullam
1714 4562 1882 4628 simulant.
1937 4563 2043 4628 Tanta
2074 4563 2179 4647 igitur
2211 4573 2285 4627 orat
2318 4571 2389 4626 tune

394 4651 472 4710 suut
504 4639 705 4724 praeposteri
731 4638 930 4714 imitatores,
962 4639 1018 4720 qui
1051 4659 1180 4718 semper
1211 4638 1367 4707 obiioiunt
1419 4643 1529 4726 populi
1563 4643 1708 4729 liuentia,
1743 4656 1782 4712 ιιι
1814 4647 1924 4714 nullus
1957 4659 2042 4714 esset
2076 4647 2196 4732 pudor,
2231 4648 2299 4712 imo
2326 4647 2389 4711 sine

394 4727 644 4806 vehementiam,
667 4745 732 4808 qua
753 4725 804 4790 nsi
819 4731 898 4789 sunt
911 4723 1099 4807 prophetae,
1122 4725 1200 4788 dum
1216 4724 1368 4792 feruntur
1419 4728 1606 4794 discrimine
1638 4731 1847 4798 ostenderent
1876 4755 1910 4798 se
1940 4731 2096 4800 abiecisse
2126 4755 2261 4818 prorsus
2283 4734 2389 4817 iugum
2519 4775 2520 4782 .

393 4813 539 4880 violento
573 4813 682 4896 potins
715 4829 812 4893 quem
850 4808 1038 4873 vehementi
1076 4809 1213 4892 impetu.
1268 4813 1367 4893 Atqui
1418 4811 1481 4877 Dei
1512 4826 1545 4878 et
1566 4815 1648 4898 legis
1670 4817 1781 4899 ipsius.
1826 4818 1900 4885 Heu
1923 4839 2023 4902 quum
2046 4819 2142 4884 fieret
2163 4818 2390 4904 lerosolymae,
2519 4811 2520 4826 ¹

394 4902 501 4986 primo
523 4897 700 4966 videndum
721 4908 779 4973 est,
803 4893 1001 4976 suspiritus
1024 4902 1156 4961 sanatus
1174 4916 1234 4959 nos
1250 4894 1366 4978 guber·
1418 4898 1495 4979 quid
1525 4909 1676 4981 putamus
1705 4901 1806 4968 fnisse
1832 4904 1953 4970 fantum
1977 4905 2012 4970 in
2035 4905 2128 4989 pagis
2150 4904 2309 4983 obsanris,
2341 4900 2392 4969 ubi

395 4995 460 5066 net,
489 5006 532 5052 ne
554 4985 691 5050 effluant
714 4981 807 5048 nobis
829 4979 1077 5062 impreaationes
1099 4978 1258 5045 adversus
1280 4980 1367 5062 ipsos
1419 5004 1485 5047 non
1525 4985 1657 5066 rigebat
1695 4993 1789 5054 tanta
1825 4990 1965 5074 religio?
2021 4990 2106 5056 Nam
2147 4993 2175 5056 si
2209 4989 2289 5074 quid
2327 5001 2391 5054 erat

395 5073 531 5140 eleetos:
566 5068 684 5137 deinde
718 5086 846 5151 semper
879 5062 1062 5130 navandum
1096 5073 1145 5128 est
1178 5085 1198 5129 a
1230 5066 1368 5147 privatis
1419 5065 1599 5146 doetrinae,
1637 5071 1664 5135 si
1701 5094 1765 5155 qun
1801 5085 1873 5139 erat
1908 5077 2032 5159 speeies
2064 5077 2212 5159 pietatis,
2250 5074 2392 5161 fulgebat
2519 5053 2520 5074 ³

396 5157 568 5225 effantibus
590 5155 706 5234 uernis,
729 5163 761 5220 et
779 5149 922 5218 timenda
938 5169 1066 5230 semper
1082 5159 1132 5212 est
1146 5149 1366 5234 intemperies:
1418 5151 1637 5232 lerosolymae
1664 5162 1867 5239 praesertim.
1911 5162 2007 5228 Nune
2034 5183 2114 5246 ergo
2143 5162 2296 5228 videmus
2323 5181 2391 5244 pro·

395 5244 550 5328 qnoniam
572 5263 684 5308 rarum
705 5239 767 5306 hoo
790 5237 906 5304 donum
931 5243 981 5300 est
1003 5235 1049 5298 ita
1069 5234 1208 5316 flagrare
1229 5235 1308 5313 nelo,
1333 5246 1369 5302 ut
1420 5237 1551 5320 phetam
1575 5242 1681 5307 aDeo
1703 5244 1802 5311 fuisse
1824 5247 1969 5324 missum,
1993 5249 2049 5330 qui
2072 5249 2227 5315 obiiceret
2248 5266 2392 5314 erassum

395 5329 493 5397 simul
512 5329 685 5394 noniunota
702 5325 745 5392 eit
761 5321 940 5391 moderatio
958 5339 1041 5402 quae
1059 5319 1245 5400 requiritur.
1277 5318 1366 5400 Quo·
1419 5323 1511 5388 illum
1544 5333 1578 5390 et
1608 5327 1736 5394 ioedum
1768 5330 1850 5414 legis
1877 5341 2102 5417 contemptum
2129 5333 2267 5417 populo:
2304 5331 2393 5417 quasi
