5158 6124
221 485 285 552 385
922 485 971 552 IN
994 483 1244 552 tantulam.
1289 483 1388 552 ΟΔΡ.
1411 484 1529 552 XXII.
2163 488 2230 556 386

222 685 261 742 ut
282 674 405 742 vellent
426 674 519 758 quasi
541 693 613 740 esse
634 671 785 755 suspensi
806 672 843 736 in
864 692 949 738 aere.
983 670 1072 739 Hine
1094 672 1197 756 igitur
1249 678 1283 737 ει
1305 671 1425 736 mentis
1449 691 1514 738 non
1535 671 1756 756 oompositae?
1790 673 1863 740 Hoo
1884 675 1988 759 igitur
2003 676 2117 741 vitium
2138 698 2229 744 nuno

222 774 399 843 eoeperunt
430 759 529 826 latius
560 760 721 826 fenestras
753 778 831 824 suas
863 757 1000 839 aperire.
1056 757 1121 822 Per
1153 779 1197 838 se,
1250 758 1443 840 perstringit
1465 757 1621 827 Ieremias
1643 777 1746 840 quum
1772 757 1867 838 dieit,
1900 761 1956 825 Aa
1983 762 2132 845 reprobis
2152 763 2230 830 dass

223 844 496 932 quemadmodum
518 843 604 923 dixi,
635 847 697 910 hoo
720 863 785 908 non
806 843 978 908 damnaret
1000 842 1106 908 Deus:
1140 841 1198 908 sed
1249 847 1276 906 ie
1301 841 1433 908 involvis
1454 841 1537 908 tter
1558 843 1687 908 cedrino
1707 843 1875 912 ubuum
1920 845 1995 912 Hoe
2017 859 2077 925 est,
2101 869 2144 912 an
2168 847 2230 914 hoe

224 931 565 1084 tthtt‘tttttt
578 937 643 1081 il
659 929 773 1080 ,itti
787 929 934 1080 itit
958 929 1199 1097 {bittit
1249 926 1659 1079 ttittiitttttl
1678 929 1813 1080 titt
1828 930 2033 1083 filiiflii
2048 933 2231 1102 bittit
2292 963 2294 968 '

223 1105 371 1188 ipsorum
393 1104 533 1168 infestus
554 1101 598 1166 sit
619 1099 781 1184 superbia,
806 1099 853 1164 ita
875 1109 912 1164 ut
934 1119 999 1165 nou
1022 1099 1200 1182 respitiant
1251 1117 1367 1164 sensus
1407 1099 1586 1180 prophetae
1625 1120 1667 1164 ex
1707 1100 1832 1183 reliquo
1864 1111 2030 1168 oontextu.
2087 1103 2230 1170 Subiioit

224 1188 300 1273 quid
323 1188 404 1255 utile
425 1189 477 1268 sit,
501 1188 577 1270 quid
601 1186 723 1262 deeeat,
752 1184 809 1250 sed
833 1185 979 1250 ferantur
1000 1204 1062 1250 sna
1083 1185 1199 1249 intem·
1252 1183 1341 1247 enim
1363 1185 1518 1248 eontinuo
1540 1193 1629 1265 post,
1666 1185 1763 1251 Pater
1789 1191 1864 1252 iaus
1892 1208 1936 1252 oar
1963 1207 2025 1254 nen
2053 1189 2231 1254 remeditet

224 1276 323 1360 peris.
367 1274 487 1340 Postea
506 1271 607 1355 addit,
637 1271 681 1338 Et
702 1275 845 1352 eoopenu
866 1275 910 1336 eet
929 1270 1028 1347 cedro,
1056 1269 1117 1336 hoe
1138 1279 1200 1351 est,
1251 1268 1325 1334 bibit
1346 1288 1443 1350 ᾳιιιι
1462 1269 1577 1351 feruet
1597 1271 1753 1336 iudicium
1774 1273 2003 1338 dissidium?
2027 1275 2159 1356 quidam
2181 1275 2231 1338 ita

225 1361 342 1426 domus
374 1359 439 1425 erit
470 1357 611 1424 obdueta
644 1355 785 1424 aedrinis
816 1355 980 1421 tabulatis.
1025 1353 1113 1420 Nam
1146 1355 1201 1420 hio
1252 1354 1416 1436 aeoipiunt
1460 1376 1497 1422 ae
1541 1356 1568 1419 si
1612 1367 1800 1422 ooourreret
1843 1357 2001 1440 propheta
2043 1359 2230 1426 obieetioni.

225 1446 413 1524 tentorium,
448 1464 520 1509 meo
551 1443 690 1520 iudieie,
724 1441 874 1526 designat
906 1440 1068 1524 propheta
1100 1459 1200 1522 quum
1253 1438 1389 1504 Poterat
1411 1441 1500 1504 enim
1522 1439 1651 1505 Ioakim
1673 1443 1820 1523 prolerre
1842 1444 2026 1527 exemplum
2054 1445 2232 1527 patrissui

225 1531 304 1598 dioit
326 1530 460 1596 domum
482 1531 552 1595 lore
574 1529 729 1604 olausam,
753 1527 806 1592 vel
829 1535 949 1592 tentam
971 1525 1086 1592 oedro:
1108 1524 1201 1608 quasi
1252 1523 1369 1604 Iosiae,
1392 1526 1448 1608 qni
1472 1543 1539 1590 nou
1561 1526 1669 1591 luerat
1690 1528 1851 1606 sordidus,
1881 1528 1938 1594 sed
1959 1530 2149 1596 ostenderat
2171 1529 2232 1594 ali·

225 1616 357 1694 dioemt,
380 1635 493 1698 regem
509 1613 640 1680 Ioalxim
657 1615 725 1679 lero
742 1633 802 1695 pro
819 1612 924 1678 nihilo
942 1611 1062 1678 dueere
1079 1609 1202 1693 lapides
1254 1607 1332 1690 qnid
1372 1611 1481 1694 regiae
1520 1610 1690 1695 dignitatis
1730 1613 1764 1677 in
1804 1625 1873 1678 tota
1914 1615 2047 1679 vivendi
2093 1617 2231 1681 ratione.

225 1702 400 1786 quadratos
422 1706 457 1765 et
477 1699 612 1785 politos,
647 1700 711 1764 uisi
737 1698 869 1766 aoeedat
896 1697 998 1762 etiam
1026 1696 1200 1762 tentorium
1254 1695 1457 1761 Existimant
1497 1697 1599 1779 igitur
1639 1697 1772 1779 qnidam
1807 1700 2002 1782 interpretes
2036 1701 2233 1783 prophetam

225 1787 266 1854 ad
288 1783 453 1854 ornandos
475 1785 616 1869 parietes
638 1806 681 1851 ex
703 1782 843 1850 oedrinis
862 1783 991 1849 tabulis.
1024 1782 1070 1848 ltt
1087 1781 1202 1848 eodem
1254 1781 1398 1846 refutare
1420 1781 1507 1863 quod
1530 1783 1680 1864 excipere
1702 1794 1830 1866 poterat
1852 1784 1999 1850 Ioakim:
2034 1784 2147 1866 Quid?
2173 1807 2233 1851 au·

225 1883 351 1958 apertat
371 1873 475 1938 aredio
501 1891 541 1936 aa
570 1871 678 1936 minio.
722 1869 808 1935 Nam
837 1869 955 1935 merite
985 1881 1202 1934 numerantur
1255 1885 1320 1930 non
1344 1875 1437 1949 pater
1460 1887 1552 1932 mens
1573 1868 1672 1933 etiam
1696 1869 1799 1953 regali
1829 1881 1962 1953 sumptu
1985 1891 2064 1937 naus
2094 1870 2166 1938 est?
2200 1880 2234 1937 et

226 1959 372 2044 pieturae
405 1959 492 2022 inter
523 1957 715 2022 immodioos
747 1963 781 2022 et
817 1955 1000 2037 superfluos
1040 1964 1201 2034 sumptus.
1254 1951 1300 2015 ita
1322 1953 1581 2036 interpretantur
1611 1953 1729 2035 verba,
1763 1957 1855 2038 quasi
1885 1955 2046 2039 propheta
2074 1956 2233 2024 eoneedat

227 2044 337 2125 Quum
359 2043 461 2127 igitur
478 2063 555 2125 pars
573 2041 722 2106 luxuriae
742 2041 785 2106 sit
802 2061 920 2106 ornare
938 2039 1039 2106 variis
1057 2038 1201 2121 pigmen·
1254 2037 1365 2120 initio,
1398 2038 1455 2103 sed
1487 2040 1685 2104 oorreetione
1712 2040 1869 2106 adiuueta
1899 2041 2051 2107 ostendat
2080 2042 2233 2109 frivolam

226 2131 269 2194 tis
291 2127 447 2213 parietes,
482 2147 519 2194 ao
540 2128 569 2194 si
591 2135 781 2211 appeterent
803 2125 952 2191 homines
975 2125 1202 2189 mutaresim·
1254 2143 1325 2187 esse
1358 2125 1598 2188 exeusationem
1633 2124 1779 2190 Ioahim:
1819 2127 1941 2191 Pateor
1977 2137 2105 2210 patrem
2140 2138 2232 2193 tunm

226 2216 343 2298 plieem
355 2233 465 2279 rarum
478 2224 644 2279 naturam:
663 2213 736 2278 ideo
754 2210 914 2294 propheta
931 2208 1203 2277 hieexoeudesoit
1255 2207 1355 2273 fuisse
1377 2210 1475 2274 etiam
1497 2220 1648 2275 ornatum
1671 2210 1842 2294 regaliter:
1863 2212 1920 2277 sed
1942 2212 2070 2278 interea
2087 2216 2234 2279 exerouit

226 2301 386 2368 adversus
417 2319 528 2383 regem
561 2297 700 2364 Ioalaim.
754 2297 823 2363 Neo
857 2295 991 2362 dubium
1024 2303 1089 2372 est,
1122 2294 1203 2377 quin
1254 2293 1413 2362 iudioinm
1435 2305 1470 2358 et
1487 2295 1664 2360 iustitiam:
1688 2318 1747 2362 rur
1761 2318 1827 2362 non
1842 2297 1982 2362 imitaris
1995 2309 2121 2380 patrem
2137 2309 2233 2364 tuum

227 2385 319 2452 Deus
355 2384 637 2450 oiroumstantiam
670 2381 826 2465 temporis
866 2380 1055 2464 respexerit
1112 2379 1204 2445 Deus
1255 2381 1290 2444 in
1322 2379 1520 2446 virtutibus?
1566 2381 1657 2447 Deus
1690 2384 1816 2465 ignovit
1849 2384 1877 2447 si
1911 2382 1990 2464 quid
2020 2385 2086 2448 fuir
2119 2403 2234 2466 super·

225 2472 403 2537 animiam
433 2476 685 2552 praemonuerat
714 2470 836 2552 ipsum,
869 2477 902 2533 et
929 2486 1043 2531 omnes
1065 2464 1204 2530 Iudaeos
1256 2483 1409 2543 vaenum,
1432 2464 1485 2531 vel
1508 2467 1655 2544 nimium,
1685 2467 1958 2550 quemadmodum
1978 2488 2037 2551 per
2058 2469 2234 2553 indulgen·

227 2555 268 2622 de
299 2556 418 2621 tuturis
447 2554 601 2621 alodibus.
646 2554 720 2620 Hoo
747 2555 848 2637 igitur
876 2551 939 2618 luit
968 2548 1204 2634 quodammodo
1256 2551 1337 2615 tiam
1361 2549 1466 2616 multa
1488 2552 1613 2633 patitur
1635 2553 1670 2617 in
1693 2554 1835 2637 regibus.
1883 2553 1949 2620 Sed
1977 2564 2012 2618 tu
2043 2554 2234 2638 longissime

226 2641 367 2708 ludibrio
395 2641 516 2706 habere
546 2660 659 2705 omnes
683 2640 745 2704 Dei
773 2641 888 2704 minas.
933 2636 1065 2704 Soimus
1094 2645 1204 2701 autem
1257 2636 1358 2700 distas
1382 2658 1401 2700 a
1423 2644 1516 2716 patre
1539 2646 1607 2711 tuo,
1637 2640 1714 2720 quia
1738 2641 1908 2723 tyrannice
1930 2648 2108 2722 extorques
2130 2661 2151 2705 a
2173 2640 2235 2704 mi-

227 2722 1101 2897 ffitrtittittit'tiiht{tiabit
1118 2720 1204 2872 itti
1257 2721 1810 2891 {htttitttt‘tlt‘tttt‘
1838 2724 2237 2894 iititttttttttt

228 2905 339 2964 vestra
360 2859 528 2979 iuiq'uitas':
562 2898 638 2979 quia
666 2860 744 2961 durii
773 2916 833 2978 ego
861 2915 921 2962 vos
949 2893 1099 2959 hortatus
1130 2912 1202 2958 sum
1256 2893 1517 2976 integumentum
1542 2894 1600 2958 tibi
1630 2914 1768 2977 quaeras
1802 2906 1937 2978 epatre
1970 2903 2046 2972 tuo,
2081 2896 2237 2979 quoniam

228 2985 270 3049 ad
292 3003 423 3050 saeuum
445 2995 479 3047 et
501 2983 654 3062 sinerem,
678 2982 817 3061 dixistis,
841 2979 1032 3063 Epulemur,
1059 2989 1092 3043 et
1114 2978 1204 3044 biba·
1259 2998 1391 3060 prorsus
1413 2977 1591 3062 degeneras
1613 2979 1654 3044 ab
1677 2981 1748 3044 eius
1771 2981 1941 3062 probitate.
1976 2980 2045 3045 Alii
2067 2979 2237 3047 diversum

228 3090 312 3149 mus,
335 3090 408 3136 erae
431 3069 616 3134 moriemur.
662 3067 752 3132 'I'alis
779 3066 881 3150 igitur
906 3065 970 3130 luit
1000 3063 1206 3130 eontumaeia
1257 3083 1393 3146 prorsus
1421 3083 1554 3128 sensum
1584 3065 1733 3144 eliciunt,
1767 3065 1853 3148 quod
1886 3067 2011 3132 seilieet
2040 3065 2145 3133 Ionias
2172 3065 2237 3131 sibi

229 3155 264 3220 in
297 3176 374 3239 rege
402 3153 542 3219 Ioalrim.
594 3153 678 3217 Nam
706 3152 843 3217 debebat
871 3151 965 3236 qnasi
992 3160 1070 3214 ante
1096 3148 1206 3214 oeulos
1258 3149 1481 3232 prorogaverit
1514 3149 1632 3226 vitam,
1671 3161 1706 3215 et
1737 3151 1963 3218 ooneiliaverit
1995 3152 2136 3236 gratiam
2170 3151 2238 3218 Dei

228 3242 300 3306 eins
333 3240 458 3305 versari
490 3239 672 3322 propinqua
703 3236 827 3303 eludes:
867 3237 937 3319 ipse
970 3244 1083 3301 autem·
1112 3233 1206 3316 quasi
1257 3235 1343 3299 iuste
1369 3233 1545 3317 regnando.
1589 3235 1643 3299 Ita
1671 3256 1750 3300 ero
1779 3237 1985 3321 coniungunt
2014 3236 2096 3303 haee
2125 3238 2235 3303 verba.

230 3325 328 3391 homo
352 3325 550 3390 temulentus
579 3323 722 3407 augebat
750 3321 958 3405 splendorem
984 3318 1129 3404 regium,
1159 3319 1207 3382 ita
1258 3320 1360 3384 Pater
1383 3331 1459 3384 tuus
1481 3339 1591 3385 annon
1613 3341 1684 3386 eom
1728 3323 1751 3386 it
1774 3332 1807 3387 et
1830 3322 1933 3388 bibit?
1977 3322 2051 3388 Hee
2080 3331 2147 3401 est,
2177 3343 2237 3389 an-

231 3421 267 3476 ut
299 3429 379 3494 opes
400 3408 538 3477 Davidis
571 3417 604 3474 et
634 3409 819 3475 Solomonis
852 3416 962 3474 essent
994 3406 1085 3490 qnasi
1118 3404 1206 3487 quis·
1259 3425 1326 3470 non
1365 3403 1503 3470 lelioiter
1539 3407 1622 3490 egit,
1663 3408 1741 3489 qnia
1778 3407 1872 3473 Deus
1913 3407 1963 3472 illi
2003 3406 2237 3475 benedixerat?

231 3496 351 3580 quiliae
375 3516 455 3578 prae
481 3496 538 3561 ille
567 3495 727 3560 immenso
760 3502 894 3576 sumptu
927 3493 969 3557 ad
1002 3511 1099 3574 quern
1131 3509 1206 3572 pro·
1259 3491 1399 3572 Respiee
1414 3511 1555 3570 eausam,
1579 3512 1696 3574 nempe
1711 3496 1864 3575 quoniam
1880 3492 2021 3558 fideliter
2036 3505 2239 3574 exsequutus

230 3603 362 3666 gressus
384 3582 500 3647 inerat
546 3581 644 3646 Nune
667 3579 825 3662 sequitur,
1259 3574 1367 3640 luerat
1390 3585 1500 3658 partes
1521 3596 1607 3642 snas.
1652 3577 1738 3643 Nam
1762 3579 1883 3644 leeerat
1904 3579 2065 3644 iustitiam
2096 3590 2129 3644 et
2151 3577 2238 3642 iudi·

1259 3663 1356 3726 oium.
1400 3659 1513 3742 Quum
1535 3662 1637 3746 igitur
1659 3663 1772 3728 videas
1795 3664 2002 3746 aequitatem,
2034 3674 2067 3728 et
2088 3661 2238 3729 modera-

320 3753 370 3818 15.
393 3753 449 3818 Aa
469 3750 626 3835 regnabis,
648 3751 722 3832 qaia
745 3755 780 3815 tu
795 3749 966 3830 umiae&
988 3753 1015 3813 te
1035 3747 1071 3811 in
1091 3745 1205 3812 cedro?
1260 3747 1397 3822 tionem,
1430 3764 1495 3827 qua
1528 3767 1605 3812 usus
1637 3757 1688 3814 est
1721 3761 1814 3830 pater
1845 3758 1937 3828 tuns,
1971 3749 2070 3813 luisse
2102 3768 2237 3814 oausam

232 3837 307 3924 (hoe
329 3847 388 3916 est,
411 3837 489 3921 quia
511 3849 543 3902 te
564 3835 709 3901 involvis
731 3833 863 3920 aedrel)
892 3839 985 3916 pater
1006 3838 1080 3897 tous
1102 3851 1207 3896 aaron
1260 3831 1374 3896 beatae
1396 3832 1503 3909 vitae,
1536 3853 1595 3897 our
1618 3855 1682 3898 uon
1706 3835 1806 3899 etiam
1831 3834 1927 3898 illum
1956 3833 2122 3899 imitaris?
2169 3833 2237 3898 Sed

231 3924 368 4004 woradi,
389 3929 418 3988 ei
436 3923 522 4003 bibit,
544 3926 572 3988 ei
591 3920 664 4002 feei
692 3919 767 4004 (hoe
788 3931 849 3995 est,
872 3940 974 4001 quum
997 3916 1130 4000 faeeret)
1159 3917 1208 3982 ire·
1258 3917 1340 3982 mihi
1364 3915 1492 3981 videtur
1514 3917 1706 4000 simplieiter
1728 3919 1789 3985 hoe
1812 3918 1899 3985 velle
1929 3919 2102 4001 propheta:
2137 3919 2239 3984 Pater

231 4011 351 4076 dirim
372 4015 401 4074 et
421 4007 602 4074 laudium?
622 4011 694 4072 turra
715 4007 787 4071 berte
807 4005 871 4087 fuit
891 4006 929 4070 ei.
1261 4015 1335 4066 tuus
1358 4013 1446 4066 eerte
1469 4002 1617 4068 hilariter
1638 4006 1737 4084 vixit,
1770 4015 1803 4069 et
1832 4005 1916 4070 nihil
1946 4006 1978 4070 ei
2005 4003 2109 4069 deluit
2137 4024 2239 4087 qaum

1258 4097 1427 4153 exarseret
1446 4086 1606 4154 iuditium
1629 4099 1662 4154 et
1682 4091 1855 4157 iustitiam.
1890 4089 1947 4157 Sia
1969 4091 2057 4155 enim
2075 4089 2239 4156 eoustabit

235 4217 239 4224 ·
317 4180 383 4244 Hie
415 4178 594 4244 subsannat
618 4177 780 4260 propheta
811 4176 945 4241 stultam
975 4172 1207 4240 eonfidentiam
1260 4172 1375 4237 melius
1398 4173 1572 4239 antithesis
1593 4175 1681 4240 inter
1703 4177 1915 4260 tyrannidem
1938 4175 2076 4254 Ioakim,
2098 4185 2131 4242 et
2152 4175 2238 4240 inte·

233 4266 320 4350 regis
342 4262 484 4342 Ioalxim,
518 4261 603 4346 quod
625 4269 804 4345 opponeret
828 4262 937 4326 fumos
959 4257 1108 4327 hostibus
1139 4259 1207 4325 snis
1259 4259 1412 4342 gritatem
1445 4259 1549 4341 patris
1582 4259 1708 4327 Iosiao:
1749 4263 1842 4344 quasi
1885 4260 2024 4338 diaeret,
2064 4261 2116 4325 au
2150 4281 2239 4328 nune

233 4352 326 4434 quasi
347 4351 443 4414 firma
465 4347 634 4431 praesidia.
679 4347 764 4414 Nam
787 4347 895 4413 solent
916 4355 1015 4429 reges¹
1031 4346 1100 4410 anis
1131 4343 1209 4410 deli·
1258 4344 1427 4408 existimas
1460 4344 1625 4410 fortunam
1660 4356 1751 4412 tuam
1786 4347 1954 4412 meliorem
1987 4365 2058 4412 esse
2092 4355 2239 4430 paterna,

234 4437 290 4501 tiis
311 4437 458 4500 animum
481 4433 635 4513 adiioere,
664 4433 719 4498 ubi
748 4435 853 4498 otium
882 4441 947 4509 est,
978 4435 1012 4494 et
1040 4433 1207 4507 securitas,
1259 4429 1413 4510 quoniam
1437 4449 1572 4511 superas
1603 4451 1679 4496 eum
1708 4433 1841 4497 luxuria
1868 4443 1901 4497 et
1928 4431 2101 4497 immodioo
2131 4434 2240 4516 splen·

235 4523 296 4587 hoe
318 4531 377 4598 est,
400 4521 427 4584 si
451 4519 534 4583 nihil
558 4526 718 4598 metuunt,
748 4519 776 4583 si
799 4517 881 4582 nihil
905 4516 1041 4597 perieuli
1064 4524 1208 4600 apparet,
1261 4514 1348 4578 dore.
1393 4512 1558 4594 Quoniam
1580 4537 1659 4600 ergo
1681 4518 1751 4602 agis
1774 4529 1847 4585 tuos
1870 4516 2053 4601 triumphos
2083 4521 2118 4583 in
2141 4520 2240 4584 rebus

235 4614 314 4672 tune
336 4605 471 4670 liberius
493 4604 554 4669 sibi
576 4602 748 4686 indulgent
771 4603 805 4667 iu
827 4603 897 4668 suis
924 4601 1058 4666 delitiis:
1092 4613 1125 4666 ει
1147 4601 1209 4666 hoe
1262 4601 1371 4678 vanis,
1400 4599 1473 4666 ideo
1496 4600 1617 4667 videris
1640 4604 1700 4669 tibi
1723 4611 1815 4686 patre
1836 4603 1971 4669 felioior.
2017 4606 2119 4687 Atqui
2145 4615 2241 4688 pater

235 4693 303 4756 lere
331 4691 483 4755 omnibus
519 4709 692 4756 eommune
725 4698 785 4753 est.
838 4685 904 4755 Sed
933 4688 1084 4753 videmus
1114 4707 1209 4771 reges
1261 4695 1339 4750 tuus
1362 4695 1449 4751 sorte
1471 4706 1531 4751 sna
1552 4697 1726 4756 eontentna
1748 4691 1827 4755 luit:
1849 4691 1915 4756 imo
1938 4689 1967 4755 si
1983 4693 2239 4773 reputatureius

237 4777 409 4859 praeeipue
438 4775 615 4852 luxuriari,
649 4773 704 4838 ubi
733 4771 859 4838 nullum
892 4773 960 4838 illis
993 4783 1043 4839 est
1078 4772 1209 4851 bellum,
1261 4770 1420 4849 eonditio,
1453 4772 1543 4837 Deus
1576 4775 1705 4839 ornavit
1737 4776 1829 4840 illum
1852 4777 1942 4841 omni
1976 4775 2240 4842 benedietionum

237 4882 333 4926 nemo
355 4862 486 4926 laoessit
508 4860 699 4936 molestiam,
724 4878 819 4923 nemo
842 4859 941 4924 etiam
963 4860 1118 4924 minatur.
1151 4857 1209 4922 At·
1261 4857 1353 4939 eopia
1376 4867 1409 4921 et
1432 4857 1598 4924 varietate.
1637 4861 1774 4926 &medii
1795 4881 1872 4945 ergo
1893 4867 1922 4927 et
1942 4861 2025 4927 bibit.
2063 4861 2129 4926 Per
2150 4861 2241 4928 istud
2355 4875 2364 4888 ·

237 4949 294 5031 qni
315 4945 446 5012 Ioakim
467 4947 495 5012 si
517 4945 685 5026 praeditus
713 4943 830 5009 inisset
860 4945 979 5028 exigna
1008 4951 1103 5028 gutta
1132 4964 1210 5025 pru·
1261 4943 1416 5008 eomaiere
1438 4947 1465 5007 et
1485 4942 1587 5010 bibere
1609 4946 1692 5010 nihil
1715 4946 1806 5012 aliud
1828 4947 1987 5031 intelligo,
2010 4966 2108 5030 quam
2125 4949 2241 5014 vivere

237 5032 384 5110 dentiae,
426 5041 552 5112 poterat
583 5032 706 5097 sentire
739 5031 800 5095 sibi
833 5030 1044 5094 metuendum
1087 5050 1158 5095 esse
1191 5051 1211 5093 a
1262 5028 1426 5106 hilariter,
1456 5037 1490 5094 ει
1513 5029 1576 5095 lrui
1600 5052 1753 5114 prospera
1775 5035 1922 5113 fortuna,
1952 5034 2098 5098 suaviter
2120 5033 2240 5118 degere

238 5117 351 5183 multis
373 5115 532 5199 perieulis.
578 5116 649 5181 Iam
677 5135 778 5198 quum
808 5115 963 5181 adiieeret
992 5134 1105 5180 omnes
1135 5135 1210 5180 sues
1262 5115 1296 5178 in
1319 5114 1393 5178 etio.
1440 5113 1577 5181 Consedit
1599 5117 1699 5200 igitur
1715 5123 1811 5199 peter
1832 5125 1906 5184 tous
1928 5123 1956 5182 et
1976 5119 2060 5197 bibit,
2096 5120 2157 5186 hoo
2179 5131 2240 5198 est,

237 5224 353 5269 sensus
377 5201 418 5265 ad
440 5201 600 5282 parietum
624 5203 792 5284 pieturam,
816 5199 932 5264 deinde
948 5200 988 5264 ad
1003 5198 1211 5283 splendorem
1263 5199 1346 5263 nihil
1365 5198 1570 5280 desideravit,
1594 5213 1628 5268 ει
1642 5203 1783 5270 eonditio
1798 5209 1869 5269 eins
1883 5203 1949 5268 fuit
1963 5205 2054 5286 quasi
2071 5206 2242 5288 exemplar

239 5289 289 5352 sni
312 5286 433 5371 palatii,
463 5286 503 5350 ad
531 5291 675 5365 tentoria,
705 5297 739 5352 et
769 5285 927 5351 eiusmodi
957 5306 1070 5368 nugas,
1101 5305 1211 5349 nonne
1263 5285 1410 5351 eoelestis
1426 5287 1558 5368 gratiae,
1576 5309 1673 5370 quum
1690 5295 1841 5356 εεινεενιι
1857 5290 2011 5355 iuditium
2029 5295 2058 5355 et
2074 5292 2241 5358 iustitium.

238 5373 384 5456 oportuit
405 5373 512 5454 ipsum
537 5373 725 5438 existimare
747 5372 840 5454 qnasi
865 5371 1028 5436 hominem
1043 5390 1212 5451 vesanum,
1266 5369 1309 5434 Et
1331 5391 1393 5434 non
1416 5370 1502 5436 male
1524 5375 1622 5439 etiam
1645 5375 1782 5458 quadrat
1799 5373 1884 5459 quod
1902 5377 2057 5459 sequitur,
2080 5381 2154 5448 tuae
2170 5377 2243 5443 berte

345 5473 455 5530 Caluini
472 5489 565 5542 opera.
595 5473 649 5529 Vei.
667 5474 848 5530 XXXVIII.
2003 5477 2038 5532 25
