5118 6136
204 437 267 501 617
483 437 485 442 “
891 434 951 498 ἸΝ
973 433 1223 499 IlilRllMIAM.
1268 433 1367 499 ΟΑΡ.
1391 433 1505 499 XXX.
1534 522 1540 538 1
2144 440 2209 505 618

202 624 323 773 Ιιιῇιιιιι
347 643 426 708 ergo
449 621 729 688 Nabuobadnener
752 631 889 687 vocatur
917 621 1002 704 quod
1032 622 1186 704 imposuit
1237 622 1422 705 gubernare
1455 642 1554 687 manu
1589 622 1685 704 regis,
1723 642 1790 688 non
1822 624 1909 706 quod
1942 644 2003 689 rex
2033 627 2103 708 ipse
2136 629 2212 694 sub-

202 709 242 774 Iu
267 709 352 774 aeisr
393 707 527 773 vincula
559 719 668 774 autem
704 705 814 792 populi
854 719 1030 784 vocantur,
1065 707 1184 789 quibus
1237 708 1431 772 stitueretur
1453 709 1486 771 iu
1513 707 1622 773 loonm
1645 707 1718 785 Dei,
1749 708 1805 773 sed
1833 708 2025 795 adiungitur
2052 720 2212 794 quatenus

200 795 297 860 illum
320 793 562 860 constrinxerat
584 791 872 858 Nabucbadnerer.
913 793 1061 857 'Pandam
1083 791 1184 877 addit,
1237 800 1308 858 erat
1331 794 1399 858 eius
1421 793 1580 858 minister.
1626 792 1705 858 Fuit
1735 802 1843 860 autem
1871 795 1933 860 hoc
1963 794 2087 862 dictum
2114 798 2212 884 louge

204 880 251 946 ut
281 899 345 944 noa
376 879 619 946 dominabuntur
651 879 791 962 amplius
820 879 970 944 amanei.
1015 878 1101 943 Nam
1132 879 1185 945 hio
1236 888 1470 962 postmortem
1495 877 1644 944 Davidis.
1689 877 1775 944 Num
1804 884 1981 962 antequam
2004 891 2103 949 natus
2124 894 2212 950 esset

202 966 377 1032 transitive
410 964 539 1049 capitur
568 965 704 1029 verbum
734 977 814 1040 πῖνε
850 965 1048 1029 constructio
1085 968 1183 1029 etiam
1236 963 1394 1030 Ieremias
1416 963 1542 1047 pridem
1565 973 1715 1030 mortuus
1737 973 1809 1030 erat
1829 965 1949 1045 David,
1980 987 2087 1050 neque
2109 970 2149 1035 ab
2172 989 2210 1036 eo

202 1052 266 1118 hoo
295 1049 453 1128 ostendit,
488 1058 522 1115 et
553 1071 686 1115 sensum
716 1051 847 1132 penitus
880 1060 1097 1132 corrumpunt
1128 1051 1182 1132 qui
1235 1059 1382 1133 tempore
1400 1050 1531 1130 revixit,
1553 1061 1590 1115 ut
1608 1049 1832 1117 dominaretur
1852 1051 1987 1134 populo:
2010 1052 2068 1118 sed
2090 1075 2210 1120 nomen

203 1145 355 1214 vertunt,
387 1136 462 1201 Non
496 1136 642 1202 servient
674 1135 781 1200 alieni.
831 1134 943 1218 Neque
976 1137 1064 1201 enim
1098 1145 1183 1201 esset
1237 1134 1374 1202 Davidis
1400 1134 1454 1201 bic
1483 1136 1640 1219 accipitur
1668 1157 1728 1219 pro
1757 1137 1901 1220 quolibet
1922 1139 1993 1203 eius
2014 1160 2209 1207 successore.

203 1223 392 1306 promissio,
422 1231 457 1286 et
484 1241 619 1304 prorsus
649 1220 710 1286 beo
732 1221 875 1285 alienum
900 1228 950 1285 est
973 1242 992 1284 a
1014 1233 1181 1298 contextu,
1235 1222 1400 1303 Quoniam
1424 1231 1532 1286 autem
1556 1223 1725 1306 pepigerat
1746 1221 1838 1288 Deus
1864 1221 1979 1289 foedus
2007 1244 2104 1290 suum
2134 1245 2209 1291 oum

202 1329 310 1392 neque
334 1328 415 1390 opus
444 1306 543 1373 habet
570 1307 768 1372 refutatione
797 1317 929 1390 propter
960 1326 1102 1372 crassam
1126 1308 1181 1372 ab·
1235 1307 1374 1384 Davide,
1397 1317 1431 1371 et
1452 1307 1647 1391 promiserat
1667 1327 1797 1392 semper
1818 1310 1888 1374 fore
1910 1310 2049 1393 aliquem
2073 1332 2116 1375 ox
2137 1312 2209 1378 eius

203 1393 407 1460 surditatem.
453 1391 489 1459 si
512 1393 662 1475 placebat
683 1392 823 1457 verbum
846 1393 1023 1476 serviendi,
1052 1393 1113 1459 fuit
1136 1392 1182 1457 di·
1235 1393 1382 1476 posteris,
1412 1395 1467 1476 qui
1490 1393 1618 1458 sederet
1639 1394 1674 1457 iu
1698 1394 1786 1472 solio,
1816 1393 1887 1460 ideo
1912 1396 1964 1460 bic
1985 1397 2046 1463 sub
2068 1395 2209 1464 Doridis

202 1479 345 1545 cendum
367 1480 401 1542 iu
423 1479 535 1543 dativo
558 1497 651 1558 casu,
681 1478 806 1542 alienis.
852 1477 978 1545 Similis
1008 1478 1104 1543 etiam
1134 1478 1181 1542 lo·
1235 1499 1372 1562 persona
1401 1479 1560 1562 propbeta
1590 1479 1738 1563 designat
1767 1501 1880 1546 omnes
1911 1502 2006 1565 reges
2035 1503 2139 1565 usque
2168 1485 2209 1548 ad

183 1558 317 1648 ¹qoutio
338 1573 416 1628 ante
436 1565 510 1628 visa
531 1574 597 1645 eet,
629 1585 747 1646 nempe
768 1563 872 1646 eapite
894 1563 947 1629 25.
977 1564 1032 1629 ubi
1056 1562 1183 1630 dicebat
1235 1564 1422 1630 Christum:
1453 1576 1485 1629 et
1507 1577 1618 1629 tamen
1648 1586 1746 1631 nemo
1774 1576 1885 1649 postea
1913 1570 2076 1633 successit.
2121 1569 2209 1634 Nam

200 1651 363 1735 propbeta
384 1670 491 1733 oeque
513 1670 621 1734 regas,
653 1669 758 1732 neque
786 1650 934 1716 robustos
954 1649 1091 1732 populos
1114 1671 1182 1715 am·
1236 1650 1392 1716 abolitum
1425 1652 1488 1715 fuit
1522 1671 1659 1734 regnum
1691 1656 1768 1716 ante
1798 1661 1937 1718 mortem
1967 1653 2140 1719 Ieremiae:
2176 1663 2209 1720 et

201 1737 289 1820 plius
311 1735 532 1800 dominaturos
555 1755 626 1800 esse
641 1735 787 1800 ludaeis:
811 1757 889 1800 usus
912 1747 963 1800 est
986 1736 1047 1802 hoo
1069 1737 1180 1801 eodem
1235 1755 1335 1818 quum
1358 1736 1497 1820 populus
1525 1757 1678 1803 reversus
1707 1748 1758 1803 eat
1784 1737 1817 1802 in
1848 1739 1996 1821 patriam,
2026 1739 2119 1804 nulla
2146 1741 2208 1804 fuit

202 1821 311 1900 verbo,
343 1833 376 1884 et
397 1822 510 1887 eadem
533 1821 638 1886 forma
666 1820 829 1902 loquendi.
873 1821 985 1887 Attrita·
1012 1842 1089 1904 ergo
1122 1841 1182 1886 uou
1234 1823 1325 1906 regia
1354 1823 1507 1906 dignitas.
1550 1822 1733 1889 Zerubabel
1763 1824 1850 1888 enim
1879 1825 2019 1889 obtinuit
2041 1824 2208 1890 duntaxat

199 1908 318 1992 socient
339 1927 390 1972 eos
411 1906 549 1988 amplias
570 1907 697 1988 sevire,
720 1907 780 1971 boc
798 1918 857 1989 est,
881 1928 946 1971 non
966 1906 1180 1972 dominabun—
1234 1908 1410 1990 preeariam
1435 1909 1645 1992 dignitatem:
1669 1909 1825 1994 paulatim
1844 1910 2016 1994 progenies
2038 1909 2095 1974 illa
2117 1911 2209 1996 regia

201 2005 256 2056 tur
289 1992 430 2075 amplius
462 1992 544 2066 illis,
584 2001 624 2056 ut
655 1992 820 2058 serviliter
861 1992 949 2073 ipsos
981 1993 1180 2076 opprimant.
1234 1993 1386 2058 evanuit:
1416 2006 1450 2057 et
1471 1995 1600 2060 tametsi
1626 1995 1743 2061 delanti
1764 1995 1898 2060 fuerunt
1928 1997 2136 2080 septuaginta
2165 2016 2206 2060 ex

200 2077 300 2143 Nunc
323 2089 475 2143 tenemus
497 2077 670 2143 consilium
692 2077 888 2160 prophetae:
916 2077 1068 2142 hortatur
1092 2079 1180 2142 enim
1233 2080 1358 2143 semine
1381 2079 1527 2161 Doridis,
1549 2089 1659 2145 tamen
1682 2080 1810 2144 nullum
1833 2080 1896 2144 fuit
1925 2089 2101 2162 sceptrum,
2131 2081 2206 2146 uul-

200 2162 342 2228 Iudaeos
365 2163 405 2227 ad
426 2162 653 2228 tolerantiam:
675 2169 710 2228 et
731 2162 890 2241 ostendit,
920 2162 1071 2245 quamvis
1094 2165 1179 2227 exsi-
1232 2164 1300 2228 lum
1332 2163 1497 2242 diadema,
1525 2165 1653 2231 nullum
1682 2165 1811 2231 solium.
1855 2165 1995 2231 Necesse
2023 2167 2127 2250 igitur
2156 2175 2207 2232 est

200 2247 283 2313 lium
299 2249 342 2312 sit
358 2248 560 2328 diuturnum,
583 2256 695 2313 tamen
718 2247 943 2314 liberationem
962 2258 1083 2314 certam
1099 2248 1178 2313 fore.
1233 2251 1421 2316 vaticinium
1446 2249 1506 2317 boo
1535 2251 1655 2316 referre
1678 2249 1720 2315 ad
1742 2251 1930 2317 Christum:
1960 2252 2039 2334 quia
2061 2253 2207 2334 oportuit

201 2331 371 2417 Sequitur,
1232 2335 1393 2419 confringi
1422 2334 1581 2416 diadema,
1611 2347 1645 2401 et
1675 2336 1795 2403 calcari
1823 2337 1922 2402 etiam
1952 2335 2099 2419 pedibus,
2127 2337 2206 2401 dum

306 2481 308 2486 ,
1232 2421 1363 2486 veniret
1380 2442 1438 2486 rex
1459 2422 1636 2506 legitimus,
1655 2420 1927 2506 quemadmodum
1946 2422 2025 2488 dicit
2042 2421 2205 2487 Ezechiel.

288 2504 318 2569 9.
340 2503 386 2568 Et
406 2505 540 2570 servient
562 2503 697 2570 Icltoooc
718 2503 789 2570 Deo
814 2524 882 2588 suo,
913 2511 942 2570 et
961 2503 1087 2570 Daoidi
1113 2506 1179 2590 regi
1232 2507 1318 2572 Nam
1341 2507 1505 2590 siguificat
1527 2508 1656 2572 nullum
1674 2509 1742 2572 fore
1759 2528 1898 2591 regnum
1914 2507 2013 2592 longo
2030 2528 2206 2591 progressu

200 2601 259 2655 uto
279 2609 370 2672 quom
392 2591 546 2656 mabbo
567 2591 660 2672 ipsis.
1233 2593 1389 2676 temporis
1411 2612 1511 2675 quum
1539 2593 1625 2672 didit,
1659 2593 1797 2671 Proiioe,
1827 2593 1957 2675 proiice,
1986 2593 2108 2676 proiice
2138 2592 2206 2657 dia-

1233 2678 1338 2744 dema.
1392 2676 1488 2742 Iubet
1520 2679 1622 2777 igitur
1653 2677 1776 2744 aboleri
1817 2679 1943 2763 regium
1983 2699 2104 2744 nomen
2138 2697 2206 2742 una

289 2760 469 2826 Promissio
499 2761 648 2844 superior
687 2760 803 2825 fuisset
835 2759 1073 2842 quodammodo
1110 2781 1180 2826 mu·
1231 2784 1306 2828 cum
1329 2763 1396 2827 suis
1426 2764 1620 2846 insignibus,
1654 2784 1760 2847 neque
1792 2763 1825 2828 id
1858 2764 1899 2827 ad
1933 2764 2032 2829 breve
2064 2773 2205 2847 tempus,

201 2846 270 2924 tila,
294 2846 358 2911 nisi
382 2845 528 2910 additum
551 2847 667 2912 fnisset
695 2844 756 2910 hoo
782 2844 961 2911 secundum
985 2845 1177 2912 membrum.
1232 2848 1288 2913 sed
1312 2848 1433 2930 aliquot
1454 2849 1600 2928 saeculis,
1628 2849 1730 2914 donee
1752 2850 1787 2912 in
1817 2847 1961 2914 medium
1988 2850 2126 2933 prodeat
2146 2849 2203 2930 qui

155 2959 156 2964 ¹
199 2931 317 3014 Neque
338 2931 426 2996 enim
449 2933 623 3008 sufficeret,
647 2932 796 2997 homines
815 2931 928 2996 vivere
950 2952 1010 2996 sno
1032 2930 1177 3008 arbitrio,
1231 2933 1348 2997 merito
1370 2943 1500 3016 poterat
1520 2934 1581 2998 sibi
1604 2934 1777 3000 vendicare
1803 2933 1962 3012 diadema,
1986 2934 2039 2999 vel
2066 2934 2204 2998 cidarim

202 3027 233 3083 et
261 3015 444 3081 libertatem
474 3019 554 3100 ipsis
581 3019 739 3101 promitti,
769 3017 833 3080 nisi
861 3018 1064 3099 compositus
1093 3029 1178 3082 esset
1231 3019 1364 3102 regiam.
1408 3017 1569 3085 Videmus
1591 3037 1669 3104 ergo
1691 3042 1756 3085 non
1785 3040 1879 3102 posse
1908 3019 2004 3085 aliter
2037 3019 2125 3098 huuc
2153 3017 2206 3084 lo·

201 3122 316 3168 eorum
355 3112 471 3168 status.
530 3103 721 3168 Praestaret
757 3104 842 3166 enim
882 3123 943 3166 nos
982 3123 1053 3167 esso
1090 3103 1177 3168 foras
1230 3125 1305 3170 oum
1338 3105 1473 3188 exponi,
1508 3125 1605 3187 quam
1637 3105 1677 3170 de
1706 3104 1855 3188 Christo,
1888 3115 1922 3170 et
1954 3106 2062 3188 ipsum
2095 3105 2205 3170 vocari

202 3189 330 3262 bestias,
353 3198 386 3252 et
408 3189 521 3270 vagari
543 3189 577 3252 in
601 3188 714 3272 sylvis,
737 3209 835 3270 quam
865 3186 987 3269 absque
1017 3188 1177 3271 regimine
1230 3189 1402 3268 Davidem,
1426 3191 1520 3255 sicuti
1543 3191 1643 3256 etiam
1664 3211 1744 3256 usus
1766 3191 1887 3274 passim
1911 3190 2095 3256 obtinuerat
2116 3188 2204 3271 apud

199 3282 234 3339 et
267 3273 395 3356 legibus
426 3274 515 3337 inter
547 3293 608 3337 nos
640 3294 747 3356 agere.
799 3271 932 3360 Scimus
961 3273 1047 3338 enim
1078 3294 1173 3356 quam
1229 3274 1366 3340 Iudaeos
1418 3285 1590 3358 antequam
1642 3277 1828 3360 apparuerit
1872 3277 2025 3343 Christus
2071 3276 2203 3341 mundo.

199 3358 340 3426 furiosae
363 3359 427 3423 sint
450 3358 622 3423 bominum
645 3359 851 3442 cupiditates.
895 3359 984 3443 Ergo
1006 3359 1069 3425 nisi
1091 3361 1174 3424 frae-
1229 3361 1385 3426 Messium
1407 3362 1495 3425 enim
1519 3383 1616 3444 quem
1638 3363 1880 3446 exspectabant,
1911 3361 2071 3428 vocabant
2098 3361 2204 3426 filium

197 3465 276 3510 num
308 3443 437 3525 aliquod
466 3445 671 3522 iniiceretur,
701 3444 817 3508 melior
844 3457 929 3510 esset
957 3456 1055 3528 atque
1084 3457 1174 3526 opta·
1227 3445 1378 3512 Davidie.
1428 3446 1524 3512 Nunc
1558 3457 1707 3513 tenemus
1740 3447 1920 3531 prophetae
1949 3468 2091 3514 sensum.
2136 3445 2204 3512 Sed

198 3531 295 3597 bilior
329 3530 506 3595 bestiarum
540 3530 699 3609 conditio,
728 3550 825 3612 quam
855 3543 975 3594 nostra.
1021 3531 1175 3596 Libertas
1227 3531 1283 3597 bio
1304 3530 1471 3616 colligitur
1491 3534 1638 3615 apprime
1666 3533 1756 3597 utilis
1784 3532 1940 3609 doctrina,
1970 3533 2054 3597 nibil
2083 3533 2205 3598 scilicet

197 3617 300 3700 igitur
322 3635 432 3680 secum
456 3635 586 3698 semper
606 3617 722 3680 afferet
745 3615 926 3697 interitum,
947 3617 974 3680 si
998 3616 1041 3680 sit
1059 3617 1173 3681 effrae-
1228 3618 1321 3682 nobie
1344 3638 1416 3682 esse
1438 3617 1563 3694 melius,
1586 3638 1682 3700 quam
1706 3617 1779 3682 Deo
1802 3617 1935 3684 subiici:
1965 3618 2040 3700 quia
2069 3617 2204 3684 libertas

196 3703 262 3780 nis,
292 3721 399 3782 neque
423 3701 542 3766 babeat
571 3702 828 3766 moderationem
858 3700 1052 3767 adiunctam.
1097 3701 1175 3766 Ideo
1228 3713 1341 3768 nostra
1375 3701 1519 3767 belluina
1551 3710 1653 3782 esset,
1685 3704 1713 3768 si
1746 3703 1839 3769 Deus
1871 3704 2078 3785 permitteret
2109 3701 2205 3768 nobis

198 3787 269 3852 dixi
293 3786 439 3850 additum
452 3787 564 3854 :fuisse
594 3787 657 3851 boo
686 3787 879 3862 membrum,
909 3799 946 3850 ut
973 3789 1096 3852 seirent
1118 3787 1174 3852 Iu·
1228 3808 1325 3871 agere
1347 3787 1502 3871 quidquid
1526 3789 1627 3852 ferret
1655 3789 1763 3855 libido.
1807 3789 1961 3854 Libertas
1989 3789 2091 3873 igitur
2119 3809 2203 3853 sern-

197 3872 270 3937 daei
294 3871 435 3936 salutem
459 3875 553 3936 suam
576 3892 674 3936 curae
703 3893 774 3938 esse
797 3873 884 3936 Deo:
915 3872 993 3953 quia
1014 3873 1175 3953 promittit
1227 3894 1285 3955 per
1319 3874 1383 3938 erit
1422 3873 1579 3952 exitialis,
1621 3874 1722 3941 donee
1764 3874 1919 3957 suscipiat
1955 3874 2049 3940 Deus
2089 3894 2203 3940 euram

196 3957 280 4022 nibil
311 3956 377 4020 illis
407 3955 526 4023 defore.
570 3958 664 4023 Haec
693 3958 795 4041 igitur
822 3978 900 4021 vera
928 3963 979 4020 est
1006 3977 1043 4022 ao
1071 3957 1174 4022 solida
1227 3959 1340 4038 nostri,
1367 3968 1400 4025 et
1422 3980 1483 4024 nos
1513 3960 1716 4037 assuefaciat,
1746 3980 1783 4024 ao
1815 3961 1933 4024 formet
1960 3959 2002 4024 ad
2031 3958 2203 4025 ferendum

197 4044 345 4124 felicitas,
368 4040 425 4106 ubi
448 4063 514 4107 non
539 4053 670 4108 tantum
693 4042 786 4106 uobis
817 4040 913 4107 datur
943 4041 1087 4122 libertas,
1116 4040 1174 4106 sed
1226 4045 1350 4128 iugum.
1401 4042 1465 4110 Ubi
1494 4045 1596 4128 igitur
1624 4045 1832 4127 obsequimur
1867 4046 1953 4124 Deo,
1986 4045 2066 4110 baec
2099 4042 2203 4109 solida

195 4128 253 4194 ubi
269 4128 362 4193 Deus
381 4128 573 4209 praescribit
590 4130 684 4194 nobis
706 4137 827 4193 certam
852 4126 1009 4209 regulam,
1032 4137 1066 4191 et
1088 4147 1174 4191 com·
1226 4141 1276 4194 est
1306 4139 1418 4194 nostra
1447 4130 1592 4197 felicitas.
1638 4131 1752 4212 Itaque
1780 4131 1857 4194 dum
1886 4126 2068 4212 precamur,
2098 4129 2202 4194 disea-

194 4217 291 4297 pouit
312 4213 455 4295 aliquem
478 4226 598 4278 statum
621 4215 707 4278 inter
734 4235 804 4293 noe,
832 4234 874 4277 ne
904 4214 1013 4277 omnia
1042 4213 1175 4277 confuse
1227 4235 1389 4279 mnenon
1418 4235 1569 4297 separare
1600 4217 1680 4281 baec
1709 4215 1774 4280 duo
1804 4235 1887 4298 quae
1917 4215 2098 4280 necessario
2125 4235 2201 4280 oon·

195 4300 416 4398 misceantur·
446 4297 625 4400 Postquam
645 4301 748 4398 igitur
768 4299 933 4398 pollicitus
953 4312 1002 4362 est
1020 4297 1174 4398 Ieremias
1227 4299 1319 4399 iungi
1337 4299 1470 4400 debent,
1501 4322 1617 4402 nempe
1643 4311 1681 4364 ut
1702 4299 1795 4365 Deus
1823 4301 1940 4400 liberet
1968 4321 2027 4400 nos
2047 4321 2067 4365 a
2089 4307 2204 4383 tyran·

194 4386 334 4549 llll
347 4383 1174 4553 illittlbttlllulllltltfault
1227 4384 2203 4555 ltltttplltfflultllrbtfbllt'tll·„ull

195 4576 296 4639 quum
321 4558 413 4639 prius
436 4557 611 4620 servierint
632 4557 756 4631 alienis,
783 4559 850 4620 fore
872 4554 933 4620 sub
955 4555 1091 4636 imperio
1143 4555 1173 4618 ei
1228 4555 1407 4621 sitantum
1430 4555 1522 4621 Deus
1543 4557 1764 4640 confringeret
1793 4577 1897 4640 papae
1927 4556 2147 4637 tyrannidem,
2169 4563 2203 4619 et

194 4653 228 4707 et
252 4643 341 4726 regis
362 4642 424 4706 sui.
469 4640 561 4706 Haeo
583 4654 692 4705 autem
716 4642 871 4707 subiectio
894 4638 1081 4704 meliorest
1105 4660 1172 4704 om·
1226 4640 1304 4705 inde
1327 4643 1487 4706 eximeret
1509 4661 1592 4721 suos,
1614 4643 1738 4708 sineret
1756 4654 1866 4707 autem
1883 4644 2006 4727 vagari,
2029 4653 2068 4706 ut
2085 4642 2202 4722 cuique

194 4727 294 4793 nibus
323 4726 468 4809 imperiis
498 4727 609 4792 mundi
638 4728 716 4791 dum
744 4727 869 4792 scilieet
898 4725 1053 4808 dignatur
1079 4724 1173 4790 uobis
1226 4746 1323 4792 suum
1346 4725 1516 4791 arbitrium
1540 4739 1625 4792 esset
1653 4729 1760 4794 instar
1786 4729 1879 4812 legis,
1908 4749 2005 4811 quam
2036 4726 2202 4792 horribilis

192 4833 346 4897 praeesse
381 4813 481 4890 Deus,
515 4823 549 4878 et
578 4814 715 4896 suscipit
744 4833 856 4878 curam
888 4811 1002 4875 salutis
1032 4821 1173 4887 nostrae,
1226 4811 1309 4876 foret
1353 4811 1522 4876 confusio?
1567 4827 1748 4897 praestaret
1791 4813 1954 4880 diabolum
1995 4812 2056 4878 sub
2094 4812 2202 4895 specie

195 4913 228 4964 et
252 4899 402 4982 fungitur
424 4899 651 4981 gubernatoris
673 4899 790 4964 oftieio.
828 4897 990 4961 Videmus
1011 4915 1090 4978 ergo
1113 4895 1173 4961 hoo
1225 4899 1335 4980 aliqua
1366 4895 1528 4962 dominari
1564 4898 1768 4979 hominibus,
1808 4920 1905 4982 quam
1936 4901 2024 4982 ipsos
2056 4898 2201 4982 grassari

194 4986 298 5050 fuisse
321 4984 499 5067 prophetae
528 4985 709 5064 consilium,
738 4982 833 5048 solari
863 4981 976 5046 fideles
1006 5002 1070 5045 non
1100 4987 1173 5045 tan·
1226 4983 1297 5047 sine
1318 4983 1401 5066 lege,
1423 4982 1494 5047 sine
1517 4988 1642 5049 ratione
1665 4985 1742 5051 ulla.
1787 4986 1877 5069 Ergo
1899 4995 2031 5067 tempus
2053 4993 2201 5048 nostrum

193 5081 265 5135 tum
298 5073 459 5152 promissa
491 5070 653 5153 libertate,
687 5072 745 5135 sed
779 5068 890 5134 addito
923 5067 1173 5150 complemento,
1225 5068 1306 5132 satis
1328 5067 1534 5134 demonstrat
1555 5089 1653 5152 quam
1676 5091 1741 5136 non
1769 5078 1891 5135 temere
1920 5069 2000 5134 baec
2029 5068 2093 5133 duo
2122 5087 2200 5134 con·

192 5166 232 5220 ut
255 5155 295 5221 ad
319 5155 450 5238 plenam
481 5154 669 5221 felicitatem
700 5155 783 5219 nibil
814 5153 907 5228 desit,
939 5173 1058 5233 nempe
1086 5153 1171 5233 quod
1224 5154 1337 5219 iuncta
1358 5154 1490 5230 fuerint,
1518 5155 1626 5219 Deum
1656 5157 1779 5221 scilicet
1807 5153 1878 5218 fore
1908 5154 2113 5219 liberatorem
2143 5173 2200 5236 po·

192 5241 259 5307 illis
282 5241 373 5306 Deus
396 5238 497 5304 vellet
518 5261 677 5324 praeesse.
721 5239 863 5306 Seroieut
884 5239 987 5321 igitur
1008 5238 1078 5304 Deo
1105 5257 1172 5304 stro.
1224 5239 1295 5322 puli
1317 5240 1377 5317 sui,
1408 5248 1445 5303 ut
1475 5240 1588 5323 iugum
1617 5242 1755 5306 miserae
1785 5241 1954 5305 servitutis
1984 5242 2128 5306 excudat
2168 5248 2201 5304 et

192 5325 337 5392 Additur
357 5345 424 5406 rea,
447 5328 598 5409 quoniam
623 5329 714 5393 Deus
736 5326 866 5393 volebat
892 5322 1048 5408 populum
1082 5323 1171 5388 illum
1224 5324 1408 5410 disrumpat
1424 5325 1575 5390 vincula:
1599 5325 1716 5391 deinde
1737 5325 1808 5390 foro
1831 5346 1941 5410 regem
1963 5327 2019 5410 qui
2041 5347 2128 5410 popu
2142 5343 2199 5390 um
