5134 6124
207 458 268 525 189
915 453 965 519 IN
986 451 1236 520 IEREMIAM.
1276 453 1376 522 OAP.
1398 453 1493 520 XIV.
2140 459 2203 526 190
2230 447 2234 456 ’

204 645 277 712 lant
308 642 349 710 ad
381 641 564 721 tristitiam,
602 650 636 708 et
667 641 750 708 elios
782 641 1001 724 poenitentiae
1034 641 1178 708 affectus.
1230 640 1281 706 cio
1315 639 1449 707 Christi.
1506 640 1617 721 Quum
1650 642 1711 709 sub
1743 643 1816 726 lege
1848 643 2006 710 afferrent
2035 647 2202 728 sacriticm,

203 729 347 801 Perinde
369 729 470 812 igitur
491 735 543 794 ιιι
564 745 601 794 ac
623 727 651 794 ei
672 725 805 810 diceret,
826 727 939 792 Etiam
961 729 988 792 si
1004 733 1180 810 precentur
1230 725 1451 810 adiungebaut
1473 725 1572 792 simul
1596 746 1725 811 prenae:
1759 740 1792 793 et
1813 727 1875 794 hae
1897 731 2104 796 caeremonia
2125 752 2200 815 pre·

204 835 271 882 nen
294 815 425 900 vulgari
447 833 546 890 mere,
569 821 602 879 ιι
624 811 823 896 quotidiano,
845 811 901 878 sed
925 805 1079 879 adhibitis
1100 812 1179 878 iein·
1229 812 1408 877 litabantur
1431 832 1466 879 se
1489 810 1641 896 indignes
1663 833 1733 880 esse
1756 813 1811 898 qui
1833 821 1945 881 votum
1968 815 2101 899 aliquod
2125 837 2203 883 een·

204 900 282 982 niis,
314 901 362 968 ita
388 909 426 966 ιιι
452 899 487 964 in
514 897 645 965 illorum
674 897 825 981 precibus
854 907 1011 982 appareat
1038 919 1181 982 magnus
1229 897 1389 980 ciperant,
1408 898 1472 963 nisi
1489 898 1684 965 sacnfioinm
1709 898 1935 965 intercederet.
1978 901 2079 966 Ponit
2100 901 2202 988 igitur

205 987 329 1064 ferrer,
359 993 393 1050 et
413 984 574 1068 quasdam
590 982 774 1068 angularia
795 985 948 1059 attentio,
979 991 1090 1052 tamen
1113 1005 1180 1050 nen
1229 981 1283 1048 hic
1306 981 1467 1066 prophete
1485 1003 1698 1066 quaecunque
1714 985 1805 1050 Deua
1825 985 1859 1050 in
1882 985 1953 1070 lege
1976 999 2200 1070 praeceperat:

205 1071 383 1138 exaudient
402 1072 548 1154 ipserum
570 1069 744 1137 clamores:
773 1089 890 1152 nempe
911 1070 1006 1154 qnia,
1033 1079 1072 1136 nt
1101 1069 1179 1149 dixi,
1230 1067 1286 1133 aad
1309 1066 1452 1134 ostendit
1472 1068 1663 1153 hypocritae
1683 1090 1813 1151 semper
1833 1070 1973 1137 avellere
2002 1072 2088 1154 quod
2110 1093 2201 1156 prae·

205 1179 260 1224 eet·
281 1177 473 1258 perversum
495 1165 576 1222 erat.
619 1155 807 1233 Caeterum,
835 1153 1019 1239 colligimus
1046 1175 1087 1224 ex
1119 1154 1179 1220 hoc
1230 1153 1364 1236 eipnnm
1384 1165 1435 1220 eat
1455 1153 1497 1219 ab
1518 1154 1599 1238 ipsis
1619 1155 1768 1220 externis
1785 1155 1898 1240 signis.
1942 1157 2049 1242 Signa
2070 1158 2201 1241 quidem

206 1242 286 1324 loeo,
307 1243 468 1310 ieiunium
490 1260 549 1324 per
570 1261 606 1307 ae
628 1262 693 1306 nnn
715 1261 785 1308 esee
802 1239 945 1306 officium
959 1242 1102 1323 piatatis,
1123 1240 1179 1305 rel
1230 1259 1289 1322 per
1310 1259 1346 1304 se
1369 1239 1460 1306 Dens
1480 1260 1545 1306 nen
1568 1239 1715 1324 negligit,
1739 1261 1845 1324 neqne
1867 1241 2034 1323 repudiat:
2065 1243 2122 1309 aad
2145 1244 2201 1309 ubi

206 1328 414 1395 exercitium:
435 1325 494 1392 sed
513 1327 629 1393 referri
650 1327 686 1391 in
707 1326 810 1392 alium
829 1327 940 1391 finem.
984 1325 1056 1392 Nisi
1078 1327 1180 1411 igitur
1229 1325 1353 1390 raritas
1374 1334 1562 1408 separatur,
1593 1324 1673 1392 haee
1694 1326 1879 1409 corruptela
1900 1337 1949 1392 eat
1975 1327 2200 1394 intolerabilis.

205 1415 241 1480 iu
261 1413 350 1480 hunc
371 1432 506 1496 acapna
532 1412 711 1496 ruptum:
736 1417 918 1494 quicunque
947 1412 1112 1491 ieiunant,
1140 1421 1179 1476 ut
1230 1408 1382 1476 Sciamus
1405 1431 1492 1494 erge,
1524 1410 1673 1494 quamvis
1695 1412 1730 1476 in
1753 1423 1888 1478 externo
1909 1412 2000 1478 cultu
2023 1412 2105 1478 nihil
2127 1434 2201 1496 pos-

204 1499 310 1566 maier
332 1497 376 1564 sit
397 1499 439 1564 ad
457 1497 655 1580 precandum
671 1497 833 1574 ιιιιιιιιι,
856 1495 974 1564 deiude
989 1503 1027 1561 nt
1045 1498 1178 1581 signum
1230 1495 1273 1560 sit
1295 1493 1483 1579 desiderari,
1507 1505 1616 1563 tamen
1637 1496 1855 1562 abominabile
1870 1517 1942 1564 esse
1958 1499 2028 1564 Dee
2044 1499 2201 1582 quidquid

205 1583 247 1651 sit
268 1583 504 1651 humiliationis
522 1582 563 1649 ad
585 1581 751 1648 fatendam
774 1583 922 1666 eulpam,
951 1591 1181 1666 praetereant
1231 1589 1413 1656 tentamus,
1446 1581 1513 1646 nisi
1540 1581 1713 1665 praecedat
1742 1581 1848 1648 cordia
1875 1583 2056 1650 sinceritas
2099 1582 2201 1664 Dicit,

205 1667 360 1736 studeant
391 1689 505 1735 omnes
544 1669 741 1752 cupiditates
781 1688 859 1735 suas
898 1668 1067 1752 subigere:
1100 1669 1178 1734 ieiu·
1233 1665 1331 1746 Quia,
1360 1668 1408 1734 eie
1430 1668 1518 1732 enim
1539 1669 1735 1748 interpretor
1756 1667 1950 1751 particulam
1973 1682 2014 1747 22,
2036 1670 2113 1752 quia
2133 1689 2201 1736 ιιι·

204 1754 296 1820 nium
318 1775 371 1819 res
393 1763 442 1822 eet
464 1754 592 1832 frivola,
624 1755 689 1820 imo
709 1760 760 1820 eet
781 1754 963 1835 profanatio
985 1755 1092 1820 cultus
1114 1753 1178 1818 Dei
1229 1770 1354 1818 ιιιιιιιιιι
1374 1771 1443 1834 cea,
1472 1771 1580 1835 nempe
1600 1753 1723 1836 plodio,
1752 1753 1902 1835 etfama,
1932 1759 1959 1819 ιι
1982 1761 2078 1837 poete.
2123 1755 2201 1821 Tria

204 1849 341 1924 propter
362 1840 637 1924 superstitionem.
682 1837 843 1906 Videmus
865 1861 943 1923 argo
965 1860 1030 1904 uon
1050 1847 1177 1905 tantum
1230 1834 1310 1904 haec
1330 1837 1448 1904 excidii
1472 1857 1594 1921 genera
1613 1847 1853 1915 commemoret,
1883 1847 1922 1904 ut
1942 1849 2031 1906 certo
2053 1849 2202 1906 statuant

204 1925 352 2009 profectu
372 1927 463 1991 omui
484 1945 595 1992 carere
616 1925 758 2002 ieiunia,
787 1924 853 1990 nisi
878 1925 933 1992 ubi
955 1944 1068 2007 preces
1090 1944 1178 1991 aece-
1230 1919 1343 1988 Iudaei
1371 1922 1434 1988 eibi
1462 1943 1533 1988 asse
1564 1923 1782 2006 pereundum,
1817 1923 2091 2006 quemadmodum
2125 1923 2202 1990 alibi

206 2009 305 2092 dunt,
336 2019 370 2076 et
390 2009 447 2077 nbi
468 2011 544 2076 finis
565 2009 639 2089 ille,
666 2029 766 2092 quem
788 2008 875 2090 dixi,
904 2014 1087 2093 spectatur:
1121 2008 1177 2076 aad
1230 2004 1359 2085 dicitur,
1388 2006 1454 2088 Qui
1479 2008 1621 2074 evaserit
1643 2029 1663 2074 a
1684 2008 1803 2094 gladio,
1834 2008 1952 2092 peribit
1974 2010 2068 2090 fame,
2091 2021 2125 2075 et
2145 2011 2203 2094 qui

204 2115 381 2180 provocare
403 2097 484 2161 iram
506 2094 589 2175 Dei,
623 2093 899 2179 quemadmodum
929 2095 1035 2161 selant
1064 2115 1178 2160 omnes
1229 2093 1348 2158 famam
1371 2093 1583 2177 snperawit,
1606 2094 1725 2177 peribit
1739 2103 1840 2177 pcete.
1874 2093 1916 2159 In
1935 2115 2073 2176 summa,
2096 2104 2201 2161 oeten-

205 2181 464 2264 enperstitionee.
507 2180 672 2247 Polluitur
701 2181 788 2246 anim
817 2181 888 2249 ciue
916 2181 1032 2246 cultus.
1076 2181 1177 2263 Atqui
1229 2174 1278 2242 dit
1299 2176 1391 2243 Dens
1413 2199 1448 2244 sc
1471 2188 1631 2244 armatum
1655 2199 1727 2245 esse
1749 2179 1848 2245 varii:
1871 2199 2048 2263 poenarum
2072 2183 2201 2264 generi·

204 2266 239 2331 in
261 2276 382 2350 papatu
405 2265 486 2333 haec
508 2275 557 2332 est
578 2265 745 2332 ieiunandi
767 2265 862 2344 ratio,
891 2277 929 2331 ut
950 2264 1014 2330 Dei
1036 2265 1177 2351 gratiam
1229 2262 1305 2340 bus,
1335 2263 1382 2330 ita
1404 2271 1530 2330 utnon
1552 2264 1678 2347 possint
1699 2264 1774 2330 ullis
1797 2264 1927 2349 effugiis
1956 2286 1992 2332 se
2012 2267 2137 2348 eripere
2160 2267 2200 2331 ab
2228 2339 2231 2346 ,

204 2361 469 2433 promereantur:
499 2351 613 2418 volunt
640 2352 748 2434 ipsum
777 2350 906 2434 planare
934 2348 1055 2416 ieiunio
1086 2353 1178 2434 qnasi
1229 2347 1372 2426 excidio,
1406 2349 1462 2432 qni
1492 2351 1539 2414 sie
1566 2368 1641 2414 eum
1671 2360 1903 2432 provocarunt,
1937 2360 1975 2416 nt
2007 2349 2202 2416 abstulerint

204 2435 316 2518 aliqua
336 2437 571 2503 satisfactione:
594 2436 711 2502 volunt
731 2436 888 2503 ieiunium
911 2456 982 2502 essa
1004 2456 1086 2518 opus
1108 2457 1177 2502 me·
1229 2453 1321 2516 spem
1343 2435 1467 2500 veniae.
1512 2434 1647 2500 Poterat
1667 2434 1797 2517 quidem
1820 2436 1911 2524 Deua
1939 2455 2129 2502 consumere
2151 2457 2203 2502 aa·

204 2522 363 2588 ritorinm.
415 2521 513 2588 Nunc
541 2543 605 2588 nen
634 2522 762 2604 disputo
791 2521 832 2587 da
859 2522 1042 2587 innumeris
1072 2523 1176 2606 nugis,
1230 2516 1303 2583 dem
1325 2537 1430 2601 poena
1451 2517 1605 2586 Iudaeos:
1637 2519 1754 2586 deinde
1777 2529 1905 2602 peterat
1925 2521 2142 2604 generaliter,
2169 2533 2201 2586 et

205 2627 289 2690 quae
311 2608 378 2674 illie
399 2608 499 2674 etiam
521 2615 735 2691 corrumpunt
764 2607 930 2673 ieiunium.
975 2605 1043 2674 Sed
1072 2609 1176 2690 finga-
1229 2603 1320 2668 nullu
1341 2606 1448 2688 speeie
1470 2625 1624 2688 expressa
1646 2605 1711 2672 illis
1731 2606 1867 2672 minari:
1896 2605 1954 2672 sed
1977 2608 2130 2689 quoniam
2153 2607 2200 2672 in-

204 2713 279 2760 mun
299 2693 444 2777 papistas
466 2715 534 2759 nen
556 2715 627 2760 ιιιι
649 2693 890 2775 superstitiosos
920 2692 955 2757 in
978 2691 1108 2760 delectu
1130 2694 1176 2759 ci·
1228 2689 1350 2755 creduli
1372 2710 1501 2772 semper
1522 2690 1582 2756 sibi
1605 2691 1727 2775 effugia
1756 2691 1963 2774 promittunt:
1997 2691 2068 2758 ideo
2097 2692 2203 2758 voluit

204 2777 331 2858 berum,
361 2780 393 2843 in
417 2778 517 2859 horis,
545 2779 581 2844 in
604 2778 676 2845 aliis
699 2781 796 2843 etiam
826 2776 1005 2861 puerilibus
1034 2779 1176 2861 ineptiis,
1228 2775 1420 2842 constrictos
1442 2785 1552 2841 tenere
1574 2797 1595 2840 a
1616 2776 1732 2842 dextra
1753 2788 1786 2842 ιι
1808 2776 1951 2853 sinistra,
1974 2784 2014 2842 nt
2028 2778 2150 2843 scirem
2166 2797 2202 2842 sc

205 2884 288 2946 qnae
314 2875 392 2930 eunt
419 2885 511 2932 mera
539 2863 680 2943 ludicra,
713 2864 779 2928 imo
808 2862 950 2930 ludibria
975 2863 1074 2930 etiam
1096 2862 1176 2929 Dei:
1228 2858 1371 2943 undique
1393 2880 1464 2927 esee
1484 2860 1669 2941 conclusos,
1699 2883 1758 2928 nec
1786 2861 1890 2926 ullum
1920 2882 2014 2943 posse
2043 2861 2201 2945 effugium

204 2949 367 3033 fingamus
396 2949 474 3016 lieet
500 2971 570 3018 esse
599 2949 642 3016 ab
669 2949 820 3015 omnibns
848 2949 913 3016 illie
941 2949 1030 3016 vitiis
1059 2968 1178 3032 puros:
1228 2945 1377 3012 inveniri.
1423 2945 1513 3012 Haec
1536 2965 1664 3013 aemma
1685 2961 1742 3012 ιιι.
1789 2945 1954 3030 Sequitur,

205 3042 316 3101 tamen
347 3035 501 3114 intentio,
535 3048 572 3102 ut
594 3043 727 3114 vocant,
760 3035 844 3100 nihil
877 3033 966 3100 aliud
999 3043 1050 3100 est
1080 3055 1176 3116 quam

205 3118 383 3186 diabolicus
404 3141 510 3198 error,
544 3120 623 3186 dum
644 3129 797 3186 statuunt
817 3119 976 3186 ieiunium
1002 3139 1073 3186 esse
1094 3139 1177 3204 opus
1316 3117 1367 3184 13.
1399 3115 1446 3182 Et
1466 3117 1547 3196 dici,
1574 3116 1609 3197 0,
1630 3115 1678 3200 ito,
1703 3115 1836 3184 Domine
1858 3116 2012 3184 Iolaoouft:
2045 3137 2109 3186 eece
2123 3138 2201 3200 pre·

205 3205 417 3285 meritorium,
448 3217 481 3274 et
503 3206 768 3285 enucleationem,
791 3216 824 3270 ιι
845 3226 951 3289 genus
972 3205 1176 3289 expiationis.
1224 3200 1335 3286 phetae
1357 3203 1465 3270 ιιιιιιιι
1484 3201 1567 3284 iilia,
1597 3202 1670 3268 Nou
1690 3201 1833 3269 ridebftia
1852 3203 2014 3286 eludium,
2045 3209 2074 3269 ιι
2100 3201 2203 3287 semea

206 3289 354 3358 Sciamus
384 3311 463 3377 erge
492 3291 555 3372 hie,
583 3291 733 3375 quamvis
754 3289 912 3358 Ieremias
937 3289 976 3356 de
997 3289 1177 3374 hypocritis
1228 3306 1292 3352 ιιιιι
1313 3289 1373 3354 erit
1393 3287 1495 3354 vote:
1527 3289 1675 3371 quonium
1689 3307 1802 3368 pacem
1822 3289 1963 3355 veritatis
1986 3288 2112 3372 (idest,
2136 3297 2202 3356 sta·

205 3376 367 3460 loquatur,
389 3384 500 3443 tamen
522 3375 668 3442 breviter
685 3379 792 3442 notari
807 3385 933 3442 rectum
948 3375 1062 3443 ieiunii
1077 3377 1177 3441 finem
1228 3371 1342 3458 bilem)
1363 3373 1443 3440 dubo
1462 3373 1548 3440 vobio
1569 3373 1604 3440 ιἰι
1623 3373 1686 3440 icco
1707 3373 1771 3441 hoe.

205 3481 306 3544 quum
339 3459 483 3544 loquitur
516 3459 555 3528 de
587 3460 747 3544 precibus.
803 3460 860 3528 Sic
892 3462 990 3528 etiam
1023 3460 1178 3528 Obrietus

204 3545 1176 3699 littitiitere?tilitflttlfftltritt*
1227 3541 2202 3696 ...fetilli.ttttluttittttiitt‘etl

205 3715 300 3783 thies.
345 3715 412 3785 Sed
434 3718 488 3784 hio
510 3654 691 3784 notabdum
714 3652 782 3795 ιιιῗ
814 3652 965 3800 qubmvis
987 3717 1179 3800 hypocritae
1227 3651 1347 3798 pbpuli.
1391 3650 1551 3780 Precatbs
1579 3714 1682 3797 igitur
1710 3713 1773 3778 fuit
1800 3714 1835 3778 in
1866 3714 1956 3779 hune
1981 3650 2132 3792 modnbn,
2165 3725 2203 3781 nt

205 3801 241 3866 iu
262 3801 432 3868 homiuum
454 3811 628 3888 conspectu
644 3803 879 3886 coniungerent
894 3803 958 3868 rite
972 3822 1086 3884 praees
1104 3821 1178 3868 eum
1228 3802 1337 3880 refert,
1359 3799 1416 3866 aed
1438 3819 1520 3884 qnae
1542 3819 1704 3877 seorsum,
1739 3808 1772 3863 et
1793 3800 1864 3865 sine
1887 3804 1968 3864 teste
1992 3809 2068 3864 vota
2090 3819 2200 3866 conee-

204 3886 336 3966 ieiunio,
365 3896 476 3954 tamen
497 3889 597 3954 fuisse
619 3887 769 3953 reiectos:
804 3888 879 3970 qnia
901 3888 991 3953 nulla
1013 3893 1085 3952 erat
1106 3906 1178 3954 cor·
1227 3895 1330 3969 perat,
1352 3903 1441 3950 nunc
1463 3883 1586 3966 profert
1606 3885 1641 3948 in
1663 3883 1822 3962 medium,
1851 3892 1887 3948 nt
1908 3882 2049 3950 Iudaees
2071 3893 2203 3952 revocet

206 3971 255 4038 dis
282 3973 468 4060 sinceritas,
501 3973 558 4040 scd
589 3981 717 4058 tautum
745 3981 882 4038 externa
911 3973 1083 4056 professio,
1117 3971 1179 4037 hee
1229 3970 1269 4034 ab
1291 3971 1467 4052 impietate.
1512 3968 1716 4052 Colloquium
1739 3978 1848 4034 autem
1872 3968 1932 4034 hoo
1947 3968 2107 4036 Ieremiae
2128 3989 2203 4034 cum

206 4067 263 4137 ast,
285 4057 387 4124 larva.
431 4057 524 4126 Deus
547 4065 667 4138 autem,
689 4065 727 4123 ut
747 4057 898 4138 vidimus,
920 4078 975 4124 cor
996 4057 1105 4141 ipsum
1127 4056 1179 4122 in·
1229 4056 1301 4120 Deo
1322 4075 1389 4120 non
1412 4075 1526 4137 parum
1550 4054 1656 4120 valuit
1677 4053 1718 4120 ad
1741 4051 1921 4134 tangendos
1940 4052 2096 4131 Iudaeos,
2126 4055 2204 4138 quia

206 4149 331 4210 tuetur:
365 4150 398 4210 et
420 4147 489 4210 sola
513 4145 633 4210 veritas
655 4145 684 4208 ei
706 4141 822 4225 placet.
862 4143 989 4209 Eadem
1010 4149 1061 4208 cet
1081 4141 1179 4208 saeri-
1229 4139 1365 4223 perinde
1387 4161 1425 4206 ιι
1446 4140 1474 4206 ιι
1503 4141 1590 4222 ipsos
1621 4139 1794 4205 adduceret
1823 4139 1857 4202 in
1885 4159 1955 4202 rem
1986 4151 2202 4221 praesentem,

205 4227 326 4294 ficandi
347 4229 441 4312 ratio,
474 4230 577 4312 ριιιιιι
594 4227 757 4294 obtulerint
783 4228 952 4311 samace,
978 4228 1095 4310 inquit,
1118 4225 1179 4306 vel,
1228 4225 1429 4310 proponebat
1451 4225 1537 4307 qued
1564 4226 1634 4308 ipsc
1663 4225 1810 4288 audierat
1836 4244 1877 4287 ex
1904 4244 1960 4288 ore
1991 4224 2063 4289 Dei.
2106 4224 2204 4292 Nune

205 4313 396 4382 holocausta
417 4321 446 4380 et
466 4315 663 4388 obhttioaem,
692 4325 794 4392 ΓιΓιιιι,
822 4313 856 4379 id
879 4320 944 4391 eet,
973 4312 1178 4396 quotidianas
1228 4311 1331 4396 igitur
1352 4319 1502 4376 tenemus
1523 4330 1581 4374 eur
1603 4329 1737 4374 arcanas
1759 4328 1836 4374 suas
1857 4329 1969 4392 preces
1990 4310 2037 4373 ita
2058 4310 2202 4391 promul·

205 4397 277 4471 illas
299 4399 489 4480 oblationes,
513 4420 573 4466 ιιιιι
596 4399 728 4466 audium
749 4399 829 4477 iilos,
857 4399 922 4478 vel,
951 4419 1017 4464 non
1040 4395 1179 4482 placebit
1252 4407 1294 4461 et.
1338 4395 1414 4460 Non
1438 4396 1515 4461 facit
1535 4395 1710 4460 iactantiae
1732 4413 1838 4470 eausa,
1870 4393 1926 4458 aad
1949 4394 2104 4476 quoniam
2125 4395 2203 4459 inde

206 4485 286 4549 mihi
308 4491 344 4549 in
366 4483 447 4564 illis,
482 4484 561 4551 dicit
590 4485 732 4550 seeundo
761 4485 917 4549 membro.
964 4482 1100 4549 (lartum
1130 4491 1180 4548 cst
1229 4418 1373 4547 {ructum
1405 4488 1555 4563 poterant
1587 4479 1741 4564 colligere
1773 4478 1898 4543 Iudaei.
1953 4478 2067 4544 Voluit
2099 4478 2204 4563 igitur

206 4569 364 4636 sacrificia
397 4571 467 4637 sine
502 4569 653 4654 precibus
690 4570 791 4636 fuisse
830 4569 942 4634 inania
980 4577 1013 4633 et
1050 4566 1177 4635 frivola.
1229 4585 1342 4631 corum
1364 4565 1498 4630 utilitati
1520 4566 1704 4642 consulere,
1734 4564 1813 4629 dum
1841 4561 1907 4629 illis
1936 4564 2089 4646 patefecit
2117 4564 2203 4645 qued

206 4653 292 4720 Nam
326 4656 422 4721 sicuti
456 4677 568 4740 preces
601 4675 666 4719 non
700 4661 799 4720 erunt
832 4662 982 4738 acceptae
1004 4651 1076 4719 Deo
1108 4653 1179 4718 sine
1229 4652 1321 4735 prins
1342 4651 1411 4716 eine
1433 4651 1501 4715 ullo
1522 4649 1645 4716 arbitro
1675 4650 1870 4731 deposuerat
1897 4651 1931 4713 in
1961 4648 2070 4713 einum
2099 4649 2204 4729 ipsius

206 4741 381 4820 sacrificio,
410 4743 457 4806 ita
477 4743 504 4806 si
527 4747 697 4826 separetur
719 4741 912 4806 sacrificium
942 4739 1179 4822 apreeatioue,
1230 4737 1301 4802 Dei.
1347 4733 1431 4802 Dixi
1452 4755 1536 4819 erpo,
1566 4735 1617 4800 Hc
1643 4735 1788 4802 Domine.
1832 4732 1899 4799 Hic
1928 4734 2034 4798 utitur
2062 4733 2203 4798 delentis

205 4836 257 4892 eet
285 4827 446 4893 duntaxat
475 4828 574 4892 inane
603 4825 833 4910 spectaculum.
876 4826 971 4892 Hace
996 4825 1102 4908 igitur
1124 4842 1178 4888 eo·
1229 4821 1404 4904 particula,
1436 4821 1508 4885 Hc:
1540 4832 1574 4885 ιι
1602 4822 1647 4885 ιιι
1681 4819 1835 4902 exprimit
1867 4827 1990 4900 quanta
2019 4817 2129 4900 populi
2152 4819 2203 4882 sui

205 4909 342 4977 haerent
363 4913 456 4996 qnasi
478 4911 652 4978 individuo
678 4932 781 4988 nexu,
812 4911 930 4975 offerre
963 4907 1121 4976 sacrificia
1148 4919 1180 4971 et
1230 4927 1309 4972 cura
1331 4913 1501 4990 tangatur,
1534 4905 1612 4971 dum
1635 4926 1700 4970 uon
1723 4905 1820 4969 aliter
1842 4905 1961 4968 anxins
1983 4915 2033 4968 est
2053 4901 2095 4967 de
2117 4902 2204 4969 illius

206 4998 341 5080 precari.
385 4997 468 5063 Dixi
500 5017 614 5082 preces
643 5018 711 5061 non
743 5017 838 5078 posse
860 4995 933 5060 Dee
965 5003 1076 5078 gratas
1109 5012 1180 5058 ιιιι
1230 4992 1374 5068 interitu,
1403 5011 1501 5074 quam
1524 5012 1581 5056 suo
1600 4991 1713 5074 ipsius.
1757 4989 2005 5054 Potesttamen
2028 5009 2098 5054 esse
2127 5009 2204 5072 par·

206 5082 327 5167 absque
362 5082 530 5151 sacrificio.
585 5081 669 5148 Nam
703 5081 781 5165 quid
821 5085 927 5165 potest
966 5081 1007 5145 ab
1047 5077 1180 5143 homine
1230 5076 1331 5144 ticnla
1353 5076 1524 5159 stupentis,
1547 5077 1640 5158 quasi
1662 5074 1824 5158 propheta
1845 5076 1914 5157 ipse
1937 5080 2022 5139 esset
2036 5074 2203 5154 attonitus,

206 5169 337 5234 mortali
366 5172 469 5248 exire,
503 5169 567 5234 nisi
597 5167 751 5234 foetidum
780 5187 889 5233 coram
919 5161 1014 5231 Deo?
1049 5183 1180 5230 necesse
1234 5162 1318 5244 Quid
1339 5161 1403 5241 tor,
1425 5182 1442 5228 o
1463 5159 1624 5227 Domine?
1659 5161 1704 5225 Et
1726 5168 1813 5226 certe
1835 5179 1901 5224 uon
1924 5158 2009 5225 male
2030 5160 2205 5226 conveniet

205 5255 378 5340 igiturest
408 5275 521 5338 preces
551 5258 683 5320 nostrus
713 5251 926 5328 sanctificari,
960 5258 999 5315 nt
1021 5247 1091 5314 Dee
1114 5247 1180 5332 pla·
1231 5248 1313 5314 haee
1335 5246 1517 5324 admiratio,
1540 5256 1577 5312 ut
1598 5245 1712 5312 Iudaei
1734 5245 1936 5311 exhorreant
1956 5263 2108 5309 unacum
2123 5245 2204 5326 ipsc,

206 5349 309 5406 ceant.
354 5339 433 5406 Sela
456 5348 567 5406 autem
589 5339 674 5405 ratio
697 5337 909 5404 dedicationis
931 5343 981 5401 cat
1003 5335 1038 5399 in
1060 5334 1181 5400 sucrifi-
1204 5351 1207 5394 ι
1232 5354 1332 5417 quum
1356 5330 1468 5398 vident
1497 5332 1596 5398 fuisse
1622 5333 1714 5415 quasi
1741 5332 1912 5413 abreptum
1941 5329 2007 5394 illis
2036 5329 2206 5396 fallacibus
2226 5358 2227 5361 ¹
