5134 6124
229 392 292 458 169
935 390 984 455 ΙΝ
1006 391 1255 459 quentati.
1300 393 1398 460 CAP.
1421 392 1520 460 XIII.
2165 401 2229 468 170

228 599 318 664 pree,
339 580 396 662 pei
416 579 510 646 eoae
529 579 634 662 fueret
654 577 736 644 aba?
757 583 786 644 et
808 597 879 644 atet
892 578 1011 644 deteris
1027 578 1101 644 tei?
1137 579 1201 644 Par
1255 579 1538 662 Quemadmodum
1562 583 1590 650 ei
1606 583 1731 650 Peraea
1753 584 1849 651 hodie
1863 587 1897 651 in
1917 587 2081 671 Europam
2098 591 2226 658 traiioe·

230 667 545 732 oommiaerationem
568 664 728 748 prophete
749 665 796 730 sio
810 664 962 747 loquitur.
999 663 1098 729 Videt
1112 665 1200 730 enim
1252 679 1328 732 rent
1350 676 1447 750 atque
1468 667 1536 734 illie
1558 667 1812 747 dominarentur,
1835 687 1943 754 posset
1966 672 2098 757 regibus
2113 674 2224 742 Gallo-

229 752 264 817 in
287 751 406 836 spiritu
428 761 529 817 totam
552 760 672 816 terram
701 749 879 816 desertam:
913 761 946 814 et
973 769 1032 832 par
1060 748 1201 815 admire-
1255 772 1328 816 rum
1361 765 1395 817 et
1424 773 1537 818 eorum
1570 754 1764 821 eonsiliariis
1797 755 1877 823 diei:
1917 757 2022 824 Cuius
2054 760 2151 844 eulpa
2181 761 2225 826 ite

230 839 353 902 tionem
376 839 521 921 quaerit,
554 835 642 917 Quid
666 837 728 902 hoo
756 834 817 900 sibi
841 834 930 911 vult,
964 855 1099 918 gregem
1129 856 1200 902 esse
1254 836 1348 901 fenile
1370 837 1410 902 ad
1435 859 1492 904 vos
1513 851 1727 921 penetrarunt
1742 841 1886 910 Pureae:
1908 863 2025 927 nempe
2042 847 2120 928 quie
2141 859 2224 912 stre·

230 921 440 1006 dissipatum,
473 924 528 1006 qui
551 923 609 987 tibi
632 921 728 987 datus
750 919 876 985 luerat?
910 928 1001 998 (nam
1024 919 1201 1004 alloquitur
1255 923 1349 988 vistis
1379 923 1444 988 illis
1472 924 1536 989 iter
1565 946 1623 1008 per
1651 945 1758 1004 mare,
1792 949 1909 1011 nempe
1941 930 1996 1012 qui
2030 932 2135 1012 pretio
2169 953 2225 997 eos

228 1007 385 1091 populum
408 1009 469 1075 sub
491 1027 630 1091 persona
652 1006 813 1085 mulieris,
836 1015 872 1070 ut
894 1025 989 1088 saepe
1012 1005 1116 1092 alies.)
1159 1006 1200 1070 In
1253 1009 1516 1091 eomparevistis,
1553 1008 1670 1075 deinde
1703 1022 1814 1094 portus
1848 1015 1948 1079 vestri
1988 1015 2055 1080 illis
2090 1017 2225 1084 suerum

229 1113 367 1177 semma,
396 1095 569 1160 oonfirmet
590 1091 675 1176 quod
696 1103 772 1156 ente
795 1090 889 1170 dixit,
919 1111 1035 1174 nempe
1063 1112 1098 1157 sa
1122 1113 1199 1156 ven·
1255 1095 1375 1175 aperti:
1416 1096 1506 1178 etqui
1543 1095 1623 1162 adeo
1655 1117 1715 1177 pro
1748 1118 1807 1162 sue
1839 1099 1974 1166 libidine
2006 1117 2224 1170 exoraueruut

230 1187 343 1244 turum
365 1181 398 1244 in
422 1179 581 1258 latebras,
614 1179 642 1244 ιι
664 1177 805 1261 populus
834 1197 898 1242 nou
927 1188 1100 1242 moveatur
1128 1177 1200 1242 eiua
1255 1199 1406 1263 magnam
1428 1181 1596 1246 saevitiem
1624 1181 1780 1247 adversus
1801 1198 1927 1249 vestroe
1948 1185 2111 1252 subditos:
2143 1189 2223 1254 haee

230 1262 384 1345 doetrina,
406 1276 443 1330 nt
464 1264 532 1330 illio
553 1283 700 1330 seorsum
722 1262 868 1345 deploret
889 1261 1030 1328 eludam:
1053 1261 1110 1326 sed
1127 1262 1200 1327 aliia
1253 1267 1363 1329 omnia
1385 1287 1404 1330 e
1428 1265 1518 1331 vobin
1541 1267 1684 1348 protenta
1704 1278 1799 1333 sunt:
1827 1271 1906 1335 estis
1928 1270 2029 1354 igitur
2051 1293 2109 1338 vos
2129 1289 2222 1342 auto.-

228 1349 355 1430 verbis,
389 1350 466 1416 dum
494 1351 604 1415 innuit
633 1369 669 1415 ιι
697 1349 803 1414 solum
824 1368 894 1414 essa
914 1347 1088 1412 oculatum.
1132 1348 1200 1412 Alii
1253 1370 1306 1415 ree
1328 1352 1472 1415 omnium
1499 1350 1670 1418 melorum.
1715 1351 1772 1418 sie
1801 1355 1899 1421 etiem
1929 1377 2032 1422 nune.
2046 1361 2224 1442 exprobret

229 1435 316 1500 anim
341 1434 582 1503 oaeeutiebent:
603 1435 680 1518 quie
697 1434 790 1499 Deus
813 1433 910 1499 etiem
934 1431 1112 1499 abstulerat
1135 1432 1200 1499 illie
1253 1435 1410 1518 propheta
1431 1436 1575 1515 Iudaeis,
1608 1437 1689 1517 quod
1718 1439 1954 1521 αιιιιιίιιιιιιιιι
1976 1441 2162 1523 Chaldaeos,
2189 1451 2224 1511 ut

224 1527 374 1587 ἰιιιιιιι
395 1531 430 1586 ιι
450 1521 617 1588 iudioium.
651 1519 817 1602 Propheta
838 1539 917 1603 argo
938 1517 992 1583 hio
1014 1518 1105 1583 videt
1126 1518 1199 1584 hor·
1252 1526 1351 1586 essent
1370 1522 1514 1602 meamet
1534 1524 1642 1589 datae:
1673 1533 1707 1588 at
1728 1525 1880 1607 qnoniam
1914 1526 2105 1593 looaverant
2134 1531 2223 1613 ipsos

229 1605 367 1672 modam
388 1607 584 1685 vesutatem,
610 1626 693 1689 quaa
715 1604 812 1688 paulo
833 1617 906 1688 post
927 1603 1037 1669 lutura
1058 1613 1138 1682 erat,
1166 1615 1199 1668 et
1252 1607 1288 1670 ιι
1310 1608 1379 1672 suis
1400 1606 1576 1690 eapitibus:
1609 1608 1688 1673 dioit
1717 1629 1785 1674 non
1814 1630 1885 1676 assa
1913 1611 2050 1690 mirum,
2084 1615 2113 1680 si
2135 1635 2222 1680 nuno

228 1690 301 1757 ideo
334 1693 427 1776 qnasi
455 1692 616 1758 attonitus
644 1693 842 1775 interrogat,
874 1689 1008 1754 ubinam
1041 1690 1085 1755 ιιι
1116 1709 1200 1773 grex
1253 1692 1320 1758 sint
1347 1700 1414 1756 tam
1441 1694 1569 1758 onerosi
1597 1707 1630 1758 at
1654 1713 1781 1778 graves.
1833 1695 1952 1762 Postea
1979 1698 2073 1781 dioit,
2107 1701 2221 1766 Διιιιοιι

228 1777 301 1855 illo,
333 1796 396 1860 quo
418 1776 510 1844 Deus
532 1777 787 1860 loeupletaverat
808 1774 954 1840 terrem?
988 1773 1121 1855 deinde,
1143 1775 1199 1840 nbi
1252 1777 1372 1842 doleres
1392 1783 1421 1842 te
1442 1777 1671 1861 opprebeedeot
1692 1781 1786 1860 quusi
1800 1781 1959 1847 mulierem
1969 1785 2221 1865 parturientem?

223 1863 294 1928 sint
326 1881 421 1943 ovea,
459 1864 493 1927 iu
526 1863 642 1947 quibus
673 1861 817 1946 fulgebat
848 1859 1043 1944 magnifioue
1080 1858 1198 1926 dator?
1253 1862 1326 1927 Hae
1348 1863 1561 1929 similitudine
1582 1865 1759 1949 signifieat,
1791 1864 1931 1932 Iudaeos
1960 1868 2044 1933 nihil
2068 1873 2221 1955 oonsequi

229 1947 398 2030 Sequitur,
1254 1949 1346 2012 venis
1368 1948 1503 2032 spebus:
1537 1951 1689 2033 qnoniam
1711 1951 1819 2018 subito
1842 1971 1942 2034 quum
1965 1953 2120 2034 dixerint,
2151 1957 2222 2022 Pax

1253 2045 1287 2098 ιι
1307 2035 1483 2120 saturitas,
1514 2035 1631 2101 obruet
1651 2036 1740 2118 ipsos
1762 2037 1937 2122 interitus,
1966 2058 2064 2121 quem
2088 2041 2223 2106 minime

316 2121 369 2186 al.
402 2120 485 2202 Quid
506 2120 606 2202 duee,
632 2137 730 2200 quam
750 2118 924 2184 ιιιιιιιιιιι
944 2136 1041 2198 seper
1062 2115 1113 2180 te?
1156 2115 1200 2180 Et
1252 2131 1454 2200 exapeotant.
1498 2119 1627 2188 Solinus
1652 2141 1748 2204 saepe
1778 2122 1863 2188 hano
1892 2123 2142 2191 similitudinem
2171 2148 2222 2193 oe-

227 2211 261 2272 te
283 2207 359 2290 (boo
380 2220 439 2286 est,
462 2207 553 2289 atqui
575 2203 625 2290 tu)
646 2203 779 2271 ιιιιιιιιιι
808 2202 882 2288 (hoe
904 2211 962 2282 est,
985 2200 1199 2287 esanaleoisti)
1252 2224 1398 2286 numere,
1431 2226 1515 2289 qnae
1536 2207 1706 2288 aptissima
1726 2217 1784 2273 est.
1829 2207 1915 2274 Nam
1937 2209 2074 2292 gravida
2104 2211 2222 2277 mulier

226 2291 298 2359 illos
318 2311 413 2374 suaper
434 2296 462 2356 te
484 2292 576 2358 duero
601 2292 637 2358 ιιι
664 2295 773 2370 eaput:
804 2308 911 2354 aaron
939 2288 1058 2354 dolores
1088 2307 1199 2371 oppre-
1253 2291 1366 2357 hilaris
1387 2293 1458 2370 erit,
1481 2303 1514 2356 et
1535 2312 1647 2358 seoure
1669 2292 1864 2374 epulabitur,
1888 2304 1922 2360 at
1939 2295 2046 2361 ludat:
2069 2298 2222 2380 eorripiet

227 2377 359 2444 ιιιιιιιιιι
379 2383 407 2442 te
427 2382 578 2459 ιιιιιιιιιιι
599 2375 759 2440 maturam
774 2372 1028 2456 peramanter?
1252 2388 1362 2443 entem
1396 2378 1499 2460 ipsam
1533 2377 1724 2460 repentinus
1756 2377 1857 2443 dolor.
1910 2378 1966 2446 Sia
1997 2381 2096 2446 etiam
2131 2383 2221 2465 impii

1254 2483 1318 2528 uon
1340 2463 1505 2528 sustinent
1526 2462 1703 2545 quidquem
1726 2464 1821 2529 triete
1842 2465 1973 2548 audire,
2003 2476 2035 2530 et
2066 2467 2180 2550 prooul
2202 2490 2222 2533 a

313 2548 477 2629 Quoniam
516 2545 650 2612 videbat
687 2546 849 2629 propheta
881 2543 1020 2610 Iudaeos
1053 2541 1197 2608 nondum
1252 2569 1287 2614 se
1309 2546 1479 2630 depellunt
1500 2567 1628 2616 omnem
1660 2548 1820 2615 denorum.
1867 2549 1933 2616 Sed
1961 2572 2024 2632 quo
2054 2553 2158 2636 magis
2186 2574 2222 2618 se

228 2634 323 2714 efflei,
345 2634 475 2718 longius
496 2653 552 2698 eos
574 2642 677 2710 vouat,
701 2645 734 2696 et
755 2629 905 2713 proponit
925 2628 992 2694 illie
1014 2628 1101 2711 quod
1120 2639 1197 2695 tune
1251 2633 1528 2717 obstupelaoiunt,
1569 2654 1608 2699 eo
1639 2635 1773 2717 gravius
1814 2637 2019 2718 persequitur
2050 2637 2124 2704 illos
2156 2636 2220 2702 Dei

227 2730 298 2784 eret
318 2717 523 2796 inoredibile,
552 2737 670 2800 nempe
692 2714 818 2782 oledem
840 2714 944 2793 illam,
976 2737 994 2778 a
1016 2733 1080 2798 qua
1102 2728 1196 2796 puta·
1250 2720 1405 2796 vindicte,
1428 2719 1525 2802 idque
1540 2729 1683 2802 repente,
1706 2731 1740 2784 et
1754 2730 1884 2800 praeter
1898 2721 2095 2805 opinionem.
2130 2721 2221 2804 Quo·

227 2805 308 2871 bant
335 2825 370 2871 aa
399 2806 467 2870 suis
495 2803 649 2869 subsidiis
678 2799 772 2867 leulle
799 2821 892 2882 posse
924 2798 1063 2864 defendi.
1109 2798 1196 2865 Dioit
1251 2805 1340 2868 niem
1363 2825 1439 2888 ergo
1460 2803 1650 2870 ineredibile
1671 2815 1743 2870 erat
1764 2804 1904 2886 Iudaeis,
1926 2805 2107 2872 Chaldaeos
2125 2809 2221 2889 paulo

226 2911 315 2975 ergo,
341 2889 426 2972 Quid
446 2895 519 2956 teat
539 2887 650 2956 dicet?
683 2907 760 2951 nam
783 2885 1021 2968 obstrepebant,
1045 2894 1078 2949 et
1098 2885 1196 2949 simul
1251 2901 1322 2973 post
1355 2903 1526 2971 venturos,
1559 2890 1615 2972 qui
1650 2899 1774 2954 terram
1807 2901 1993 2956 vastarent:
2027 2891 2101 2957 ideo
2133 2893 2219 2969 dieit,

226 2973 423 3042 adverbum
447 2976 552 3042 faeere
580 2985 727 3057 ooeperat
748 2969 920 3051 Ieremias,
949 2968 1103 3036 audenter
1125 2989 1195 3052 pro·
1252 2973 1338 3041 Certe
1358 2973 1478 3042 doloret
1498 2980 1525 3040 te
1545 2973 1781 3057 apprehendent,
1804 2977 1864 3041 etsi
1887 2997 1943 3043 eos
1959 2998 2025 3042 non
2041 2989 2219 3060 exspeotas

225 3060 378 3127 ailiebant
400 3060 471 3126 falsi
495 3059 651 3138 deuteres,
673 3070 706 3125 et
728 3057 848 3141 vulgus
869 3057 967 3122 etiam
991 3056 1099 3138 ipsum
1122 3076 1194 3138 pro-
1250 3061 1359 3146 Etiam
1390 3061 1507 3125 mulier
1539 3057 1676 3145 gravida
1707 3082 1775 3126 uon
1808 3063 1929 3146 eogitet
1961 3061 2002 3128 de
2035 3065 2218 3147 propinquo

225 3155 316 3212 terve
338 3145 564 3230 obganniebat.
609 3143 720 3226 Quum
741 3163 820 3226 ergo
841 3150 909 3207 tam
937 3142 1122 3223 petulanter
1143 3139 1196 3206 ob
1250 3145 1377 3212 dolore:
1400 3155 1564 3212 ettamen
1586 3145 1677 3211 dolor
1698 3167 1765 3211 non
1788 3146 1859 3212 ideo
1883 3155 1987 3231 potest
2009 3149 2049 3213 ab
2071 3149 2142 3231 ipsa
2165 3150 2218 3214 de·

225 3233 378 3298 sisterent
400 3232 471 3297 Deo
492 3239 526 3296 et
547 3232 617 3296 till!
639 3228 813 3304 doarium.
845 3227 1008 3310 signifieat
1035 3225 1196 3311 propheta
1249 3230 1345 3316 pelli:
1379 3233 1426 3298 sie
1450 3252 1553 3314 neque
1575 3252 1634 3298 vos
1655 3232 1830 3314 quidquam
1861 3233 2035 3316 prefinitis,
2065 3233 2145 3299 dum
2173 3235 2221 3299 ite
2314 3297 2317 3304 ,

224 3328 401 3384 venturum
434 3328 564 3400 tempus
592 3335 656 3399 qno
687 3313 909 3380 obmuteseent
941 3331 1020 3395 prae
1055 3311 1195 3394 pudore:
1249 3338 1362 3386 sonore
1389 3316 1481 3383 vobis
1515 3317 1703 3400 promittitis
1735 3328 1928 3400 perpetuam
1970 3339 2092 3402 paoem.
2146 3320 2220 3403 Ego

228 3403 312 3485 Quid
332 3405 432 3481 dieas,
460 3403 583 3486 inquit,
610 3400 708 3467 teat?
743 3398 805 3464 hoo
826 3410 890 3477 eet,
919 3417 977 3463 voe
999 3399 1077 3464 estis
1106 3418 1194 3463 nuno
1250 3403 1345 3469 hodie
1379 3423 1444 3467 non
1478 3402 1679 3468 absolverem
1714 3403 1799 3484 qnod
1833 3404 1998 3486 sequitur,
2030 3405 2057 3469 si
2089 3404 2220 3488 longius

224 3489 361 3554 nimium
385 3489 520 3574 garruli,
544 3497 578 3552 et
599 3485 691 3552 Deus
713 3504 781 3550 nou
804 3493 912 3568 potest
933 3504 953 3547 a
975 3481 1069 3549 vobit
1091 3484 1193 3566 impe·
1249 3488 1478 3572 progrederer:
1502 3487 1649 3553 differam
1667 3487 1768 3572 igitur
1783 3490 1818 3552 in
1833 3489 2017 3572 proximam
2034 3489 2218 3556 lentiorem.

223 3581 314 3640 trare
352 3576 496 3658 aliquam
534 3572 749 3639 audientiam:
793 3567 852 3635 sed
889 3581 1071 3651 oompeseet
1108 3568 1194 3634 hano
2134 3609 2139 3620 .

223 3667 365 3726 vestram
389 3659 595 3744 proterviam,
617 3658 675 3724 nbi
696 3655 799 3723 hostie
820 3675 880 3721 vos
902 3653 1065 3722 adflixerit.
1110 3653 1194 3718 Pan-
1334 3658 1386 3724 22.
1417 3657 1504 3740 ριιιιι
1525 3659 1556 3722 et
1575 3659 1699 3724 divale
1719 3659 1755 3724 io
1775 3658 1867 3725 eorde
1888 3663 1953 3742 tuo,
1983 3659 2049 3724 Cur
2071 3658 2154 3744 (val,
2183 3668 2219 3726 ut

225 3744 359 3810 tundam
382 3747 470 3812 valet
491 3763 529 3810 ao
551 3745 579 3810 si
598 3743 719 3809 diaeret
769 3742 861 3822 Pone
883 3759 949 3804 non
979 3741 1043 3806 erit
1064 3750 1194 3806 vestrae
1247 3742 1737 3830 quemamadmodum
1752 3743 1857 3810 mibi?
1881 3749 2106 3827 (oeourrerunt
2121 3744 2216 3843 mihi)

224 3829 411 3913 lequaoitati
444 3839 588 3914 tempus:
622 3828 697 3912 quia
754 3829 881 3892 ominus
908 3827 1100 3909 eomprimet
1132 3843 1193 3889 voa
1247 3830 1283 3894 ιιι
1308 3828 1507 3894 multitudiue
1536 3826 1611 3912 (hoe
1632 3839 1682 3894 est
1707 3840 1842 3913 propter
1871 3829 2130 3917 multitudinem)
2158 3831 2220 3898 ιιιι-

224 3916 363 3982 silentio.
415 3915 559 3998 Quidem
592 3914 653 3980 hoo
685 3912 727 3978 ed
759 3913 867 3978 Deum
900 3911 1065 3987 raserunt,
1097 3929 1194 3991 quem
1246 3914 1379 3996 ᾳιιιιιιιιι
1399 3918 1487 3978 tuoe:
1516 3914 1726 3997 discoopertae
1745 3919 1818 3980 auat
1836 3914 1978 3995 ίιιιινιιι
1998 3920 2082 3999 leae,
2111 3921 2219 3982 ιιιιιι-

223 4002 411 4068 adiuuerit:
441 4003 498 4067 sed
528 4001 634 4084 potius
663 3999 759 4065 debet
780 3997 922 4080 intelligi
945 3994 984 4061 de
1006 3994 1192 4060 Chaldaeis.
1246 3999 1314 4066 dett
1335 3999 1431 4065 aalma
1451 4000 1500 4064 tui
1520 3997 1586 4083 (vel
1610 3999 1740 4082 plantae
1763 4009 1839 4064 tuae
1861 3997 2002 4066 audetne
2023 4001 2125 4086 sunt).

223 4086 309 4152 Nam
339 4087 494 4153 mutinen
525 4095 600 4168 post
631 4085 795 4168 adiungit,
833 4082 883 4147 Te
902 4101 972 4146 uero
1000 4080 1195 4163 muueseoieti

223 4172 305 4238 ailoe.
350 4175 413 4238 Est
433 4172 564 4254 quidem
586 4171 734 4255 enallage
756 4169 901 4248 numeri,
929 4167 986 4232 sed
1009 4185 1091 4248 quae
1113 4167 1194 4231 eatis
1331 4168 1456 4234 Iterum
1479 4170 1637 4252 propheta
1658 4170 1781 4234 iustum
1803 4169 1864 4236 hoo
1886 4171 1953 4235 fora
1975 4170 2039 4234 Dei
2061 4171 2218 4238 iudioium

224 4259 304 4326 trita
325 4269 376 4324 eet
399 4258 580 4341 prophetis:
613 4276 714 4338 quum
737 4254 898 4338 singulari
921 4271 1058 4318 numero
1079 4254 1192 4331 utitur,
1246 4255 1444 4338 pronuntiet,
1467 4253 1506 4320 de
1529 4275 1593 4337 qno
1616 4255 1754 4321 antehae
1771 4255 1967 4322 vetieinatns
1982 4255 2053 4320 luit.
2088 4256 2219 4324 Soimus

223 4356 322 4430 eaput
350 4347 457 4426 ipsum
486 4343 649 4408 exereitus
677 4343 822 4425 respioit:
856 4350 970 4422 postea
997 4357 1076 4402 vero
1105 4357 1193 4403 oom-
1246 4341 1333 4406 enim
1356 4341 1552 4423 hypooritea,
1576 4339 1677 4406 doneo
1698 4341 1828 4424 saepius
1842 4340 1985 4407 eonvioti
2001 4341 2131 4422 luerint,
2154 4364 2218 4408 non

223 4430 397 4517 prehendit
415 4449 534 4500 ,omues
548 4427 664 4512 oopiee.
697 4427 782 4509 Quid
797 4424 1078 4508 capetianorum
1094 4421 1194 4490 loeis
1245 4426 1352 4492 faeere
1373 4426 1475 4491 finem
1497 4425 1628 4490 rixandi
1650 4446 1724 4492 oum
1748 4428 1828 4492 Deo.
1873 4427 2000 4492 Volunt
2022 4427 2109 4492 enim
2133 4449 2218 4493 sem·

223 4515 467 4584 amoenet?
512 4514 631 4581 Poetae
653 4511 754 4596 addit,
781 4509 827 4576 Et
847 4516 883 4576 te
903 4515 1020 4590 tumea,
1049 4508 1191 4589 honest,
1246 4531 1313 4595 per,
1337 4514 1436 4576 etiem
1459 4513 1487 4577 si
1510 4531 1575 4576 nou
1598 4513 1723 4593 possint
1745 4512 1780 4576 in
1803 4517 1909 4577 totum
1932 4533 1967 4576 se
1984 4531 2151 4595 exousare,
2171 4525 2218 4578 ta·

223 4605 252 4668 si
285 4603 368 4668 velia
401 4602 464 4668 alio
496 4601 642 4667 oonlerra
672 4598 820 4681 eulpam,
860 4616 963 4678 quum
995 4594 1127 4675 Assyrii
1160 4605 1193 4660 et
1245 4617 1321 4662 men
1343 4607 1523 4663 extenuare
1545 4595 1654 4679 aliqua
1673 4619 1714 4661 ax
1737 4607 1830 4678 parte
1851 4617 1945 4670 suam
1960 4597 2100 4681 eulpam.
2134 4598 2218 4662 Pro·

224 4685 379 4755 Ohaldaai
413 4698 444 4753 te
474 4687 629 4762 obruent,
663 4684 785 4748 frustra
817 4683 848 4746 id
878 4681 1053 4748 conaberis.
1107 4680 1192 4746 Nam
1245 4681 1346 4765 pheta
1366 4682 1468 4766 igitur
1490 4681 1544 4749 bio
1566 4681 1801 4767 tergiversandi
1824 4683 1996 4748 materiem
2024 4681 2090 4747 illis
2112 4683 2218 4764 eripit,

222 4772 404 4858 petelaoisti
426 4772 493 4838 illis
510 4771 644 4846 editum,
666 4775 695 4835 et
712 4769 913 4848 meaeseet'eta',
935 4772 970 4830 ιιι
986 4771 1086 4832 ιιιιιιι
1101 4767 1194 4833 duee
1246 4785 1284 4832 ao
1306 4768 1497 4850 pronuntiet
1526 4767 1584 4833 tali
1614 4765 1762 4834 meruade
1791 4788 1861 4834 esee
1890 4765 2014 4851 dignos.
2063 4765 2129 4832 Sed
2160 4788 2219 4833 no·

222 4861 270 4924 tui
302 4859 338 4922 ιιι
368 4864 463 4939 tepet
494 4863 596 4934 teum,
630 4857 744 4938 inquit.
788 4852 874 4918 Nam
906 4853 1010 4916 multo
1043 4862 1119 4917 ante
1152 4853 1192 4917 ab
1247 4853 1348 4919 tende
1369 4858 1419 4919 est
1441 4855 1540 4917 etiam
1561 4852 1709 4937 loquutio
1732 4874 1795 4938 que
1820 4854 1940 4919 utitur:
1975 4851 2013 4917 Si
2041 4852 2163 4918 uineis
2184 4853 2220 4919 ira

223 4943 383 5010 Israelitis
404 4945 498 5010 anniti
520 4942 650 5008 luerent
672 4939 817 5023 Assyrii:
840 4938 957 5004 deinde
979 4936 1094 5003 foedus
1115 4958 1192 5003 oon·
1233 4938 1335 5010 ,eorde
1357 4943 1417 5018 tuo,
1448 4939 1565 5022 inquit.
1610 4939 1724 5021 Neque
1753 4941 1840 5006 anim
1867 4939 2059 5021 hypoeritee
2090 4946 2218 5004 tuntum

223 5037 391 5095 traxerant
420 5028 532 5095 Iudaei
560 5049 635 5094 oum
657 5023 833 5093 Chaldaeis
859 5022 1014 5089 adversus
1039 5024 1193 5109 Assyrios
1247 5023 1309 5090 sihi
1331 5035 1485 5108 arrogent
1506 5044 1617 5090 eoram
1637 5024 1759 5091 mundo
1782 5025 1956 5097 iustitiam,
1989 5022 2045 5088 secl
2075 5043 2111 5090 ea
2132 5024 2219 5108 ipsos

224 5125 400 5198 antequem
418 5115 611 5179 ooniunotae
626 5122 736 5178 essent
746 5110 821 5175 illae
832 5107 1049 5175 moneruhiee.
1084 5108 1192 5190 Quum
1247 5108 1430 5194 desipiunt,
1463 5120 1496 5175 et
1528 5109 1676 5176 diabolus
1703 5110 1788 5176 false
1816 5109 2025 5193 persuasione
2053 5108 2140 5191 ipsos
2162 5109 2218 5174 de-

223 5221 301 5283 ergo
322 5200 397 5265 illos
419 5201 453 5262 in
475 5199 633 5266 auxilium
662 5204 850 5274 vooeesont,
880 5194 1120 5261 essueieoerent
1147 5216 1194 5260 re·
1247 5205 1387 5272 mentet,
1422 5203 1461 5260 ut
1482 5195 1581 5262 etiem
1609 5215 1717 5262 eoram
1741 5197 1812 5261 Deo
1843 5193 1948 5260 velint
1976 5192 2054 5260 iusti
2081 5194 2218 5260 oanseri.

223 5307 342 5370 gnere,
375 5294 410 5349 et
438 5285 531 5368 quasi
560 5285 784 5366 imposuerant
803 5284 889 5365 ipsos
911 5281 979 5346 auia
1002 5280 1193 5347 eervioibus.
1246 5280 1319 5348 Ηοι
1341 5281 1443 5364 igitur
1466 5281 1621 5364 exprimit
1642 5281 1803 5364 propheta
1820 5299 1920 5363 quum
1937 5278 2023 5359 dioit,
2047 5277 2086 5346 se·
2099 5280 2220 5346 diaeta
