5038 6118
179 394 240 458 105
899 397 948 462 IN
970 395 1219 464 luauulsss.
1263 397 1363 464 osP.
1387 397 1448 464 XI.
2102 398 2176 465 tou

177 581 317 664 figuram
352 601 371 646 a
400 584 564 648 eommuni
597 583 767 649 hominum
801 605 907 665 more,
940 593 973 650 et
1006 584 1085 654 dieit
1117 606 1152 651 se
1204 584 1319 668 Neque
1355 587 1444 650 enim
1476 584 1609 650 dubium
1643 595 1692 648 ost
1726 584 1802 668 quin
1836 583 1898 648 hoe
1930 583 2073 650 seeundo
2105 581 2174 652 loeo

177 666 277 732 fuisse
308 671 524 745 connatam,
558 689 666 751 neque
698 669 731 732 id
764 670 880 745 semel,
914 671 970 736 sed
1005 672 1152 755 repetitis
1205 669 1352 736 additum
1376 671 1473 736 fuerit
1491 671 1531 736 ad
1549 670 1739 752 emphasin:
1760 669 1852 752 quasi
1869 667 1989 735 diceret
2008 670 2174 755 propheta,

178 751 313 818 visibus.
367 751 485 818 Postea
521 753 611 819 addit
644 775 679 820 se
712 753 746 818 id
779 775 845 821 non
877 755 992 821 fauisse
1026 767 1151 820 tantum
1205 774 1262 838 per
1277 777 1331 820 eos
1348 756 1506 821 duntaxat
1522 755 1661 837 stetisse,
1676 775 1740 838 quo
1759 755 1867 820 minus
1884 753 2018 820 viaillis
2034 767 2175 838 pateret:

178 857 243 902 uno
265 837 405 916 saeoula,
436 838 492 903 sed
516 859 557 904 ex
581 858 645 922 que
667 841 816 905 exierant
837 841 980 922 ipsorum
1003 852 1153 924 petrose
1204 841 1261 906 sed
1284 862 1347 906 neu
1372 840 1521 924 dignatos
1543 841 1642 907 fuisse
1666 861 1777 906 aurem
1802 840 1872 906 Deo
1894 839 2059 923 praebere.
2103 841 2175 908 Hoo

178 922 337 987 servitute
365 943 467 1007 usque
496 923 536 988 ad
567 923 653 990 diem
680 925 786 990 illum.
830 925 910 990 Fuit
939 934 1049 991 eutem
1071 925 1152 992 haee
1204 931 1314 991 antem
1350 928 1481 1009 signnm
1513 936 1564 994 est
1596 925 1735 991 extremi
1768 935 1984 1008 contemptus,
2021 925 2076 990 ubi
2108 948 2174 992 uon

177 1008 275 1073 nimis
305 1008 411 1090 turpis
439 1008 624 1082 obstinatio,
658 1031 757 1092 quum
780 1010 873 1076 Deus
901 1032 965 1076 non
988 1011 1152 1077 desineret
1204 1020 1332 1076 tentum
1363 1012 1573 1094 repudiamus
1599 1032 1674 1076 eum
1702 1013 1756 1095 qui
1786 1010 1940 1096 loquitur,
1970 1020 2002 1075 et
2023 1011 2175 1078 nolumus

177 1091 250 1157 illos
279 1093 320 1157 ad
350 1113 386 1156 se
416 1113 548 1175 sonare,
580 1107 614 1159 et
643 1103 754 1160 tamen
784 1095 884 1162 verba
912 1096 1034 1162 faeeret
1064 1096 1150 1180 apud
1203 1099 1272 1162 eius
1295 1098 1430 1180 imperio
1453 1098 1504 1163 val
1526 1097 1659 1162 oonsilio
1682 1116 1807 1180 parere,
1835 1095 1893 1162 sed
1915 1096 1970 1160 ubi
1993 1097 2173 1180 praeoludi·

177 1176 302 1244 surdes.
347 1177 414 1244 Sed
445 1179 528 1262 qued
552 1181 700 1263 sequitur
721 1182 826 1264 magis
847 1191 898 1246 est
919 1183 1150 1264 emphatieum,
1203 1203 1276 1248 mos
1298 1203 1429 1248 omnem
1452 1182 1588 1257 editum,
1611 1193 1644 1246 et
1665 1191 1824 1265 quantum
1848 1183 1880 1248 in
1904 1181 1996 1247 nobis
2018 1192 2068 1246 est
2086 1193 2174 1248 veta-

177 1260 231 1326 ubi
254 1262 333 1329 diait
354 1284 388 1329 ae
408 1283 499 1330 masse
520 1267 706 1332 wasemes.
748 1266 831 1332 Nem
855 1266 941 1349 quod
964 1267 1019 1333 alii
1042 1275 1149 1332 trans·
1203 1288 1276 1334 mus
1305 1270 1411 1350 ipsum
1438 1268 1538 1350 loqui,
1566 1266 1628 1334 hoo
1655 1278 1742 1332 sorte
1771 1268 1867 1333 nimis
1890 1276 1940 1332 est
1962 1267 2174 1333 eentumelie·

177 1348 256 1413 itive
297 1349 462 1432 aoeipiunt
501 1350 582 1415 mibi
620 1371 687 1414 non
729 1352 895 1433 probatur.
951 1353 1040 1418 Dieit
1072 1374 1150 1436 ergo
1202 1373 1285 1418 snm.
1330 1353 1416 1418 Nam
1444 1354 1515 1418 fieri
1542 1361 1649 1435 potest
1672 1353 1803 1435 etquis
1826 1352 2172 1437 alterumleqnentem

177 1431 269 1498 Deus
297 1454 331 1498 se
354 1435 401 1498 ita
423 1434 523 1502 fuisse
545 1436 719 1502 sollieitusu
743 1438 783 1502 de
805 1440 947 1519 ipsorum
971 1439 1084 1518 salute,
1115 1453 1150 1502 ut
1202 1437 1323 1516 audiat,
1346 1443 1402 1520 qui
1423 1439 1484 1504 etsi
1507 1458 1573 1504 non
1596 1438 1798 1522 obtemperet
1820 1446 1929 1502 tamen
1951 1438 2096 1504 servabit
2114 1438 2173 1503 ali·

176 1538 273 1582 mane
296 1529 445 1603 surgeret
465 1520 506 1585 ad
529 1521 616 1605 ipsos
638 1521 808 1588 sonandas.
845 1521 919 1588 Non
942 1522 1077 1589 dubium
1101 1539 1151 1588 est
1202 1544 1299 1605 quam
1329 1523 1574 1599 humanitatem,
1604 1544 1645 1588 ne
1675 1532 1829 1605 queratur
1851 1522 1907 1588 ille
1928 1543 1963 1587 se
1986 1543 2052 1588 non
2073 1524 2174 1590 fuisse

177 1604 255 1686 quin
272 1603 363 1668 Deos
387 1603 428 1670 ad
451 1625 486 1670 ss
505 1607 684 1672 transferet
702 1607 787 1689 quod
804 1608 934 1691 proprie
948 1606 1151 1691 oompetebat
1202 1607 1360 1674 auditum.
1412 1607 1504 1674 Haeo
1536 1609 1624 1674 enirn
1654 1618 1704 1672 est
1734 1607 1867 1672 minime
1897 1606 2073 1673 tolerabilis
2093 1608 2173 1673 ·bar-

176 1689 210 1752 in
230 1690 415 1772 propbetas,
438 1691 710 1774 quemadmodum
727 1693 826 1757 etiam
843 1691 987 1759 vicissim
1003 1692 1151 1759 eonoedit
1203 1693 1325 1772 baries,
1358 1694 1413 1758 ubi
1445 1715 1486 1758 ne
1519 1693 1655 1758 verbum
1685 1693 1814 1775 quidam
1843 1693 2055 1758 admittimus.
2107 1692 2173 1758 Hie

176 1775 281 1838 servis
310 1775 379 1840 suis
406 1776 490 1858 quod
523 1779 691 1860 proprium
721 1787 772 1843 est
800 1779 872 1860 ipsi,
902 1786 936 1841 et
958 1799 1022 1842 nen
1044 1787 1151 1861 potest
1201 1779 1411 1861 eonquaritur
1432 1777 1535 1855 Deus,
1563 1799 1628 1844 neu
1652 1787 1780 1843 tautum
1803 1777 1970 1843 Israelitas
1991 1777 2052 1843 sibi
2075 1779 2174 1844 fuisse

175 1857 334 1941 quadrare
366 1859 552 1927 bominibus
581 1861 647 1927 nisi
676 1883 734 1944 per
761 1863 978 1928 eoueessienis
1005 1864 1149 1928 modum.
1201 1865 1443 1946 immorigeros.
1477 1873 1648 1947 postquam
1678 1861 1781 1929 edoeti
1812 1863 1956 1946 fuerant,
1988 1861 2045 1928 sed
2073 1863 2173 1930 fuisse

176 1944 352 2008 Caeterum
382 1945 436 2011 hia
467 1945 557 2011 Deus
586 1947 792 2012 eemmendet
820 1949 1028 2014 autoritatem
1058 1949 1149 2014 verbi
1201 1950 1248 2014 ita
1270 1950 1479 2031 praestantes,
1501 1959 1538 2013 ut
1559 1949 1792 2014 eentumeliose
1813 1949 1912 2013 etiam
1928 1947 2038 2029 presul
2056 1948 2173 2014 reieee-

174 2030 241 2104 sni,
274 2051 374 2112 quum
406 2030 484 2096 dieit
515 2053 550 2098 se
576 2052 668 2098 masse
695 2035 886 2100 measa:
918 2045 951 2098 et
972 2035 1068 2099 simul
1098 2035 1148 2098 in·
1202 2037 1271 2099 rint
1292 2055 1406 2100 omues
1427 2034 1634 2118 prophetieos
1652 2053 1836 2098 sermones:
1859 2032 1946 2116 quod
1961 2054 2029 2098 non
2044 2043 2171 2098 tautum

175 2115 407 2197 gratitudinem
436 2136 548 2181 serum
579 2117 770 2200 amplifieat:
805 2119 893 2200 quod
920 2119 1044 2185 seilioet
1073 2140 1148 2186 eon·
1201 2118 1314 2184 foedae
1335 2119 1520 2204 ,impietatis
1549 2119 1681 2202 signum
1714 2118 1783 2198 fuit,
1811 2117 1868 2183 sed
1895 2119 1993 2183 etiam
2017 2117 2172 2183 barbarae

175 2200 371 2282 tempserint
393 2221 476 2279 aum,
506 2203 560 2268 ubi
584 2203 738 2269 videbant
759 2204 864 2270 instar
884 2205 985 2288 petris
1008 2205 1149 2270 familias
1201 2206 1434 2270 eentumaeiae.
1479 2205 1576 2270 Nune
1605 2224 1683 2287 ergo
1714 2212 1861 2268 muamus
1891 2203 2068 2287 prophetae
2094 2222 2171 2268 eon·

175 2303 290 2348 sumre
329 2285 475 2367 ipsorum
516 2287 666 2353 aluam.
722 2285 810 2372 Ergo
850 2290 928 2355 hine
966 2291 1149 2373 eolligimns
1200 2291 1321 2356 silium.
1365 2289 1456 2355 Dieit
1484 2289 1662 2356 ambulasse
1689 2307 1932 2370 monemusque
1960 2289 1994 2354 in
2017 2288 2173 2369 pravitate

176 2369 289 2451 quanti
316 2370 407 2436 Deus
436 2373 533 2437 faeiat
562 2393 743 2438 sermenem
773 2394 880 2456 suum,
910 2375 987 2440 dum
1011 2385 1148 2441 testatur
1199 2377 1304 2442 cordis
1329 2376 1383 2440 sai
1409 2375 1504 2440 endi:
1533 2375 1609 2458 quia
1633 2375 1725 2456 prius
1747 2372 1889 2440 ostendit
1911 2372 2011 2438 fuisse
2033 2375 2066 2437 in
2090 2383 2171 2438 tem·

176 2474 211 2518 se
241 2455 325 2519 nibil
358 2457 524 2522 diversum
555 2458 676 2524 habere
705 2479 724 2522 a
752 2461 857 2524 servis
890 2461 974 2536 suis,
1008 2480 1147 2543 quornm
1201 2480 1277 2542 pore
1300 2460 1531 2542 praemonitos,
1553 2461 1700 2541 sequitur
1721 2479 1775 2524 ees
1797 2479 1863 2524 non
1885 2478 1995 2523 errore
2016 2469 2170 2541 sequotos

176 2559 274 2620 opere
306 2541 427 2619 utitur,
461 2561 562 2623 quum
590 2544 662 2608 vult
695 2543 863 2610 ecelesiam
897 2566 989 2610 suern
1022 2543 1146 2610 dooere.
1199 2546 1301 2611 fuisse
1335 2546 1453 2628 impias
1492 2544 1758 2628 superstitiones,
1793 2544 1851 2610 sed
1889 2546 1966 2627 quia
2001 2544 2171 2610 reiiearent

175 2623 304 2690 Deinde
335 2626 412 2692 bine
440 2629 539 2693 etiam
569 2628 752 2713 eolligu'mus
786 2649 884 2712 quam
916 2630 1147 2696 inexousabilis
1200 2650 1316 2697 verum
1340 2631 1403 2696 Dei
1432 2632 1568 2710 uultum,
1597 2652 1657 2695 nee
1686 2629 1790 2694 loeum
1819 2627 1935 2694 darent
1987 2629 2172 2712 rophetiese

175 2711 218 2773 sit
251 2711 409 2792 pravitas,
444 2712 498 2776 ubi
529 2713 635 2778 Deum
671 2716 717 2779 ita
745 2715 913 2780 nobiseum
943 2715 1148 2782 familiariter
1200 2713 1373 2780 doetrinae.
1415 2715 1525 2796 Quum
1548 2716 1626 2781 dieit
1646 2714 1844 2780 andnlmnt
1865 2715 1925 2798 eir,
1948 2651 1985 2778 ii
2003 2727 2062 2797 est,
2083 2716 2170 2798 quis·

175 2795 360 2877 loquentem
389 2798 562 2864 reiieimus.
605 2798 703 2865 Nune
732 2820 810 2884 ergo
838 2811 986 2866 tenemus
1015 2821 1147 2867 sensum
1200 2822 1272 2884 que,
1303 2822 1366 2866 uon
1398 2801 1533 2866 dubium
1562 2810 1612 2865 est
1633 2800 1713 2883 quin
1735 2799 1893 2883 propheta
1915 2800 1967 2864 bie
1990 2801 2082 2883 quasi
2105 2820 2171 2864 uuo

174 2879 275 2946 huius
294 2881 365 2947 leoi.
401 2881 468 2948 Sed
491 2893 598 2965 petest
620 2887 717 2950 etiam
741 2885 803 2951 hoe
825 2888 920 2951 tertie
944 2887 1012 2950 loeo
1030 2887 1147 2966 uetari,
1201 2886 1356 2952 faseieulo
1385 2905 1499 2950 omnes
1527 2884 1625 2951 simol
1655 2885 1817 2951 involvat:
1846 2885 1939 2968 quasi
1963 2884 2083 2948 diaeret
2105 2906 2168 2948 non

175 2966 298 3030 frustra
320 2967 489 3050 praetendi
506 2966 569 3032 Dei
592 2989 722 3046 nomen,
745 2972 809 3036 nisi
833 2971 887 3036 ubi
905 2973 974 3054 ipse
995 2972 1148 3054 loquutus
1200 2972 1301 3038 fuisse
1331 2971 1482 3054 abreptos
1512 2970 1620 3053 aliquo
1643 2971 1778 3052 impetu,
1804 2969 2075 3052 quemadmodum
2099 2971 2169 3034 fieri

175 3055 241 3115 est:
266 3052 539 3134 quemadmodum
561 3054 658 3119 bodie
680 3058 825 3137 papissae
848 3056 968 3122 vellent
986 3058 1057 3122 siue
1072 3077 1148 3124 een·
1200 3056 1390 3139 plerumque
1412 3058 1503 3133 solet,
1525 3076 1626 3138 quum
1645 3077 1664 3121 a
1680 3056 1790 3138 paneis
1813 3055 1973 3121 tumultus
1991 3064 2170 3120 eommotus

175 3138 334 3202 troversia
356 3138 456 3221 reeipi
479 3138 637 3222 quidquid
660 3140 816 3205 effutiunt
838 3161 896 3222 pro
919 3160 979 3206 sua
1000 3141 1147 3208 libidine.
1200 3153 1264 3220 est,
1294 3141 1427 3225 plurimi
1456 3141 1572 3207 deinde
1601 3151 1798 3223 sequuntur,
1828 3149 1861 3205 et
1890 3142 1976 3223 rapit
2004 3159 2061 3204 eos
2089 3149 2169 3204 terro

174 3219 266 3286 Deus
294 3231 402 3287 autam
433 3224 495 3290 boe
525 3224 594 3290 loeo
616 3223 759 3290 ostendit
779 3247 815 3290 se
835 3246 901 3290 non
921 3226 1051 3300 offendi,
1084 3227 1147 3292 nisi
1200 3239 1318 3310 pestes,
1347 3233 1381 3291 et
1411 3247 1475 3291 non
1502 3227 1695 3309 expendunt
1723 3226 1801 3309 quid
1831 3235 1955 3310 egetur.
1999 3225 2053 3289 Ita
2074 3245 2170 3309 saepe

175 3306 229 3370 ubi
261 3307 330 3389 ipse
360 3310 546 3390 spernitur:
578 3318 611 3374 et
639 3309 735 3374 simul
764 3309 908 3375 deeleret
933 3333 968 3376 sa
995 3311 1042 3375 ita
1070 3333 1146 3378 oon·
1199 3320 1304 3378 terror
1337 3312 1468 3395 quidam
1502 3321 1717 3395 preeooeupat
1750 3311 1925 3377 multorum
1958 3311 2101 3390 animos,
2133 3321 2171 3375 ut

173 3391 323 3457 iuuetum
346 3413 417 3458 esse
439 3414 514 3459 enm
538 3394 717 3479 prophetis,
741 3402 779 3458 ut
798 3395 848 3459 illi
868 3396 950 3461 nihil
968 3397 1147 3479 proprium,
1199 3397 1263 3464 bue
1292 3398 1344 3464 vel
1375 3397 1453 3476 illue
1475 3406 1622 3481 pergant,
1652 3407 1686 3461 et
1708 3405 1818 3462 tamen
1841 3396 1989 3462 neseient
2014 3415 2169 3478 quorsum

174 3476 383 3542 velaliende
426 3499 502 3544 uam
527 3480 567 3544 ab
589 3481 658 3561 ipso
679 3482 859 3562 profestum
882 3481 1031 3546 efferant.
1074 3482 1144 3546 Iam
1198 3482 1340 3549 debeant
1362 3480 1505 3548 tendere.
1546 3480 1612 3548 Sed
1635 3482 1796 3566 propbeta
1818 3481 1872 3546 hie
1893 3480 2036 3561 ostendit
2055 3481 2170 3562 euique

173 3561 323 3646 adiungit
351 3499 465 3631 sebas
488 3569 609 3630 tentam
625 3565 803 3646 wanlosae
825 3567 982 3647 apepnlo
1003 3567 1092 3634 eleeto
1112 3571 1147 3632 ut
1197 3568 1297 3634 fuisse
1327 3589 1421 3634 suum
1451 3567 1640 3634 eonsilium:
1669 3567 1762 3650 quasi
1792 3566 1923 3645 diseret,
1953 3586 2017 3630 non
2041 3573 2168 3630 tantum

174 3647 296 3712 anatra
316 3667 416 3714 votem
437 3669 538 3715 auam.
575 3652 730 3733 Aequitas
747 3651 843 3716 huius
858 3652 1023 3734 praeeepti
1039 3661 1146 3718 osten-
1196 3653 1310 3736 populi
1338 3655 1462 3735 impetu
1492 3652 1592 3718 fuisse
1614 3650 1738 3717 auitum
1761 3649 1826 3716 Dei
1848 3653 1895 3716 ita
1917 3651 2082 3730 reioetum,
2111 3648 2169 3714 sed

174 3731 220 3795 dit
248 3752 343 3816 quern
371 3735 508 3820 indigna
529 3745 563 3800 et
585 3736 742 3801 seelerata
763 3737 863 3802 fuerit
884 3737 1037 3820 impietas
1058 3736 1146 3803 illius
1196 3737 1344 3823 singulos
1377 3745 1524 3820 septasse
1557 3737 1642 3820 apud
1672 3757 1708 3802 se
1737 3735 1888 3816 sensilia,
1921 3745 1954 3800 et
1982 3735 2169 3800 eouooxisse

173 3818 293 3900 populi.
338 3819 383 3884 Et
412 3821 508 3885 simul
531 3822 673 3888 ostendit
695 3821 786 3887 Deus
809 3821 935 3888 nullum
959 3843 1029 3888 asse
1051 3842 1145 3904 prae-
1196 3823 1283 3888 hane
1311 3824 1469 3889 malitiam
1502 3831 1535 3888 et
1562 3823 1624 3890 boe
1651 3823 1758 3888 seelus
1787 3833 1825 3886 ut
1850 3821 1959 3886 Deum
1988 3820 2167 3886 reiieerent.

173 3911 301 3968 textum
330 3906 459 3983 erroris,
490 3907 541 3970 vel
573 3907 721 3972 iustitiae
750 3907 784 3971 in
807 3906 927 3991 populo
950 3908 1014 3974 illo.
1059 3908 1145 3973 Nam
1196 3909 1279 3974 Plus
1320 3929 1398 3992 ergo
1437 3919 1487 3973 est
1519 3907 1683 3974 efiieaeiae
1717 3909 1751 3972 in
1784 3907 1845 3972 lrao
1879 3905 2031 3989 loquendi
2065 3905 2168 3970 forma

171 3988 252 4054 haee
280 4010 345 4054 nna
373 4000 444 4055 erat
472 3992 558 4056 ratio
587 3992 840 4076 tergiversandi,
874 3993 901 4056 si
932 3991 1147 4058 obtenderent
1197 3995 1363 4077 quamsi
1403 3992 1538 4058 dixisset
1578 4014 1692 4059 omnes
1726 3990 1909 4057 ambulasse
1940 3991 1974 4055 in
2008 3991 2169 4074 pravitate

173 4095 207 4138 se
242 4092 308 4138 nen
337 4073 425 4139 aliud
456 4096 576 4159 supere
605 4097 703 4159 quam
731 4088 894 4158 praestare
922 4078 994 4144 Dee
1020 4079 1145 4143 auitum
1197 4079 1303 4145 oordis
1324 4079 1393 4144 sui:
1415 4085 1449 4142 st
1470 4077 1568 4145 simul
1589 4079 1689 4144 etiam
1711 4076 1853 4144 ostendit
1875 4099 1894 4142 a
1917 4077 2050 4142 minimo
2066 4095 2168 4158 usque

174 4158 330 4226 debitum.
379 4159 480 4243 Atqui
513 4162 661 4246 regulam
693 4164 946 4245 praeseripserst
974 4163 1046 4245 lege
1076 4185 1144 4242 sua,
1197 4164 1237 4229 ad
1267 4165 1457 4239 maximum,
1488 4164 1583 4230 sieuti
1613 4164 1805 4248 loquuntur,
1834 4182 1948 4229 omnes
1977 4161 2077 4226 fuisse
2106 4159 2168 4224 im·

174 4265 256 4328 quae
286 4264 351 4310 non
374 4255 484 4328 posset
506 4265 561 4312 eos
582 4247 705 4313 fallere.
750 4247 839 4331 Ergo
861 4250 1008 4329 sequitur
1029 4257 1146 4331 sponte
1197 4248 1326 4332 plieitos
1362 4248 1473 4314 eadem
1512 4248 1689 4331 impietate.
1748 4248 1867 4314 Postea
1899 4247 2029 4313 subiieit
2064 4245 2168 4312 Deam

173 4331 260 4413 ipsos
300 4329 475 4396 desaisisse
513 4331 554 4396 ad
594 4334 854 4415 superstitiones,
893 4333 1023 4415 quando
1064 4335 1145 4400 satis
1195 4334 1361 4400 immane
1388 4354 1483 4416 anper
1510 4354 1561 4400 eos
1587 4334 1682 4400 eaba
1703 4332 1851 4414 foederis,
1880 4332 1942 4396 hoe
1963 4341 2023 4411 est,
2053 4332 2168 4396 minas.

173 4416 640 4568 tlttq“still-,ltili
654 4421 722 4569 if
734 4419 1143 4586 futtilitatis·
1196 4418 1792 4588 lttttftttt*sitiit
1805 4415 2167 4570 ttltltttltt

174 4586 253 4651 nihil
287 4587 376 4653 aliud
410 4523 659 4672 tempestulasse
688 4589 810 4655 sfiliis
841 4587 992 4654 Abrabae
1020 4589 1082 4654 nisi
1110 4555 1144 4656 ai
1196 4555 1304 4674 posuit
1332 4611 1391 4673 pro
1419 4589 1500 4673 ipsis
1522 4586 1585 4654 Dei
1616 4589 1812 4673 praeseptis:
1843 4610 1930 4655 nuno
1958 4595 2068 4653 autem
2091 4585 2168 4668 quia

173 4671 319 4738 audirent
345 4693 448 4741 oseem
473 4693 574 4739 saara
619 4675 736 4738 Postea
759 4675 915 4757 sequitur,
947 4675 1020 4739 Non
1040 4680 1144 4740 menen
1196 4674 1328 4740 videbat
1360 4675 1526 4758 negotium
1559 4675 1621 4740 sibi
1654 4695 1724 4741 esse
1756 4695 1828 4740 eum
1857 4673 2045 4739 hominibus
2073 4690 2166 4754 prae·

173 4756 339 4823 eademst
377 4759 503 4844 (videor
539 4761 624 4824 enim
656 4758 741 4823 mihi
772 4759 852 4824 bueo
885 4761 994 4823 omnia
1027 4758 1143 4842 legisse
1195 4760 1316 4835 fruetis,
1344 4770 1378 4826 et
1406 4761 1462 4843 qui
1490 4781 1555 4826 non
1581 4769 1692 4826 esseut
1714 4759 1813 4825 ullius
1834 4759 2001 4826 doetrinae
2022 4776 2166 4837 napaeas,

172 4852 336 4924 postrema
362 4843 514 4931 leetione)
542 4864 603 4910 non
629 4849 731 4909 tamen
759 4843 939 4926 sudumst,
969 4845 1087 4926 inquit,
1116 4850 1145 4909 et
1195 4845 1266 4910 ideo
1298 4845 1466 4911 deseendit
1499 4845 1541 4911 ad
1574 4845 1696 4911 mines:
1730 4846 1822 4911 Deus
1855 4847 1942 4910 enim
1976 4839 2166 4924 praeseribit

171 4945 235 4992 nen
253 4927 415 5013 [ἱππικὴ
437 4931 493 4996 sel
510 4951 574 4996 uon
593 4929 793 4995 ineliuarunt
814 4949 922 4993 aarum
943 4948 1043 4994 saara
1077 4928 1143 4997 Hie
1194 4930 1271 5013 quid
1293 4931 1364 4997 fieri
1385 4930 1472 4996 velit.
1516 4930 1590 4997 Hae
1612 4939 1663 4996 est
1682 4930 1823 5013 primum
1846 4931 1879 4994 in
1902 4929 1989 5012 lage:
2019 4939 2052 4991 et
2075 4924 2166 5024 addit

171 5012 332 5097 propbeta
359 5035 423 5080 non
474 5035 572 5082 ausos
595 5023 723 5079 tantum
745 5013 895 5078 homines
918 5025 1048 5080 eeeusat
1069 5035 1143 5081 een·
1194 5016 1293 5080 etiam
1321 5034 1388 5080 nen
1419 5020 1546 5081 tantum
1574 5014 1711 5082 blandas
1739 5014 1962 5094 invitationes,
1991 5011 2048 5092 sed
2073 5031 2165 5094 quaer

171 5100 344 5176 tumaeiae,
366 5098 421 5165 sed
444 5035 525 5166 dieis
546 5121 587 5165 ex
610 5119 673 5183 que
695 5098 855 5181 redempti
878 5100 1017 5179 fuerant,
1038 5101 1142 5165 omni·
1193 5101 1372 5178 illeeebras,
1401 5109 1438 5165 ut
1466 5101 1617 5168 aeueiliet
1642 5101 1705 5167 sibi
1726 5102 1851 5166 animos
1873 5097 2053 5163 bominum.
2099 5095 2164 5162 Sed

171 5188 232 5254 bus
271 5183 409 5251 saeeulis
447 5185 546 5251 fuisse
582 5184 721 5251 rebelles
753 5185 832 5249 Dae.
888 5182 933 5247 Et
965 5193 1144 5267 exaggerat
1193 5185 1249 5252 ubi
1271 5183 1399 5250 nullum
1421 5194 1473 5252 est
1492 5186 1647 5264 studium,
1673 5186 1764 5252 nulla
1786 5205 1863 5251 eure
1884 5182 2063 5263 obediendi,
2087 5193 2165 5247 tune

171 5273 295 5341 erimen
324 5269 423 5353 illud,
457 5271 542 5352 quod
570 5290 635 5336 non
663 5268 882 5336 inclinaverint
909 5288 1019 5336 aaran
1040 5289 1143 5336 suan
1194 5269 1360 5336 deseendit
1392 5268 1433 5336 ad
1466 5272 1582 5339 minas.
1632 5271 1815 5355 Propheta,
1847 5268 1998 5352 quamvis
2026 5267 2164 5352 prornis-
