5118 6136
213 451 276 516 613
910 451 958 516 IN
980 451 1229 518 IEREMIAM.
1276 449 1374 517 OAP.
1398 451 1513 518 XXX.
1871 506 1874 511 .
2155 460 2221 526 614

211 645 291 703 runt
311 636 470 704 adversus
492 639 607 716 Deum,
638 655 676 702 ao
697 635 726 702 si
747 635 830 700 nihil
852 645 963 720 posset
984 636 1116 703 adversi
1138 659 1190 704 ao·
1241 638 1356 703 badad.
1398 638 1528 704 Scimus
1549 638 1659 706 deoem
1682 638 1786 706 tribns
1804 639 1959 708 shduotas
1981 641 2083 710 fuisse
2104 646 2138 711 io
2162 669 2219 714 ex·

212 722 335 790 sidere:
375 744 507 790 rursum
546 724 600 790 uhi
634 741 709 805 spes
741 743 796 787 eos
828 733 861 786 et
894 743 1048 805 perversa
1081 724 1190 806 opinio
1242 723 1370 789 silium:
1403 726 1548 790 restabat
1570 726 1675 791 tribue
1697 725 1863 806 Iehndah,
1895 736 1928 792 et
1950 728 2084 795 dimidia
2114 731 2219 800 tribus

211 811 369 874 frustrata
391 819 457 883 est,
487 821 565 875 tune
594 827 728 892 prorsus
755 808 1002 888 exanimantur,
1031 810 1078 872 ita
1108 808 1190 875 nihil
1242 809 1435 874 Beniamin:
1466 819 1635 894 ponuntur
1657 831 1735 893 ergo
1762 810 1874 878 dsoem
1904 814 2019 894 tribue,
2049 825 2081 881 et
2112 827 2217 884 totum

212 894 317 962 solatii
340 893 529 977 admittunt,
551 895 608 960 sed
631 914 702 959 sese
720 893 916 977 demergunt
937 895 971 958 in
992 894 1189 978 protundum
1242 915 1381 980 regnum
1410 895 1513 960 Israel
1542 897 1652 979 priore
1680 895 1750 962 loeo
1778 898 1832 963 hio
1860 901 2033 980 statuitur,
2064 905 2218 985 quoniam

212 980 457 1063 desperationis.
491 980 634 1045 Videbat
653 979 713 1044 hoo
728 978 820 1043 Deus
843 980 989 1044 futurum
1008 981 1042 1043 in
1060 980 1189 1064 populo,
1243 980 1370 1064 longius
1409 982 1515 1046 fuerat
1557 982 1708 1047 exsilium
1745 983 1879 1050 Israelis
1919 1005 2017 1068 quam
2057 987 2236 1057 Iehudah.'

212 1067 276 1131 nisi
299 1066 429 1129 obviam
453 1066 575 1131 ivisset.
613 1062 704 1147 Ergo
725 1065 778 1129 hio
801 1066 954 1146 proponit
975 1066 1133 1148 optimum
1157 1076 1190 1130 et
1242 1066 1362 1131 Postea
1383 1068 1540 1150 sequitur,

211 1151 418 1236 aptissimum
437 1151 626 1228 remedium,
651 1170 768 1232 nempe
787 1159 824 1213 nt
844 1149 1012 1234 propheta,
1035 1151 1189 1232 quoniam

212 1236 294 1301 nihil
316 1238 497 1318 profeoerat
519 1235 691 1318 loquendo,
721 1235 859 1312 sorihet,
891 1246 925 1298 st
947 1235 1075 1319 redigat
1096 1239 1187 1317 quasi
1326 1263 1357 1326 4·
1380 1259 1428 1328 H,
1449 1283 1520 1327 ,ero
1540 1267 1614 1328 ,ung
1633 1281 1804 1348 sermeg,
1834 1285 1911 1348 quos
1932 1267 2077 1349 loquutus
2101 1273 2146 1335 esp
2168 1269 2218 1335 10.

210 1325 245 1425 Ψ
280 1333 353 1424 Ψ
389 1342 602 1422 q¹¹⁰⁰⁰⁰¹¹ql¹⁰
642 1323 794 1420 ¹⁰q¹¹i¹⁸¹¹⁸
831 1322 953 1396 fumi·
994 1341 1112 1404 ¹¹⁰mp⁰
1152 1331 1188 1387 Ἦ
1239 1347 1340 1413 novat
1362 1349 1400 1413 de
1422 1348 1544 1414 Israele
1576 1347 2218 1435 etIebndab(velad1sraelemetad

212 1408 343 1476 hrennro
365 1408 477 1492 elapso
499 1407 655 1490 colligant
674 1426 810 1482 ammos,
838 1417 870 1470 et
892 1417 1064 1490 postquam
1087 1427 1188 1491 agno·
1240 1433 1432 1520 Idumam:

213 1495 322 1561 verint
339 1514 374 1560 se
394 1495 493 1558 luisse
509 1493 661 1576 deeeptus
676 1513 695 1557 a
711 1491 935 1568 nebulonibus,
959 1502 993 1556 et
1008 1492 1054 1556 ita
1072 1495 1187 1557 merito
1325 1535 1356 1602 5¹
1381 1535 1466 1602 Certe
1492 1536 1540 1600 aa
1565 1535 1643 1601 Mt
1672 1535 1824 1618 lem,
1861 1537 1971 1606 Vocem
1998 1541 2219 1622 trepidationis

354 1578 1188 1747 “stt
1241 1622 1437 1700 oon
1915 1623 1982 1710 o
2185 1637 2218 1691 οι

210 1753 415 1836 promissam,
433 1769 539 1831 neque
555 1770 686 1831 prorsus
698 1746 920 1830 despondeant
934 1749 1067 1814 animos.
1095 1748 1187 1816 Haeo
1241 1728 1304 1772 ⁰⁰¹¹
1328 1707 1446 1792 ΜΒΓ
1482 1810 1520 1823 ..
1733 1811 1768 1824 Ι·
1971 1813 1976 1826 .

210 1839 314 1920 igitur
335 1837 419 1902 ratio
441 1845 491 1900 est
512 1855 571 1900 our
593 1835 702 1899 iussus
732 1835 831 1902 fuerit
858 1833 1018 1916 propheta
1045 1835 1187 1900 soriam
1326 1811 1356 1874 6.
1384 1810 1564 1908 inquirite,
1597 1815 1626 1910 at
1666 1815 1796 1891 nepem
1828 1832 1873 1877 a„
1898 1818 2010 1911 ΡΜ
2040 1814 2217 1880 mamm,

210 1942 378 1988 sermones
400 1940 480 2003 qnos
502 1941 558 1984 ore
580 1920 769 2002 protulerat.
802 1919 899 1986 Nuno
921 1920 1077 2002 quoniam
1099 1928 1187 1986 tene-
1238 1915 1337 1978 dm
1357 1895 1425 1960 vult
1446 1901 1568 1995 tutides
1588 1916 1673 1963 veros
1703 1895 1851 1963 mnnebna
1864 1918 1948 1997 'ants
1973 1918 2067 1981 super
2084 1898 2216 2000 'lumbos

210 2029 284 2074 mus
306 2008 369 2071 Dei
392 2005 582 2087 eonsilium,
613 2004 776 2070 diseamus
797 2005 826 2069 si
856 2006 985 2087 qnando
1015 2007 1187 2089 eontigerit
1238 1986 1388 2062 tunquam
1412 1980 1627 2081 parturiens?
1663 1979 1759 2079 (solet
1792 1983 1923 2083 mulier,
1955 1983 2214 2051 subtrahendum

210 2095 304 2159 nobie
327 2113 446 2172 errare,
468 2092 582 2174 va‘gari
605 2102 679 2172 poet
701 2091 799 2156 falsus
820 2091 1090 2174 imaginationes,
1119 2110 1186 2156 non
1239 2079 1298 2150 ⁶⁸b
1322 2066 1373 2133 VOl
1398 2079 1494 2132 ⁸1011t1
1513 2068 1599 2166 solet
1619 2067 1737 2160 multer
1758 2068 1970 2168 parturiens),
2000 2076 2214 2168 etneonveeane

209 2180 349 2244 ahiiosrs
370 2177 444 2242 ideo
466 2197 559 2260 spem
576 2176 708 2241 salutis:
732 2176 885 2258 qnoniam
910 2176 1059 2241 videmus
1077 2175 1186 2242 Deum
1238 2157 1312 2218 Stmi
1331 2172 1434 2218 oms
1453 2153 1552 2235 faetet
1572 2153 1782 2234 inpellerent
1802 2153 1868 2239 (val
1891 2175 1925 2218 ιιι
1948 2175 2147 2239 uoraginem,
2177 2167 2214 2221 ut

210 2264 411 2330 hiumam
429 2264 596 2346 ponqgem
616 2261 811 2337 ommibus,
830 2271 863 2326 οι
880 2262 936 2344 qui
954 2273 1069 2346 ,ponte
1086 2263 1184 2328 ,tiam
1239 2238 1294 2303 ulii
1317 2248 1467 2304 vertunt:
1488 2238 1546 2304 sed
1569 2259 1686 2304 nomen
1708 2239 1842 2320 palloris
1863 2239 1981 2305 melius
2003 2241 2182 2326 eonvenit).

210 2371 281 2416 sese
310 2350 514 2432 proiecerant
543 2349 577 2411 in
611 2348 759 2412 exitium.
802 2347 952 2411 Fuerant
984 2348 1072 2412 enim
1106 2349 1186 2414 satis

210 2455 372 2519 superque
402 2435 561 2498 admoniti
591 2454 610 2496 a
641 2432 727 2498 veris
756 2441 790 2497 et
818 2431 970 2498 fidelibus
999 2433 1184 2518 prophetis:
1323 2435 1424 2499 Huno
1445 2435 1551 2500 looum
1573 2441 1641 2498 mm
1662 2434 1778 2500 Iudaei
1800 2455 1895 2518 quam
1918 2433 2099 2501 Christiani
2124 2455 2214 2518 pror-

209 2541 306 2587 aures
334 2519 466 2584 illorum
497 2518 627 2582 inerant
652 2519 852 2597 obstructae,
887 2519 985 2584 oorda
1012 2519 1185 2605 obstinata,
1238 2541 1295 2587 sus
1317 2528 1543 2602 oorrumpunt,
1573 2520 1650 2602 quia
1671 2526 1826 2604 torquent
1848 2520 1890 2586 ad
1911 2529 2040 2604 tempus
2063 2521 2213 2601 Messias,

208 2615 375 2673 ettamen
404 2624 505 2686 quum
532 2602 696 2668 voluerint
724 2606 830 2684 perire
861 2605 954 2685 quasi
977 2604 1053 2669 data
1075 2626 1184 2690 opera,
1238 2617 1271 2672 et
1294 2627 1394 2690 quum
1417 2605 1474 2672 vix
1497 2624 1562 2669 nno
1584 2607 1620 2669 in
1650 2605 1720 2671 looo
1747 2606 1928 2690 seripturee
1957 2606 2045 2670 inter
2075 2625 2110 2670 ae
2133 2607 2214 2672 alius
2351 2657 2353 2662 -

209 2690 359 2758 videmus
380 2697 419 2754 ut
441 2690 533 2754 Deus
561 2690 648 2770 ipsos
670 2699 800 2753 rovooet
826 2689 1051 2754 nihilominus.
1093 2691 1185 2758 Dioit
1236 2692 1456 2771 consentiant,
1485 2689 1538 2754 hio
1567 2698 1678 2756 tamen
1706 2692 1789 2756 mire
1817 2692 1906 2756 inter
1935 2692 2022 2774 ipsos
2050 2692 2213 2758 eosvenit.

208 2789 319 2843 antem
337 2776 445 2840 Deum
467 2775 599 2839 iussisse
620 2778 655 2840 ut
674 2773 818 2839 scriberet
838 2775 875 2840 in
896 2773 974 2841 libro
996 2795 1101 2841 omnes
1121 2797 1184 2843 ser-
1237 2775 1313 2854 Sed,
1336 2774 1607 2860 quomadmodum
1630 2777 1695 2841 iam
1718 2775 1796 2855 dixi,
1825 2776 2013 2860 longissime
2042 2775 2214 2842 disoedunt

207 2881 312 2929 mones
348 2880 427 2943 qnos
461 2859 627 2925 oudinet:
667 2871 698 2924 et
732 2860 878 2942 sequitur
907 2862 1005 2935 ratio,
1038 2863 1186 2943 qnoniam
1237 2883 1257 2928 a
1287 2862 1428 2944 genuino
1458 2861 1636 2944 prophetae
1664 2881 1773 2926 sensu.
1823 2862 1985 2926 Referunt
2011 2880 2124 2926 omnes
2152 2861 2214 2928 hoo

208 2967 271 3015 eeee
291 2947 419 3012 neninnt
439 2946 517 3028 dies,
538 2945 616 3010 dicit
639 2945 785 3026 Iebovub,
807 2945 922 3028 qnibne
943 2947 1091 3012 retineam
1112 2967 1185 3029 eup-
1239 2947 1429 3014 vatioinium
1453 2946 1493 3011 ad
1517 2957 1646 3030 tempus
1670 2946 1825 3012 Moesiae:
1850 2945 1907 3012 sed
1929 2947 1956 3010 ei
1979 2947 2051 3028 quis
2069 2944 2214 3028 pruden-

207 3033 358 3099 tivitutem
373 3031 486 3114 populi
507 3032 568 3096 mai
591 3031 696 3096 Israel
716 3037 745 3096 et
767 3031 918 3095 Iebndutt.
958 3029 1081 3097 Subest
1100 3037 1184 3097 anti·
1238 3041 1290 3098 ter
1321 3033 1487 3116 expendat
1519 3039 1624 3096 totum
1658 3041 1864 3115 oontextum,
1899 3031 1993 3096 iaoile
2022 3031 2103 3096 mihi
2137 3030 2213 3096 sub·

209 3119 313 3184 thesis
335 3119 422 3182 inter
444 3118 701 3191 restitutionem,
729 3119 823 3182 ouius
853 3115 905 3181 hio
928 3118 965 3180 lit
987 3119 1122 3194 mentio,
1153 3129 1186 3184 et
1237 3119 1365 3198 soribat,
1389 3118 1581 3202 prophetam
1602 3117 1726 3184 soilioet
1754 3117 1925 3200 eompleeti
1954 3136 2115 3182 summam
2144 3117 2215 3183 eius

207 3205 299 3269 illam
322 3203 362 3268 de
385 3222 448 3285 qua
470 3202 586 3284 nugati
604 3203 733 3265 luerent
752 3200 1060 3285 psendoprophetae,
1083 3225 1185 3285 quum
1238 3204 1412 3280 doetrinae,
1428 3201 1666 3285 quampridem
1682 3203 1821 3286 populns
1838 3204 1965 3267 exeius
1982 3221 2039 3268 ore
2056 3201 2214 3268 audierat

251 3288 366 3372 polum
401 3287 587 3352 animarent
620 3287 662 3351 ad
702 3285 855 3351 fiduoiem
894 3286 1009 3353 oeleris
1048 3291 1183 3356 reditus.
1239 3290 1354 3355 Priore
1387 3288 1488 3373 igitur
1521 3288 1668 3352 membro
1690 3287 1894 3354 demonstrat
1916 3309 1952 3354 se
1985 3289 2215 3353 oonoionatum

240 3395 295 3439 am
327 3373 602 3458 quemadmodum
635 3371 719 3447 dixi,
759 3380 830 3436 erat
867 3372 1025 3454 quaedam
1065 3375 1185 3441 mentis
1237 3377 1338 3441 luisse
1360 3373 1400 3440 de
1423 3373 1566 3439 vindiotu
1590 3374 1664 3452 Dei,
1686 3393 1768 3456 quae
1789 3373 1935 3440 instabat
1956 3373 2085 3458 populo.
2131 3373 2214 3438 Bre-

208 3459 349 3524 ebrietas
371 3458 428 3522 illa
446 3469 655 3541 praepostera
677 3457 805 3533 fidutia,
830 3476 931 3539 qnnm
955 3459 1186 3542 intempestive
1237 3461 1324 3526 viter
1345 3469 1455 3524 autom
1479 3458 1539 3525 hoo
1561 3459 1745 3524 membrum
1775 3459 1984 3544 perstringit,
2014 3461 2090 3541 quia
2118 3479 2214 3541 prse-

208 3545 323 3610 Iudaei
346 3543 467 3610 vellent
489 3543 596 3608 redire
624 3542 658 3606 in
687 3542 841 3625 patriam.
886 3543 983 3610 Nune
1012 3557 1185 3628 postquam
1237 3550 1330 3630 oipue
1352 3545 1483 3611 volebat
1504 3546 1616 3611 levare
1639 3544 1805 3610 tristitiam
1836 3545 1945 3628 populi
1975 3544 2105 3609 atflioti:
2137 3563 2213 3608 nam

208 3628 363 3696 viderunt
384 3649 419 3694 se
441 3649 512 3693 esse
534 3629 695 3709 deceptos,
719 3639 847 3692 tantum
867 3628 1011 3694 restabat
1032 3631 1183 3713 despera·
1236 3651 1367 3714 semper
1400 3629 1578 3696 nomndum
1615 3638 1680 3709 est,
1720 3650 1875 3712 quorsum
1907 3629 2067 3714 propheta
2105 3629 2214 3694 iussus

208 3716 264 3780 tio.
299 3715 365 3779 Hio
387 3734 465 3797 ergo
487 3714 646 3795 propheta
669 3734 725 3778 eos
747 3713 788 3777 ad
813 3714 1069 3780 moderationem
1092 3736 1183 3782 revo-
1237 3719 1336 3782 fuerit
1373 3715 1530 3780 mandare
1570 3714 1674 3780 literis
1713 3714 1798 3781 hano
1840 3715 2006 3782 doetrinae
2040 3733 2213 3791 summam,

207 3809 270 3880 oet,
291 3819 409 3884 nempe
431 3807 469 3863 ut
491 3799 597 3864 eoiant
618 3798 726 3864 Deum
749 3799 818 3864 fore
841 3821 989 3865 versoem
1012 3811 1184 3884 postquam
1236 3823 1354 3884 nempe
1376 3811 1415 3866 nt
1443 3799 1564 3883 aliquid
1595 3799 1701 3865 solatii
1722 3804 1911 3884 suppeteret
1933 3799 2101 3866 exsulibus
2124 3807 2214 3882 post-

206 3887 335 3969 experti
356 3892 434 3951 sunt
463 3904 498 3950 ee
529 3895 651 3949 temere
680 3885 782 3949 luisse
812 3884 979 3968 amplexos
1006 3886 1092 3967 qnod
1123 3888 1183 3951 im·
1236 3909 1333 3970 quam
1366 3886 1494 3969 experti
1530 3886 1659 3950 fuerant
1692 3907 1727 3951 se
1760 3887 1859 3951 fuisse
1895 3885 1994 3949 nimis
2025 3884 2213 3963 obstinatos,

206 3980 354 4054 postores
376 3990 418 4035 ex
445 3989 504 4035 suo
533 3991 631 4035 sensu
662 3969 873 4052 protulerant.
917 3969 1077 4036 Videmus
1105 3992 1183 4057 ergo
1236 3993 1338 4055 quum
1361 3982 1428 4036 tem
1457 3970 1553 4119 longo
1584 3979 1729 4054 tempore
1759 3991 1927 4055 nunquam
1956 3969 2096 4036 fuissent
2125 3970 2215 4050 flexi,

205 4057 261 4123 hio
283 4057 353 4122 lieri
382 4056 513 4122 tuoitam
541 4056 817 4137 comparationem
847 4065 955 4120 sertae
983 4055 1183 4122 liberationis
1237 4057 1288 4123 vel
1323 4055 1454 4123 adduoti
1486 4077 1505 4121 e
1560 4056 1827 4138 resipisoentism.
1877 4055 2044 4140 Propheta
2075 4053 2215 4122 antehae

207 4162 305 4224 qnam
328 4140 490 4225 pollioitue
512 4141 617 4205 luerat
639 4141 748 4218 Deus,
779 4149 813 4204 et
842 4140 929 4205 illius
951 4161 1129 4222 perversae
1151 4155 1184 4208 et
1236 4143 1362 4226 prolixe
1385 4141 1539 4207 disseruit
1565 4140 1607 4205 de
1636 4141 1811 4207 soeleribus
1841 4141 1971 4224 populi,
1999 4145 2034 4205 et
2062 4143 2215 4208 inventus

206 4227 343 4292 stolidae
364 4227 434 4308 spei
455 4247 520 4308 qua
547 4227 692 4291 imbutus
720 4225 828 4290 luerat
855 4227 1006 4310 populus.
1057 4227 1184 4295 Venient
1235 4239 1285 4293 est
1307 4227 1419 4292 multis
1442 4225 1549 4292 verbis
1571 4226 1731 4292 adversus
1753 4247 1864 4292 eornm
1887 4225 2151 4310 obstinationem,
2181 4235 2215 4292 et

206 4332 286 4396 ergo
306 4312 382 4378 dies.
428 4312 513 4376 Nam
538 4311 707 4376 biennium
731 4313 837 4377 visum
867 4313 974 4377 fuerat
1000 4312 1183 4398 abripuisse
1235 4313 1333 4378 simul
1366 4311 1511 4378 ostendit
1542 4331 1638 4395 quam
1673 4331 1791 4397 graves
1820 4321 1853 4378 ot
1882 4312 2056 4377 horribiles
2088 4332 2214 4394 poenae

206 4417 335 4463 omnem
365 4396 527 4474 fidutiam,
556 4399 634 4478 quia
667 4397 759 4462 affixi
793 4409 886 4462 erant
916 4398 1084 4464 tellaoibus
1116 4399 1182 4464 illie
1234 4401 1321 4481 ipsos
1356 4405 1536 4463 manerent.
1588 4397 1757 4479 Inorepnit
1789 4397 1890 4481 igitur
1927 4397 2087 4482 propheta
2116 4397 2214 4481 longo

207 4482 390 4561 vatioiniis,
413 4481 586 4547 Deusvos
608 4482 757 4547 restituet
779 4491 852 4565 post
881 4483 1058 4549 biennium.
1103 4485 1183 4550 Post
1234 4503 1386 4550 sermone
1408 4481 1582 4567 populum,
1612 4493 1645 4548 et
1673 4481 1819 4566 qnotidie
1848 4484 1956 4549 iussus
1982 4484 2044 4548 tuit
2065 4491 2214 4567 repetere

206 4569 307 4633 finem
339 4567 429 4633 illins
462 4567 618 4649 temporis
651 4576 720 4631 tote
755 4588 830 4650 spes
866 4569 980 4651 populi
1012 4569 1182 4636 oonoidere
1235 4569 1372 4635 eandem
1396 4568 1605 4634 uentilenam:
1633 4568 1690 4633 sed
1720 4568 1885 4647 nonsibi,
1916 4590 1977 4634 neo
2007 4588 2085 4634 suae
2112 4567 2214 4633 aetati

205 4663 340 4737 poterat
386 4654 553 4737 Propheta
573 4654 673 4736 igitur
695 4653 748 4718 hio
775 4667 895 4737 purgat
923 4674 1065 4718 errorem
1088 4655 1182 4719 illum
1235 4655 1420 4740 praeeipue,
1450 4673 1555 4735 neque
1577 4652 1727 4719 senibus:
1759 4653 1816 4718 sed
1846 4661 2014 4737 postquam
2039 4654 2131 4718 Deus
2159 4675 2214 4718 ex·

207 4759 271 4821 qno
293 4749 468 4822 oooupntae
491 4739 620 4802 fuerant
642 4756 753 4802 eornm
778 4749 920 4818 mentes,
951 4747 984 4802 st
1013 4737 1091 4804 dieit
1114 4742 1184 4806 dies
1234 4740 1360 4805 oiderat
1381 4738 1540 4820 templum
1562 4746 1596 4803 et
1617 4738 1740 4817 urbem,
1763 4738 1868 4806 uoluit
1890 4741 2026 4805 miseras
2048 4737 2214 4804 oonsoien-

205 4829 359 4902 omboes,
381 4824 493 4905 quittae
514 4823 605 4890 Dens
621 4825 776 4903 populum
796 4843 892 4890 sunm
912 4824 1054 4904 redinant,
1082 4835 1116 4890 et
1137 4827 1183 4892 its
1235 4829 1297 4890 ties
1314 4825 1438 4900 fulsire,
1459 4844 1541 4908 quae
1559 4823 1682 4906 alioqui
1696 4833 1849 4907 poterant
1863 4824 2091 4908 desperatione
2108 4823 2213 4889 obrui.

206 4909 336 4992 oblique
376 4909 502 4974 deridet
541 4909 713 4976 stultitiam
750 4909 877 4990 populi,
919 4920 952 4973 et
991 4911 1183 4994 perstringit
1235 4911 1328 4976 Haeo
1360 4911 1462 4994 igitur
1494 4909 1577 4974 ratio
1610 4917 1661 4975 est
1699 4931 1757 4975 our
1789 4911 1900 4994 psuois
1939 4917 2069 4974 tantum
2103 4908 2213 4978 verbis

206 5014 319 5060 eorum
343 4994 583 5077 improbitatem
603 4995 657 5076 qni
678 4993 748 5058 ansi
763 4995 893 5058 fuerant
908 4995 1097 5077 promittere
1115 5008 1183 5062 tam
1236 4997 1379 5079 attingat
1401 4995 1560 5078 propheta
1581 4993 1780 5074 vindiotam,
1811 5015 1893 5078 quae
1920 4998 2077 5078 populum
2100 5013 2212 5061 mane·

206 5080 346 5145 oelerem
369 5079 521 5144 reditum.
555 5079 651 5144 Nuno
674 5101 751 5161 ergo
765 5079 913 5144 videmus
936 5100 994 5145 our
1012 5079 1099 5147 dieat
1117 5082 1185 5148 dies
1235 5083 1301 5147 bat.
1345 5080 1438 5146 Haeo
1460 5089 1572 5146 nmen
1598 5080 1741 5148 brevitas
1769 5079 1867 5164 plena
1895 5091 1945 5145 eet
1974 5080 2212 5164 vehementiae,

206 5170 368 5231 venturos:
389 5167 465 5248 quia
486 5167 648 5229 exstinota
670 5173 742 5230 erat
764 5165 869 5229 omnis
891 5185 967 5248 spes
990 5178 1062 5248 post
1084 5168 1181 5232 tinem
1235 5166 1511 5250 quemadmodum
1541 5166 1746 5232 videbimus:
1779 5164 1835 5232 sed
1868 5163 1965 5250 longe
1996 5165 2127 5231 uberior
2163 5176 2213 5232 est

205 5249 345 5330 biennii,
374 5249 437 5314 nisi
467 5250 661 5315 ooourrisset
690 5251 788 5316 Deus.
841 5249 970 5316 Venient
1002 5271 1079 5336 ergo
1115 5252 1184 5319 dies
1235 5253 1272 5317 in
1293 5252 1437 5319 seounda
1460 5261 1561 5336 parte,
1584 5271 1702 5334 nempe
1723 5259 1761 5316 ut
1775 5249 1916 5336 populns
1939 5271 2003 5316 non
2021 5252 2213 5318 snooumbet

206 5336 319 5420 qanta
339 5335 485 5404 reducem
505 5335 715 5420 captiuitatem
732 5336 846 5419 pepedi
873 5337 935 5400 nni
957 5335 1064 5404 Israel
1083 5344 1111 5403 et
1132 5339 1182 5404 Ie·
1208 5335 1212 5388 ¹
1236 5337 1394 5418 eladibus,
1416 5336 1473 5404 sed
1495 5339 1531 5402 in
1554 5337 1662 5403 media
1683 5341 1788 5403 morte
1810 5336 1893 5404 bene
1920 5346 2046 5421 speret,
2074 5338 2139 5403 imo
2160 5338 2210 5401 in-

1950 5438 2003 5494 39*
