5158 6124
351 441 414 508 391
1165 443 1554 511 Paauuacutottus
2295 445 2358 512 392

355 631 411 699 Sic
433 652 512 716 ergo
534 653 632 718 saepe
653 655 706 700 res
729 637 762 701 in
787 638 911 703 mundo
934 636 1084 703 turbatae
1105 642 1184 701 sunt
1206 639 1243 697 nt
1265 653 1330 697 non
1383 631 1541 697 demeres
1574 651 1649 698 suos
1683 640 1715 698 et
1749 633 1905 700 ululatus.
1961 634 2087 700 Verum
2122 632 2280 716 propheta
2311 634 2358 700 sio

353 717 517 800 possimus
545 720 728 787 discernere
750 743 793 786 ex
815 724 979 804 praesenti
1009 730 1098 787 statu
1121 721 1208 786 inter
1231 719 1331 782 bonos
1383 737 1457 782 oum
1481 717 1562 801 ipsis
1585 720 1662 802 agit,
1685 721 1761 802 quia
1778 717 1910 786 videbat
1924 740 1995 785 esse
2010 739 2145 804 prorsus
2160 719 2358 802 desperatos.

353 808 388 868 et
410 804 523 869 malos.
568 805 635 872 Sed
659 819 767 872 tamen
795 829 924 892 semper
952 807 1150 890 principium
1177 803 1260 869 illud
1283 813 1331 867 te·
1383 801 1518 886 Indigni
1557 805 1660 887 igitur
1691 816 1788 870 erant
1822 805 1940 888 quibus
1973 805 2066 870 daret
2098 805 2287 884 consilinm,
2324 813 2359 870 st

355 909 435 954 nere
456 893 624 969 convenit,
653 891 720 958 Ubi
743 903 884 976 negatur
906 893 1030 958 homini
1061 892 1241 974 sepultura,
1272 888 1333 952 hoe
1384 909 1465 970 qnos
1487 888 1629 954 fideliter
1650 899 1809 957 moneret.
1849 889 1929 956 Ideo
1951 891 2095 973 oportuit
2116 891 2238 957 ironice
2259 890 2359 957 rideri

353 995 426 1040 ease
454 975 587 1058 signum
615 977 852 1044 maledictionis
876 979 950 1044 Dei.
993 978 1067 1043 Hoc
1089 976 1222 1043 oonsilio
1244 994 1333 1039 nuno
1384 975 1528 1056 ipsorum
1552 975 1760 1054 dementiam,
1782 976 1869 1058 qnod
1887 976 2027 1042 salutem
2043 976 2103 1042 sibi
2119 976 2359 1060 promitterent,

354 1059 435 1126 dicit
464 1061 635 1145 propheta,
667 1061 839 1144 depelletur
859 1063 1023 1144 repedare
1052 1062 1148 1128 asiai.
1192 1061 1331 1126 Asinum
1384 1078 1486 1141 quum
1518 1068 1627 1124 tamen
1656 1082 1721 1126 non
1750 1061 1939 1128 desinerent
1966 1080 2143 1144 provocare
2170 1063 2205 1126 in
2233 1083 2268 1126 se
2294 1062 2358 1127 Dei

353 1145 447 1227 ponit
469 1144 523 1210 bie
544 1167 605 1229 pro
627 1146 758 1213 sordido
784 1149 929 1214 animali.
973 1149 1109 1213 Poterat
1131 1148 1184 1212 rel
1213 1165 1331 1228 equum
1384 1144 1571 1210 vindictam.
1616 1145 1682 1211 Sed
1711 1147 1840 1213 interea
1871 1168 2052 1213 sermonem
2075 1146 2296 1213 accommodat
2317 1146 2358 1211 ad

353 1231 408 1296 vel
432 1231 548 1296 bovem
577 1234 695 1308 dicere,
725 1234 782 1299 sed
813 1235 968 1316 quoniam
999 1234 1110 1298 asinus
1137 1240 1187 1299 est
1209 1229 1332 1296 animal
1385 1250 1496 1295 eorum
1531 1231 1675 1297 affectus.
1730 1231 1846 1315 Neque
1878 1233 1963 1297 enim
2002 1232 2137 1298 dubium
2177 1241 2241 1312 est,
2279 1233 2358 1314 quin

352 1316 531 1400 ignobilius
554 1327 587 1382 et
609 1318 714 1401 magis
743 1327 979 1402 contemptum,
1009 1318 1145 1403 perinde
1174 1327 1224 1382 est
1245 1337 1282 1381 ae
1304 1315 1332 1380 si
1384 1335 1513 1397 semper
1535 1318 1731 1383 coniecerint
1752 1319 1862 1383 oculos
1884 1316 1937 1383 vel
1959 1319 1995 1381 in
2017 1318 2218 1403 Aegyptum,
2246 1316 2297 1384 vel
2324 1319 2358 1381 in

354 1401 489 1482 diceret,
515 1402 711 1469 Proiieietnr
732 1424 800 1470 una
822 1425 896 1471 cum
919 1403 1053 1470 canibus
1076 1402 1215 1468 Ioakim.
1259 1401 1332 1467 Hoc
1385 1402 1575 1485 Assyriam,
1609 1401 1696 1467 unde
1729 1404 1906 1486 sperabant
1939 1402 2062 1485 aliquid
2091 1403 2216 1469 auxilii.
2267 1402 2360 1468 Dicit

354 1485 443 1552 haud
467 1488 564 1554 dubie
587 1489 776 1555 vaticinium
801 1490 948 1574 graviter
969 1489 1156 1556 vulneravit
1178 1508 1243 1553 non
1262 1491 1332 1551 tan·
1384 1487 1494 1571 igitur,
1518 1487 1659 1553 Ascende
1680 1508 1775 1572 stipor
1794 1493 1924 1554 montem
1946 1488 2114 1573 monam,
2139 1489 2240 1554 cuma
2259 1489 2359 1571 illinc,

355 1579 427 1637 tum
450 1573 597 1639 animum
619 1574 723 1656 ipsius
745 1577 844 1658 regie,
877 1575 933 1640 sed
957 1577 1057 1640 etiam
1087 1574 1187 1639 totius
1209 1572 1331 1656 populi.
1384 1570 1511 1648 deinde,
1533 1572 1635 1638 clama
1657 1575 1750 1640 diem
1771 1595 1810 1640 ea
1830 1579 1930 1640 monle
1950 1571 2078 1658 Basca,
2104 1579 2133 1639 et
2152 1593 2252 1639 εοεεειι
2272 1579 2359 1638 tunm

353 1655 475 1723 Adhuc
497 1660 585 1723 enim
607 1658 715 1724 stabat
736 1660 865 1743 solium,
895 1671 929 1726 et
954 1681 1067 1726 omnes
1097 1658 1333 1726 reverebantur
1383 1658 1587 1740 ercamserta
1607 1659 1667 1724 buc
1686 1665 1778 1742 etque
1798 1659 1873 1726 illac
1894 1657 1983 1745 (nam
2003 1680 2062 1742 per
2079 1660 2182 1725 latera
2202 1658 2360 1744 intelligit

354 1743 511 1808 familiam
534 1745 683 1824 Doridis,
717 1753 751 1810 et
781 1745 941 1829 putabant
974 1765 1113 1830 regnum
1146 1743 1227 1809 illud
1261 1764 1332 1809 esse
1383 1763 1497 1809 omnes
1519 1743 1656 1830 partesr)
1685 1743 1758 1828 Sea,
1779 1745 1895 1828 inquit,
1917 1745 2000 1811 nibal
2015 1745 2170 1826 proficiet,
2193 1745 2270 1826 qaia
2290 1765 2360 1812 coa·

353 1839 607 1907 sacrosanctum,
642 1831 719 1913 qnia
751 1840 837 1897 esset
865 1830 925 1896 sub
946 1830 1013 1896 fide
1035 1841 1067 1896 et
1089 1830 1235 1896 custodia
1256 1828 1331 1894 Dei.
1383 1829 1451 1894 triti
1480 1834 1555 1894 aaut
1582 1850 1686 1896 mmet
1712 1836 1868 1896 amatores
1895 1832 1953 1895 iai.
1997 1831 2052 1895 Ex
2080 1832 2146 1895 line
2167 1829 2359 1914 subigimus,

354 1911 607 2002 Sedtpropheta
635 1936 700 1980 non
723 1914 853 1981 dubitat
883 1916 1077 1981 denuntiare
1107 1914 1194 1998 quod
1219 1927 1332 1998 postea
1383 1935 1442 1997 per
1464 1914 1642 1980 ludibrium
1666 1917 1862 2000 prophetam
1885 1914 2017 1992 dixisse,
2040 1915 2182 1982 Aeneade
2203 1921 2232 1981 et
2247 1915 2359 1981 clama.

353 2011 478 2065 eventu
508 2001 755 2083 comprobatum
786 2001 858 2067 tuit.
908 2001 1034 2067 Ioalrim
1067 2003 1155 2066 enim
1185 2000 1333 2082 sepultus
1383 1999 1450 2066 Per
1472 2010 1634 2066 amatores
1656 2001 1813 2085 intelligit
1838 2011 1906 2066 tam
1929 2001 2112 2086 Aegyptios
2135 2022 2232 2084 quam
2255 2003 2359 2086 Assy·

354 2084 417 2149 luit
440 2087 610 2166 sepultura
632 2087 726 2170 asini,
755 2089 832 2169 quia
861 2087 1023 2170 proiectus
1045 2096 1095 2153 est
1117 2087 1215 2170 longe
1237 2096 1333 2150 extra
1383 2087 1465 2164 rios,
1499 2095 1532 2149 ει
1561 2085 1642 2152 alias
1673 2087 1796 2152 vicinas
1825 2097 1948 2170 gentes.
1997 2087 2112 2152 ludaei
2141 2087 2229 2153 enim
2258 2107 2360 2169 quum

353 2178 468 2253 portas
490 2171 680 2238 Ierusalem.
723 2171 790 2238 Hic
812 2173 990 2255 amplificat
1012 2172 1173 2256 propheta
1194 2173 1332 2255 ignomi·
1383 2171 1504 2253 aliquid
1537 2172 1674 2254 periculi
1703 2172 1908 2252 metuebant,
1941 2171 2089 2238 solebant
2118 2176 2292 2255 coningere
2319 2170 2362 2236 ad

354 2255 454 2332 niam,
488 2276 571 2339 quae
604 2259 713 2322 inusta
746 2258 807 2323 fuit
836 2259 906 2342 regi
935 2257 1074 2324 Ioakim.
1119 2257 1211 2323 Fieri
1244 2256 1331 2321 enim
1385 2278 1461 2322 suos
1490 2256 1632 2327 vicinos:
1663 2256 1755 2324 Deus
1783 2259 1911 2323 interea
1940 2257 1982 2322 ab
2011 2258 2093 2341 ipsis
2123 2258 2361 2341 negligebatur,

354 2346 482 2423 poterat
503 2353 708 2408 utmertuna
729 2344 763 2407 in
783 2343 900 2408 itinere
923 2344 1180 2425 relinqueretur:
1203 2341 1333 2408 sedhic
1385 2352 1418 2406 et
1459 2343 1521 2408 bae
1560 2344 1687 2408 ratione
1729 2354 1889 2409 vocantur
1928 2348 2093 2410 ertatem
2147 2342 2239 2409 Deus
2272 2344 2360 2408 enim

353 2426 478 2509 aliquid
497 2427 631 2511 gravius
649 2429 806 2510 exprimit
824 2428 993 2511 propbeta,
1017 2428 1195 2512 Traheado,
1215 2427 1331 2512 inquit,
1385 2427 1602 2510 desponderet
1629 2429 1690 2494 sibi
1720 2428 1878 2513 populum
1906 2428 2017 2493 illumr
2046 2428 2119 2494 ideo
2147 2449 2244 2512 saepe
2267 2436 2361 2495 voest

348 2513 540 2596 prolicietur
567 2512 653 2597 lotape
681 2518 771 2578 retra
792 2519 908 2594 portae
934 2513 1154 2598 Ieroaolpmoe,
1185 2515 1246 2580 hoe
1273 2525 1331 2592 est,
1384 2535 1520 2578 uxorem
1551 2533 1661 2579 suam:
1690 2522 1725 2579 ει
1755 2515 1808 2579 hio
1836 2515 1979 2596 loquitur
2007 2515 2042 2578 in
2066 2535 2188 2599 genere
2209 2515 2359 2580 femineo.

354 2619 423 2664 non
453 2609 581 2663 tantum
611 2599 802 2681 proiieietur
822 2599 964 2678 Ioalrlm,
992 2600 1050 2665 sed
1077 2599 1228 2664 trahetur
1257 2606 1331 2663 tan·
1384 2598 1532 2682 Populus
1562 2620 1640 2684 ergo
1672 2601 1839 2666 confertur
1867 2600 2014 2682 mulieri,
2043 2609 2076 2666 et
2104 2598 2197 2666 Deus
2224 2600 2361 2681 suscipit

355 2704 451 2767 qnam
483 2683 606 2764 asinus,
637 2684 689 2751 vel
720 2685 820 2765 canis,
853 2705 894 2750 ne
923 2684 1028 2750 loetor
1056 2686 1127 2750 eius
1161 2685 1332 2766 perveniat
1385 2685 1495 2748 mariti
1528 2705 1711 2767 personam.
1763 2684 1874 2765 Quum
1904 2695 2012 2750 autem
2046 2705 2105 2768 pro
2136 2706 2197 2751 sna
2225 2684 2361 2749 libidine

354 2789 459 2852 usque
488 2768 529 2835 ad
553 2769 667 2834 urbem
697 2770 813 2853 ipsam,
843 2770 937 2853 quasi
964 2769 1121 2854 indignus
1149 2780 1236 2834 esset
1264 2788 1331 2834 non
1384 2769 1522 2852 populus
1551 2772 1844 2854 circumageretur,
1877 2780 2014 2836 vocatur
2044 2771 2161 2835 levitas
2190 2769 2247 2835 illa
2274 2790 2361 2836 soor·

353 2865 487 2920 tantum
521 2854 681 2938 sepulcro,
717 2857 773 2920 sed
803 2857 901 2920 etiam
936 2869 1070 2939 aspectu
1100 2863 1134 2918 et
1162 2855 1331 2920 vicinitate
1384 2857 1481 2920 tatio:
1516 2875 1591 2920 nam
1626 2856 1818 2939 simplicitas
1849 2855 1928 2920 fidei
1960 2863 2011 2921 est
2038 2855 2218 2937 spiritualis
2245 2863 2361 2920 nostra

353 2940 535 3006 hominum.
581 2940 627 3005 Et
648 2939 720 3005 ideo
743 2940 806 3006 hoe
835 2939 1017 3005 notandum
1048 2948 1114 3020 est,
1147 2941 1224 3022 quie
1254 2940 1332 3006 hine
1384 2942 1525 3006 castitas.
1576 2938 1862 3021 Quemadmodum
1891 2941 1979 3006 enim
2004 2941 2123 3006 mulier
2144 2961 2227 3024 quae
2254 2940 2360 3006 selum

353 3026 539 3110 colligimus
573 3035 696 3107 quanta
729 3027 827 3090 luerit
859 3025 1042 3109 pervicacia
1074 3026 1111 3090 in
1141 3025 1333 3108 spernendis
1384 3027 1538 3091 maritum
1568 3027 1716 3110 respicit,
1749 3025 1826 3092 colit
1851 3026 1947 3092 fidem
1978 3027 2179 3110 coniugalem
2209 3035 2245 3092 et
2265 3025 2361 3109 pudi-

355 3111 419 3174 Dei
441 3111 551 3187 minis,
582 3129 683 3191 quum
714 3112 876 3193 propheta
904 3131 971 3176 non
995 3113 1101 3192 potuit
1128 3113 1224 3176 aliter
1245 3112 1333 3196 regis
1385 3113 1513 3178 citiam:
1543 3112 1591 3177 ita
1618 3112 1673 3178 ubi
1702 3132 1875 3176 manemus
1897 3112 1995 3177 defixi
2018 3113 2052 3176 in
2075 3111 2144 3177 solo
2166 3111 2250 3188 Deo,
2280 3112 2360 3177 baec

355 3197 504 3260 animum
526 3194 711 3277 perpellere,
735 3202 768 3259 et
785 3195 941 3277 populum
960 3197 1090 3262 allicere
1107 3196 1215 3280 aliquo
1233 3209 1333 3275 metu,
1386 3207 1436 3263 est
1468 3196 1641 3279 pudicitia,
1675 3217 1771 3280 quam
1805 3219 1825 3262 a
1858 3199 1950 3262 nobis
1982 3199 2128 3281 flagitat:
2162 3198 2218 3263 ubi
2251 3205 2360 3262 autem

355 3279 419 3344 nisi
449 3288 665 3363 exaggeraret
695 3278 781 3345 banc
810 3279 1048 3361 indignitatem.
1097 3281 1182 3346 Nam
1212 3284 1240 3346 si
1270 3301 1333 3363 qua
1386 3282 1524 3348 salutem
1556 3282 1740 3349 hincinde
1768 3283 1918 3366 petimus,
1949 3281 2011 3348 boe
2040 3280 2360 3348 estriolarelidem

354 3365 471 3430 fuisset
500 3365 649 3430 docilitas
671 3373 738 3428 tam
761 3365 796 3429 in
818 3384 896 3448 rege
918 3385 1015 3446 quam
1038 3366 1072 3429 in
1095 3366 1224 3448 populo,
1255 3387 1332 3432 oon·
1386 3385 1483 3450 quam
1518 3367 1591 3433 Deo
1625 3368 1790 3434 debemus.
1845 3369 1936 3452 Ergo
1966 3368 2065 3433 simul
2098 3379 2197 3451 atque
2230 3368 2295 3434 bne
2328 3375 2361 3432 et

356 3459 468 3516 tentus
502 3449 619 3515 fuisset
656 3449 815 3533 propheta
852 3450 991 3533 simplici
1029 3452 1135 3516 torma
1170 3450 1334 3534 loquendi,
1384 3455 1464 3518 illuc
1486 3455 1675 3520 coniicimus
1695 3455 1823 3519 animos
1845 3465 1985 3534 nostros,
2011 3453 2073 3519 hoo
2094 3453 2230 3538 perinde
2252 3461 2302 3518 est
2324 3471 2362 3516 ae

355 3537 433 3603 Non
455 3535 632 3618 sepelietur
650 3533 789 3612 Ioakim,
811 3535 873 3601 hoc
896 3549 953 3610 eet,
977 3533 1071 3601 Deus
1093 3557 1214 3618 poenas
1237 3539 1333 3602 etiam
1385 3539 1412 3604 si
1443 3539 1563 3604 mulier
1592 3548 1765 3623 quaereret
1793 3540 1855 3605 sibi
1885 3559 1985 3623 vagas
2014 3547 2049 3604 et
2078 3544 2254 3604 extraneas
2283 3558 2361 3603 eon·

355 3625 528 3687 emortuo
550 3623 671 3706 exiget,
694 3641 757 3685 non
782 3629 912 3686 tantum
935 3621 1122 3686 maledictio
1140 3620 1205 3687 Dei
1227 3631 1333 3688 exsta·
1386 3622 1535 3690 ditiones.
1572 3624 1669 3690 Nune
1690 3645 1768 3709 ergo
1790 3633 1940 3690 tenemus
1962 3626 2121 3690 rationem
2143 3624 2361 3707 metaphorae,

357 3707 405 3772 bit
434 3715 548 3772 eontra
575 3707 690 3772 rivum
720 3716 753 3770 ει
780 3709 997 3790 superstitem,
1031 3707 1086 3773 ssd
1122 3707 1219 3772 stiam
1244 3709 1333 3773 Deus
1387 3729 1485 3792 quum
1527 3708 1688 3792 propheta
1727 3721 1894 3794 comparat
1928 3711 2109 3796 Aegyptios
2142 3718 2175 3773 et
2208 3709 2363 3794 Assyrios

356 3800 573 3875 prosequetur
610 3792 788 3857 vindictam
826 3813 920 3857 snam
956 3793 1114 3858 adversus
1150 3803 1332 3858 mortuum:
1385 3795 1597 3874 amatoribus,
1619 3795 1696 3878 quia
1716 3797 1878 3878 significat
1893 3796 2049 3877 populum
2069 3794 2173 3860 Israel
2188 3794 2251 3861 hoe
2266 3794 2363 3859 modo

356 3899 423 3943 non
446 3885 621 3943 contentus
642 3877 705 3942 luit
728 3876 789 3941 hae
810 3878 916 3942 forma
938 3877 1099 3959 loquendi,
1124 3877 1187 3944 Sed
1207 3878 1333 3960 repetr'r-
1386 3889 1565 3946 scortatum
1603 3900 1687 3957 esse,
1728 3879 2002 3962 quemadmodum
2042 3879 2117 3944 aliis
2149 3881 2227 3945 locis
2260 3880 2361 3945 etiam

355 3969 409 4030 lar
436 3968 589 4044 torquem
615 3964 740 4045 asinus,
769 3967 797 4027 er
825 3964 912 4046 longe
936 3964 1132 4046 prolicietur,
1166 3984 1272 4047 neque
1299 3963 1333 4028 id
1387 3965 1509 4032 dictum
1533 3965 1604 4030 luit.
1648 3965 1816 4048 Sequitur,

356 4049 464 4128 modo,
494 4048 673 4114 sedetiam
705 4048 856 4113 trahetur
885 4048 955 4113 eius
984 4047 1134 4127 cadaver,
1162 4049 1209 4113 ita
1232 4049 1334 4115 nteit

356 4135 523 4217 quoddam
544 4139 715 4200 aeternum
738 4133 972 4199 documentum
999 4134 1164 4200 dedecoris
1185 4142 1218 4199 et
1240 4136 1333 4219 igno-
1472 4137 1525 4201 21.
1548 4134 1713 4217 Loqatrlua
1733 4156 1805 4201 eam
1826 4140 1924 4201 traam
1943 4136 1980 4200 tra
1991 4155 2069 4216 poce
2086 4141 2142 4200 tua
2160 4135 2226 4219 (vel
2242 4136 2362 4217 quiete,

356 4221 487 4286 minias.
1386 4219 1440 4285 vel
1470 4221 1624 4285 felicitate
1654 4225 1737 4306 tna):
1771 4221 1892 4303 dixisti,
1924 4221 1998 4286 Noa
2026 4221 2173 4287 audiam:
2205 4221 2280 4286 lance
2307 4222 2363 4286 oia

1385 4310 1442 4370 tae
1468 4304 1515 4388 (id
1547 4315 1605 4380 est,
1636 4309 1729 4386 ratio,
1763 4305 1818 4370 vel
1848 4304 2061 4391 consuetudo)
2083 4328 2105 4371 a
2128 4307 2271 4390 guardia
2294 4311 2360 4388 tue,

443 4391 495 4456 20.
518 4389 659 4455 Aerem
680 4390 716 4454 ia
738 4389 908 4471 Liberam,
930 4393 957 4454 et
978 4389 1089 4471 clama,
1115 4393 1143 4453 et
1164 4390 1198 4453 iu
1220 4389 1335 4455 Bosara
1386 4390 1469 4470 qaod
1490 4409 1554 4456 aori
1574 4392 1839 4457 redemtorem
1858 4411 1967 4457 raam.

356 4479 411 4546 ede
439 4495 541 4544 aaron
568 4480 665 4556 laam,
695 4479 724 4538 ct
749 4474 850 4540 οἱαιηε
872 4496 893 4538 a
915 4474 1076 4555 armas,
1105 4474 1181 4555 qaia
1211 4475 1334 4540 matriti

355 4568 433 4630 auat
452 4581 557 4629 omnes
577 4564 731 4626 artoloree
752 4561 808 4624 tui.
1472 4561 1538 4626 Hie
1560 4562 1651 4627 Deus
1679 4562 1822 4626 ostendit
1843 4562 2000 4644 populum
2024 4582 2094 4628 esse
2117 4563 2252 4647 dignum
2275 4583 2361 4628 mer·

1386 4647 1464 4712 cede
1505 4648 1578 4725 illa,
1621 4667 1739 4729 nempe
1771 4658 1809 4710 ut
1841 4647 1953 4730 lugeat
1985 4657 2018 4712 et
2048 4647 2194 4732 undique
2226 4648 2362 4713 advocet

443 4733 589 4799 Insultat
622 4731 780 4815 propheta
812 4729 958 4808 Iudaeis,
996 4738 1030 4793 et
1063 4728 1189 4794 deridet
1219 4749 1331 4795 eorum
1387 4732 1555 4809 auxilium,
1586 4753 1646 4798 nec
1676 4751 1815 4814 usquam
1842 4735 1993 4814 reperiat.
2040 4733 2148 4815 Saepe
2177 4735 2264 4798 enim
2287 4753 2362 4798 eon·

357 4820 554 4970 grperbjiam,
576 4817 873 4967 quodDexiztimetnt
890 4836 926 4964 εῗ
948 4816 1015 4880 iore
1037 4816 1334 4966 salrosfqluamrig
1386 4818 1487 4902 tingit
1510 4817 1690 4968 tutdnimia
1723 4818 1882 4967 reperite}
1921 4819 2187 4966 mariti-talisnet
2218 4820 2259 4883 ab
2292 4819 2362 4968 ⁰qu

358 4926 431 5058 ..t
454 4926 647 5072 tritt..
677 4920 1153 5083 .⁰.tt.tt¹.tt.⁰¹tt¹ttt.
1169 4922 1334 5084 ‘illil-
1386 4923 1632 5067 bilbili}
1652 4922 1795 5053 ilii:
1822 4923 2364 5072 tt..⁸¹.t²t.t..ttt:‚⁰tttt

357 5077 500 5143 eccam
534 5080 664 5140 montem
697 5073 872 5147 Liberam,
910 5075 938 5134 el
970 5069 1137 5151 votrferara
1168 5090 1205 5134 m
1235 5077 1334 5136 morale
1386 5075 1431 5136 ita
1460 5073 1589 5139 labatur
1616 5094 1716 5154 uxor,
1749 5073 1811 5138 hoe
1834 5073 1944 5156 aliqua
1965 5096 2006 5138 ex
2029 5085 2122 5157 parte
2144 5076 2175 5140 ei
2197 5076 2361 5157 imputan-

357 5161 488 5243 Boron,
521 5169 560 5224 ut
590 5159 776 5242 intelligant
808 5155 871 5221 sibi
904 5154 986 5219 nibil
1017 5156 1084 5218 iore
1114 5154 1243 5232 auxilii,
1277 5157 1332 5220 ubi
1386 5157 1463 5222 dum
1496 5169 1560 5224 est:
1594 5159 1622 5224 si
1656 5159 1754 5223 etiam
1786 5161 1975 5236 connivent,
2010 5161 2067 5225 ubi
2102 5160 2191 5226 videt
2221 5179 2360 5225 uxorem

357 5247 496 5312 instabit
518 5245 581 5309 Dei
603 5244 767 5311 iudicium.
813 5242 876 5306 list
898 5249 1008 5304 autem
1033 5247 1122 5304 totus
1143 5240 1197 5305 bie
1220 5260 1333 5305 versus
1385 5263 1479 5308 suam
1501 5245 1621 5308 tentari
1644 5244 1834 5327 periculosis
1851 5243 2013 5310 illecebris
2030 5253 2064 5310 et
2082 5245 2260 5312 blanditiis.
2296 5242 2361 5311 Sed

357 5333 502 5398 ironicus
524 5351 626 5415 usque
648 5331 686 5394 ad
710 5331 820 5395 linem.
854 5325 941 5391 Nam
964 5325 1085 5389 trustra
1102 5325 1224 5390 edituri
1239 5336 1333 5390 erant
1385 5327 1477 5394 Deus
1514 5329 1658 5395 ostendit
1692 5350 1728 5395 εε
1760 5327 1911 5394 functum
1948 5351 2019 5396 esse
2052 5333 2146 5415 probi
2184 5338 2217 5396 et
2254 5331 2361 5396 tidelis
