5038 6118
160 457 200 521 45
819 423 823 436 '
883 454 933 520 tu
954 455 1204 522 leuamen.
1245 455 1342 523 ese.
1365 456 1427 523 rx
2108 461 2150 525 sc

160 644 250 710 vobis
291 642 525 724 pervicaciam,
565 642 682 708 saltem
725 640 876 723 praebete
918 665 975 710 vos
1007 643 1128 711 dociles
1182 645 1323 711 defleant
1355 666 1390 712 se
1423 668 1493 712 esse
1526 646 1679 730 perditos.
1737 646 1875 725 Dicunt,
1913 646 2151 732 Deretiquo'mue

159 728 365 807 mulieribus,
399 748 483 812 quae
516 728 624 794 solent
655 729 764 792 vocari
797 729 837 791 ad
868 727 901 794 lu
925 729 1063 808 endum,
1098 739 1130 795 et
1181 737 1306 811 terrum,
1329 733 1364 797 in
1386 753 1450 814 qua
1473 745 1583 798 tamen
1603 731 1763 815 putabant
1784 733 1846 799 sibi
1866 735 1936 800 fore
1958 746 2149 816 perpetuum

160 836 242 902 qnae
262 815 424 899 lacrymas
445 835 521 880 suas
542 813 666 880 habent
687 812 830 878 venales.
907 815 992 893 tutu,
1015 816 1129 898 inquit,
1183 817 1313 883 nidum:
1348 818 1395 884 sio
1417 818 1503 883 enim
1527 817 1719 885 habitabant
1740 819 1777 884 in
1799 827 1903 899 terre,
1932 830 1969 885 ut
1991 822 2151 886 iactsrent

160 903 206 968 ud
217 902 351 984 peritus,
381 905 410 965 et
429 901 566 976 ueniant,
594 899 749 981 festinent.
795 899 866 966 Hoc
889 899 989 966 verbo
1010 902 1130 967 clarius
1182 922 1217 969 se
1239 924 1406 985 nunquam
1430 925 1524 987 posse
1545 903 1621 970 inde
1646 903 1792 987 excludi,
1825 906 1978 988 quoniam
2006 926 2151 989 pronun·

160 987 343 1071 exprimere
365 986 472 1050 voluit
495 1005 558 1050 non
585 984 699 1068 procul
729 984 841 1052 abesse
870 985 1014 1065 cladem,
1048 1008 1131 1070 quae
1182 991 1299 1054 tiatnrn
1323 993 1443 1066 iuerat,
1477 991 1569 1055 Haec
1591 990 1718 1073 requies
1740 1010 1814 1055 mea
1834 991 1869 1055 in
1891 990 2058 1058 saeculum
2080 1013 2151 1060 sae·

160 1083 269 1138 tamen
298 1092 365 1135 non
395 1072 602 1136 metuebatur
630 1091 649 1133 a
677 1071 806 1152 populo.
855 1071 988 1148 Tollant,
1016 1073 1131 1156 inquit,
1181 1075 1261 1153 culi,
1292 1074 1345 1140 hic
1369 1075 1529 1151 habitabo,
1560 1075 1638 1158 quia
1658 1075 1743 1159 elegi
1763 1097 1846 1140 eam.
1885 1075 2049 1157 Quoniam
2072 1099 2150 1163 ergo

159 1179 252 1241 super
272 1177 329 1223 uos
349 1157 474 1238 lurtum,
501 1162 530 1222 et
550 1157 632 1222 oculi
651 1157 751 1220 uosta'
772 1155 955 1223 dasomdout
975 1159 1011 1222 iu
1032 1159 1130 1242 lucry-
1182 1159 1273 1227 Deus
1295 1171 1434 1226 testatus
1455 1161 1562 1227 fueret
1584 1163 1726 1243 quietem
1746 1160 1817 1227 fore
1837 1160 1920 1228 illud
1950 1161 2148 1230 domicilium

158 1265 237 1324 mue,
267 1242 481 1324 etpolpebrue
508 1246 632 1308 nomae
661 1241 795 1322 Meam
824 1243 859 1306 iu
887 1263 997 1324 equus.
1043 1242 1130 1310 Sunt
1182 1247 1300 1330 populo
1323 1268 1392 1324 suo,
1422 1246 1581 1330 putabant
1602 1269 1638 1313 se
1660 1246 1780 1329 triplici
1802 1268 1895 1312 muro
1918 1258 1950 1314 et
1973 1251 2058 1314 fossa
2079 1270 2149 1316 esse

158 1328 387 1414 hyperbolicae
409 1328 622 1411 loquutiones,
645 1346 727 1409 qnae
749 1335 859 1392 tamen
883 1350 949 1395 non
965 1329 1130 1395 excedunt
1181 1332 1282 1413 probe
1304 1333 1463 1410 manime,
1497 1344 1530 1399 et
1552 1333 1666 1398 urbem
1689 1352 1783 1397 auam
1805 1352 1875 1398 essa
1898 1354 2029 1415 prorsus
2058 1335 2151 1400 inex-

159 1416 355 1500 gravitatem
390 1414 570 1479 vindictae:
604 1414 757 1496 quoniam
787 1434 852 1478 non
882 1415 1005 1480 frustra
1035 1416 1129 1482 initio
1182 1417 1399 1501 pugnabilem.
1443 1420 1545 1502 Atqui
1567 1418 1693 1484 inducit
1724 1439 1778 1483 eos
1805 1419 1974 1502 loquentes
1994 1419 2150 1486 Ieremias

158 1501 275 1583 capitis
304 1499 404 1580 dixit,
438 1499 521 1580 Quis
550 1507 650 1582 ponet
679 1509 776 1581 eaput
803 1521 911 1564 meum
945 1522 1062 1584 aquas,
1096 1510 1130 1566 et
1181 1503 1266 1585 quod
1289 1505 1353 1568 iam
1377 1503 1610 1587 dereliquerint
1631 1512 1754 1568 terram
1777 1526 1881 1582 suam,
1899 1505 1960 1571 hoc
1982 1515 2042 1580 est,
2064 1505 2149 1589 quod

157 1587 268 1654 oeulos
290 1606 380 1650 meos
412 1584 537 1650 fontem
567 1583 811 1667 lacrymarum?
856 1584 1020 1666 Quoniam
1049 1608 1128 1672 ergo
1180 1591 1214 1652 in
1237 1589 1389 1654 exsilium
1413 1590 1464 1655 vel
1487 1592 1581 1656 tracti
1604 1590 1740 1664 suerint.
1774 1589 1827 1655 vel
1848 1590 1987 1674 expulsi.
2032 1592 2151 1658 Postea

157 1672 256 1737 nullis
278 1672 388 1738 verbis
410 1684 537 1754 poterat
560 1671 700 1753 exprimi
730 1670 830 1735 eladis
861 1673 1028 1750 atrocitas,
1056 1673 1127 1738 ideo
1180 1673 1287 1750 addit,
1324 1676 1407 1756 Θεία
1433 1677 1637 1758 proiecerunt.
1692 1675 1765 1741 Hoc
1797 1676 1929 1742 videtur
1961 1677 2075 1743 referri
2108 1677 2150 1744 ad

157 1767 289 1824 coactus
312 1759 372 1821 fuit
401 1757 561 1841 propbeta
589 1757 797 1837 interponere
826 1758 885 1822 has
914 1757 1127 1840 hyperbolae:
1181 1761 1300 1840 hostes,
1322 1760 1405 1844 quod
1429 1763 1634 1845 proiecerint,
1653 1760 1686 1825 id
1702 1771 1761 1837 est,
1784 1763 2022 1843 prostraverint
2035 1783 2149 1828 eorum

157 1845 247 1926 Ergo
269 1842 385 1926 tollam,
408 1843 524 1926 inquit,
546 1861 713 1924 superma
733 1841 859 1925 tutan,
881 1848 915 1907 ut
932 1845 1013 1909 oculi
1029 1845 1127 1910 uestri
1180 1847 1299 1912 domos.
1349 1846 1434 1923 Alii,
1469 1845 1742 1930 quemadmodum
1773 1867 1879 1930 nuper
1910 1847 1996 1930 dixi,
2029 1849 2147 1914 subau-

156 1930 340 1996 deeeemduut
361 1930 396 1994 iu
418 1929 583 2012 hemmae,
606 1928 756 2010 quoniam
772 1928 867 1994 siccis
881 1929 981 1994 oculis
997 1928 1127 1994 videbat
1178 1930 1289 2011 diunt,
1324 1933 1502 1998 Eieoerunt
1534 1952 1610 2011 noa,
1642 1942 1676 1997 et
1710 1931 1895 1999 habitacula
1927 1945 2056 1999 nostra:
2089 1933 2147 1998 sed

156 2036 192 2080 se
215 2015 340 2097 audiri,
374 2026 407 2079 et
436 2014 590 2097 populum
619 2012 786 2096 negligere
815 2014 971 2096 quidquid
1001 2017 1127 2081 denua·
1179 2017 1267 2100 prior
1289 2016 1344 2082 ille
1375 2040 1490 2084 sensus
1518 2019 1633 2084 melius
1662 2018 1753 2095 fluit,
1786 2027 1820 2084 et
1852 2019 1925 2083 ideo
1956 2019 2148 2102 simpliciter

156 2102 275 2166 tiatum
298 2102 412 2176 fuerat,
436 2120 536 2182 quum
560 2113 669 2164 tamen
692 2119 806 2164 omnes
825 2098 980 2165 deberent
994 2101 1126 2183 percelli
1178 2102 1313 2185 accipio,
1347 2103 1432 2186 quod
1455 2103 1598 2172 deiectae
1620 2104 1742 2169 suarim
1764 2113 1797 2169 et
1821 2115 2004 2187 prostratae
2033 2104 2147 2170 domus

155 2187 334 2251 aminimo
355 2206 458 2267 usque
480 2183 521 2248 ad
543 2185 736 2249 maximum.
771 2183 884 2266 Quum
907 2207 984 2269 ergo
1001 2187 1127 2253 viderat
1177 2187 1327 2254 manibus
1349 2188 1502 2255 hostium.
1547 2189 1713 2272 Sequitur,

154 2272 316 2356 propheta
344 2271 460 2349 talem,
492 2280 527 2335 et
554 2280 620 2334 tam
652 2270 785 2335 brutum
814 2279 1020 2355 contemptu,
1054 2271 1126 2338 ideo'

155 2359 244 2437 dicit,
267 2356 380 2439 Quam
395 2357 531 2422 venient
544 2354 797 2432 lamentatrices,
821 2366 898 2422 tuno
914 2358 977 2422 erit
992 2357 1126 2441 lugendi
1263 2361 1314 2425 20.
1339 2359 1450 2443 Itaque
1471 2362 1578 2426 cudda
1598 2361 1743 2426 mulieres
1763 2381 1934 2428 emmonem
1957 2361 2096 2442 Iudaeae,
2119 2366 2148 2427 et

155 2453 302 2527 tempus,
332 2463 399 2506 nen
422 2440 551 2524 quidem
573 2451 807 2524 opportunum,
841 2441 897 2508 sed
920 2443 1054 2525 perinde
1077 2455 1127 2510 est
1173 2447 1355 2530 percipient
1374 2466 1471 2512 aures
1491 2452 1608 2513 uestrae
1629 2467 1797 2512 sermonem
1818 2448 2148 2526 aususausus

155 2550 193 2595 eo
215 2529 245 2593 si
267 2528 398 2611 diceret,
422 2538 500 2592 tunc
522 2547 674 2592 sensuros
696 2525 843 2608 Iudaeos,
875 2548 971 2610 quam
989 2529 1127 2595 luissent
1176 2532 1265 2614 (ilios
1286 2537 1406 2597 cesum
1424 2532 1548 2615 luctum,
1577 2537 1825 2615 etuuoquueque
1846 2533 1985 2618 (mulier,
2009 2533 2050 2598 ad
2073 2553 2147 2600 ver-

154 2614 316 2698 soeordes,
340 2613 426 2697 quod
449 2633 514 2677 non
537 2617 666 2677 mature
688 2613 805 2676 attenti
826 2615 966 2679 fuissent
988 2615 1029 2680 ad
1052 2635 1126 2681 con-
1179 2617 1270 2701 bum)
1291 2619 1408 2684 sociam
1430 2617 1495 2705 (vel
1519 2618 1750 2703 propinquam)
1770 2638 1862 2684 utam
1879 2619 2048 2702 plancturi.

155 2700 367 2765 siderandum
390 2697 453 2764 Dei
475 2696 642 2762 iudicium.
688 2695 853 2780 Sequitur,
1264 2704 1316 2768 21.
1351 2703 1433 2786 Quia
1455 2705 1592 2770 mceudit
1613 2724 1697 2770 mera
1716 2705 1752 2769 iu
1772 2705 1925 2786 [musteus
1945 2711 2078 2789 uestros,
2100 2707 2148 2772 οό-

1178 2791 1272 2854 trueit
1303 2792 1338 2854 iu
1361 2791 1489 2873 palutio
1517 2795 1621 2855 madro
1651 2791 1693 2856 od
1721 2791 1922 2856 eseidetdum
1950 2791 2103 2873 iufoutem
2131 2812 2147 2858 e

244 2871 294 2936 19.
321 2869 404 2951 Quia
424 2889 485 2934 ooc
505 2869 605 2934 tuctus
620 2869 732 2934 audito
746 2873 790 2935 est
806 2891 845 2935 ee
862 2869 946 2950 Sion,
973 2873 1127 2954 Quomodo
1172 2875 1281 2956 pluteo
1303 2875 1334 2961 (s
1357 2877 1410 2940 via
1431 2872 1581 2961 publica),
1604 2875 1710 2942 aledea
1731 2875 1806 2961 (hoo
1827 2885 1886 2954 est,
1916 2877 2147 2958 adolescentes,
2247 2891 2249 2896 ’

150 2957 273 3040 perditi
294 2955 367 3041 (eut
388 2954 521 3037 vastati)
544 2955 681 3020 sumus?
709 2955 873 3038 pudefacti
901 2957 1015 3024 valde?
1049 2961 1127 3042 quic
1179 2964 1276 3026 etiam
1299 2963 1334 3026 in
1356 2963 1435 3026 flore
1458 2962 1582 3040 astatm,
1605 2975 1638 3026 et
1659 2959 1786 3048 vigore)
1808 2963 1844 3027 iu
1864 2963 2014 3043 compitis.

152 3043 378 3124 dereliquimus
392 3045 517 3122 terrum
534 3041 611 3123 aaa
619 3041 815 3122 promserunt
828 3040 1004 3109 tobiweulo
1019 3050 1126 3110 uesta

154 3127 301 3214 (quidam
323 3125 532 3205 subaudiunt,
554 3128 762 3208 proiecerunt
783 3127 864 3214 nos).
1263 3131 1478 3215 Prosequitur
1500 3131 1636 3198 eandem
1651 3133 1858 3212 sententiam,
1880 3131 1938 3198 sed
1954 3133 2017 3198 alia
2031 3133 2146 3217 ligura.

1043 3271 1044 3276 ,
1179 3217 1335 3284 Deflectit
1355 3217 1458 3301 igitur
1479 3217 1647 3300 paululum
1670 3217 1778 3298 verba,
1800 3220 1877 3302 quia
1898 3219 1989 3301 prius
2009 3219 2147 3285 iusserat

244 3298 397 3363 Diximus
420 3303 505 3378 ante,
534 3318 635 3380 quum
657 3295 710 3362 his
731 3297 841 3364 verbis
868 3299 1023 3384 populum
1045 3300 1127 3366 allo·
1179 3303 1315 3370 conduci
1338 3303 1514 3387 praefices,
1548 3325 1630 3388 quae
1652 3305 1734 3370 fictis
1755 3304 1911 3389 lacrymis
1936 3325 2049 3372 omnes
2070 3327 2146 3388 pro·

156 3383 321 3468 quebatur
342 3382 509 3459 Ieremias,
531 3381 639 3449 adbuc
661 3381 763 3449 fuisse
784 3385 979 3452 mediocrem
994 3395 1127 3468 statum,
1179 3397 1336 3456 vocarent
1357 3386 1398 3454 ad
1420 3390 1553 3468 fletum,
1587 3412 1676 3457 nunc
1698 3398 1807 3457 autem
1835 3391 2004 3474 compellat
2032 3412 2146 3458 omnes

153 3478 190 3536 ut
213 3488 273 3534 rex
295 3468 363 3534 suis
385 3466 499 3551 opibus
521 3467 714 3536 confideret:
747 3469 924 3538 consiliarii
946 3473 1044 3536 etiam
1068 3496 1127 3557 pu·
1178 3476 1331 3542 mulieres
1348 3476 1383 3540 in
1398 3495 1532 3560 genere:
1556 3476 1648 3558 quasi
1664 3475 1793 3556 diceret,
1812 3477 1911 3542 talem
1926 3477 1997 3542 fore
2012 3476 2146 3556 luctum,

155 3563 266 3621 tarent
288 3554 351 3620 sibi
373 3558 548 3619 venturum
566 3553 746 3620 subsidium
761 3555 892 3638 aliquod
907 3580 948 3623 ex
962 3561 1125 3644 Aegypto,
1178 3563 1232 3628 cui
1253 3583 1320 3627 nou
1341 3561 1468 3644 possint
1489 3561 1638 3627 sulficere
1656 3559 1873 3629 eonduotitiae
1887 3563 2145 3638 lamentationes,

153 3640 294 3725 populus
317 3660 444 3724 quoque
466 3639 678 3706 delitiaretnr.
726 3639 791 3707 Sed
815 3643 972 3726 propheta
1000 3649 1126 3713 concio·
1178 3648 1254 3730 quia
1276 3647 1384 3713 clades
1406 3644 1576 3730 ooenpabit
1603 3649 1745 3712 omnium
1775 3649 1918 3727 animos,
1952 3647 2068 3712 deinde
2096 3669 2146 3713 se-

153 3737 255 3791 natur
276 3726 316 3792 de
337 3727 435 3792 rebus
457 3726 587 3807 futuris,
616 3746 653 3791 ac
675 3727 702 3792 si
729 3728 795 3792 iam
818 3727 920 3813 digito
942 3732 1127 3798 ostenderet
1178 3734 1263 3798 rium
1281 3755 1347 3797 non
1367 3733 1602 3798 mercenarium
1622 3732 1692 3798 iore
1706 3732 1842 3799 luctum.
1879 3733 2006 3817 Audite,
2031 3733 2147 3817 inquit,

152 3813 256 3893 mala,
290 3832 374 3895 quae
395 3810 502 3876 adbuc
524 3810 712 3878 abscondita
732 3823 836 3879 erant.
880 3814 949 3883 Nec
970 3839 1046 3882 vero
1069 3839 1126 3901 po·
1177 3820 1333 3886 mulieres.
1377 3817 1446 3884 Our
1468 3820 1576 3900 potius
1604 3818 1758 3884 mulieres
1786 3819 1976 3902 compellat,
2010 3825 2146 3902 possunt

154 3899 218 3962 tuit
240 3897 335 3963 aliter
357 3897 472 3963 dooere
494 3917 569 3962 cum
592 3897 701 3983 aliqua
714 3899 906 3965 autoritate:
930 3912 1024 3968 erant
1038 3904 1124 3968 enim
1178 3904 1261 3970 duae
1283 3924 1401 3970 causae
1423 3904 1542 3980 afferri,
1566 3904 1644 3986 qnia
1664 3905 1786 3970 scilicet
1809 3905 1969 3988 mollities,
1992 3915 2146 3988 quaeest

153 4003 197 4048 ne
241 3983 325 4048 tium
358 4002 430 4048 cum
464 3982 630 4049 mentibus
671 3984 792 4049 ferreis.
847 3984 1012 4066 Quoniam
1047 4009 1125 4074 ergo
1177 3990 1211 4054 in
1233 3992 1379 4070 feminis,
1413 3990 1540 4056 facilius
1561 4011 1616 4054 eas
1638 3990 1767 4057 deducit
1789 3990 1830 4055 ad
1857 3991 1994 4057 luctum:
2030 3991 2145 4056 deinde

151 4069 188 4134 vi
213 4067 289 4133 ebat
310 4067 490 4133 doctrinam
517 4089 645 4134 omnem
676 4068 811 4153 frigere,
844 4085 877 4137 et
906 4074 973 4140 iere
1003 4075 1125 4140 nullius
1177 4076 1404 4159 potestatium
1427 4076 1526 4140 tacite
1547 4097 1618 4142 esse
1640 4076 1847 4159 exprobratio
1869 4076 1957 4160 quod
1975 4077 2040 4142 viri
2054 4075 2145 4143 surdi

153 4174 226 4220 essa
248 4153 345 4236 pretii
368 4153 453 4236 apud
475 4153 624 4220 homines
646 4162 715 4219 tem
736 4155 883 4239 ignavos,
905 4158 976 4225 ideo
994 4180 1125 4227 necesse
1177 4160 1245 4226 sint
1265 4168 1299 4227 et
1319 4162 1367 4226 ita
1387 4161 1539 4227 obdurati
1562 4173 1599 4226 ut
1621 4161 1730 4227 nullae
1751 4163 1859 4228 minae
1880 4165 1967 4246 ipsos
1989 4169 2143 4228 terreant.

153 4239 272 4305 babuit
292 4238 416 4323 stylum
440 4239 486 4302 ita
507 4239 657 4318 formare,
686 4243 725 4304 ut
748 4261 862 4306 sensus
885 4262 998 4311 omnes
1019 4247 1125 4312 affice·
1177 4245 1244 4313 Sed
1265 4248 1355 4330 prior
1375 4247 1459 4312 ratio
1481 4247 1613 4313 videtur
1635 4248 1752 4313 melius
1779 4247 1954 4333 quadrare,
1985 4248 2079 4314 modo
2100 4249 2143 4315 si-

152 4333 216 4390 ret.
260 4323 334 4391 Hac
355 4323 480 4389 ratione
502 4322 581 4392 dicit
607 4345 708 4391 uocem
738 4346 803 4392 esee
834 4329 993 4411 auditam,
1025 4352 1124 4398 uocem
1175 4331 1245 4398 mul
1267 4345 1437 4398 teneamus
1459 4333 1582 4398 serium
1605 4334 1728 4398 luctum
1746 4334 1871 4399 fictioni
1892 4335 2019 4417 opponi.
2055 4334 2143 4417 Ergo

153 4409 256 4475 luctus
276 4430 293 4475 e
314 4409 410 4490 Sicu,
440 4409 496 4474 ubi
517 4419 629 4476 tamen
651 4410 758 4477 adhuc
780 4433 892 4479 omnes
918 4416 1124 4483 exsultabant
1176 4418 1331 4484 Ieremias
1353 4438 1374 4482 a
1394 4419 1501 4501 specie
1522 4419 1563 4482 ad
1592 4439 1696 4502 genus
1718 4421 1845 4496 transit,
1875 4419 1937 4485 boc
1967 4431 2024 4494 est,
2053 4431 2144 4503 post·

152 4495 287 4560 laetitia.
333 4496 451 4561 Postea
480 4492 645 4579 adiungit,
682 4495 835 4578 Quomodo
861 4520 972 4568 sumus
997 4504 1123 4586 perditi,
1175 4524 1272 4588 qnam
1295 4504 1449 4587 loquutus
1470 4513 1521 4569 est
1542 4501 1583 4568 de
1605 4506 1767 4588 praeficis,
1800 4527 1888 4571 nunc
1918 4505 2144 4588 complectitur

153 4587 181 4645 et
197 4581 359 4665 pudefacti
380 4578 491 4646 ualde?
514 4580 577 4645 hoc
599 4589 757 4664 putarunt
778 4605 848 4649 esse
869 4585 1053 4654 fabulosum
1069 4588 1122 4655 Iu·
1176 4611 1289 4656 omnes
1311 4589 1473 4669 mulieres,
1501 4590 1577 4671 quia
1598 4589 1706 4656 luctus
1728 4590 1930 4673 grassabitur
1951 4613 2008 4674 per
2031 4610 2142 4656 omnes

153 4666 244 4744 daei,
278 4667 380 4732 donec
402 4667 528 4750 experti
551 4675 628 4731 sunt
649 4688 684 4732 se
714 4668 814 4736 fuisse
844 4671 942 4740 nimis
970 4675 1069 4741 duros
1092 4686 1123 4740 et
1176 4675 1289 4753 urbes,
1323 4675 1439 4741 deinde
1473 4696 1532 4758 per
1563 4677 1708 4760 singulas
1741 4677 1862 4742 domos.
1913 4677 2032 4742 Audite
2064 4695 2142 4758 ergo

152 4752 344 4818 obstinatos.
389 4750 454 4818 Sed
477 4751 537 4818 hoo
560 4772 632 4816 sero
654 4755 805 4839 contigit:
828 4757 954 4823 interea
975 4763 1123 4843 quamvis
1175 4761 1322 4827 mulieres
1349 4761 1476 4826 uerbum
1503 4759 1651 4828 Ietoeue:
1681 4766 1817 4846 rapetit,
1847 4769 1875 4829 et
1903 4783 1997 4828 ouras
2025 4765 2144 4826 uestrae

151 4844 233 4902 tunc
255 4847 410 4904 vacarent
432 4838 499 4902 suis
517 4836 749 4921 voluptatibus,
771 4844 919 4925 suggerit
934 4849 1043 4911 tamen
1058 4847 1123 4912 illis
1175 4867 1345 4914 eumenem
1367 4848 1433 4912 orie
1453 4847 1531 4912 eius.
1575 4846 1617 4912 In
1639 4848 1781 4915 secundo
1802 4849 1946 4915 membro
1968 4847 2067 4929 penit,
2099 4845 2143 4912 Oe

152 4922 414 5004 lamentationes,
436 4944 474 4989 ac
496 4923 523 4986 si
546 4922 611 4988 iem
634 4934 744 4989 essent
766 4927 894 5009 perditi.
938 4929 1029 4998 Dicit
1046 4953 1123 5016 ergo
1175 4933 1240 4999 Dei
1261 4933 1302 4998 ab
1332 4952 1400 4998 una
1428 4941 1535 5015 parte,
1568 4943 1601 4998 et
1629 4954 1723 5000 aures
1756 4934 1930 5000 mulierum
1959 4932 2000 4997 ab
2029 4931 2141 4999 altera.

151 5027 253 5073 ceren
283 5008 383 5090 fuisse
415 5009 573 5089 auditum,
606 5029 644 5075 ac
675 5010 705 5074 si
732 5009 845 5077 Iudaei
875 5015 936 5098 ipsi
966 5017 1123 5083 deflerent
1175 5017 1316 5084 Videtur
1338 5016 1470 5100 quidem
1492 5039 1650 5085 essenon
1673 5029 1801 5086 tanturn
1832 5022 2052 5102 pleonasmos,
2084 5017 2141 5084 sed

151 5113 245 5158 snam
267 5093 410 5174 cladem,
443 5096 576 5176 deque
605 5104 715 5161 tamen
744 5097 903 5179 putabant
931 5102 1121 5187 prophetam
1175 5123 1379 5187 supervacua
1400 5104 1559 5188 repetitio.
1605 5103 1642 5172 Si
1664 5105 1800 5172 dixisset
1821 5113 1963 5184 tantum,
1995 5102 2142 5170 Audiant

150 5201 197 5244 nu
242 5181 281 5260 ri,
301 5179 380 5263 qaia
400 5180 545 5246 nondum
568 5193 765 5264 apparuerat
787 5192 912 5252 certum
938 5187 1121 5255 discrimen.
1175 5210 1269 5256 aures
1291 5195 1420 5256 vestrae
1442 5209 1627 5255 sermonem
1647 5191 1724 5272 oris,
1754 5194 1819 5256 iam
1841 5199 1913 5256 erat
1934 5190 2142 5274 pleonasmos

152 5200 241 5365 Sed:
250 5265 521 5366 quemadmodum
540 5267 604 5366 iam
620 5266 698 5347 dixi,
722 5277 757 5334 ut
772 5270 954 5356 perfringat
969 5272 1122 5340 duritiem
1174 5276 1208 5340 in
1231 5275 1292 5342 hac
1314 5274 1468 5359 loquendi
1489 5275 1602 5355 forma,
1628 5277 1685 5342 sed
1708 5278 1797 5360 prins
1819 5277 2008 5359 simpliciter
2030 5276 2141 5360 loquu·

151 5350 306 5435 cordrum,
335 5349 443 5416 induit
465 5371 520 5417 eos
542 5352 607 5418 alra
629 5371 778 5437 persona,
807 5355 893 5437 quod
914 5359 1038 5426 scilieet
1058 5361 1121 5425 iam
1175 5369 1229 5426 tus
1250 5369 1300 5427 est
1322 5360 1362 5427 de
1385 5379 1534 5429 sermone
1555 5361 1630 5442 Dei,
1653 5362 1698 5427 Et
1720 5361 1847 5428 audite:
1871 5385 1958 5431 nunc
1981 5362 2140 5448 adiungit,
