5158 6124
357 439 422 506 395
1162 433 1550 504 Pauauuomouue
2294 437 2359 504 396

355 626 610 712 imaginationes
648 623 731 690 nihil
774 623 862 690 aliud
901 643 1108 708 essequam
1141 626 1266 690 fumum
1299 633 1333 690 et
1384 625 1505 690 habere
1540 624 1636 706 quasi
1668 631 1776 689 totum
1810 624 1988 708 retugium:
2025 622 2144 692 deinde
2176 626 2263 708 qnod
2294 627 2359 694 sibi

358 717 548 780 vanitatem.
589 708 693 776 Addit
714 718 827 793 postea
848 708 889 774 de
911 711 1121 795 amatoribus,
1143 711 1333 795 miprotoeroa
1384 711 1548 794 fingerent
1576 709 1670 776 nidos
1698 711 1733 774 in
1763 711 1843 794 ipsis
1871 711 1985 776 aedris.
2031 708 2099 776 Sed
2128 710 2264 778 dubium
2292 735 2358 778 non

357 801 394 866 in
425 797 579 866 arellium.
627 794 712 862 Nam
746 793 841 860 initio
870 794 984 861 Iudaei
1013 798 1173 879 putabant
1201 816 1236 864 ee
1265 797 1332 861 lore
1383 808 1442 869 est,
1477 797 1555 878 qnin
1586 795 1647 862 sub
1675 795 1737 860 hae
1763 796 1870 878 speeie
1899 795 2069 878 eompleoti
2097 797 2178 862 velit
2197 799 2359 882 propheta

357 879 1332 1050 lustratis.arzerfrtrb22.r¹la..1t:,ihi
1383 881 1673 1032 lilialliai‘
1706 881 2172 1034 flltoetldlhrllh
2203 884 2358 1051 {allisi

359 1056 449 1132 dore,
487 1073 591 1137 quum
624 1051 776 1118 viderent
809 1057 876 1116 tam
910 1053 1095 1118 sacerdotes
1128 1073 1227 1137 quam
1260 1073 1333 1135 pro·
1383 1072 1421 1117 oo
1450 1055 1478 1118 si
1511 1053 1633 1118 dioeret
1656 1052 1793 1118 Iudaeos
1824 1075 1888 1117 non
1921 1053 2036 1118 terreri
2063 1052 2140 1118 ullis
2162 1053 2226 1118 Dei
2249 1017 2358 1139 minis:

357 1140 474 1225 phetae
505 1148 537 1203 et
567 1138 655 1224 regis
684 1137 883 1204 consiliarios
911 1159 982 1204 esse
1009 1137 1174 1222 praeditos
1200 1138 1331 1218 astutia,
1383 1139 1536 1220 quoniam
1566 1139 1796 1204 eirenmlereut
1823 1139 1933 1204 ooulos
1960 1159 2038 1204 suos
2067 1139 2108 1202 ad
2131 1139 2297 1206 Libanum
2324 1149 2359 1208 et

357 1237 412 1292 tur
436 1247 490 1292 ere
521 1224 620 1290 etiam
649 1243 768 1306 magna
798 1224 964 1308 superbia,
998 1245 1112 1292 seeure
1134 1223 1331 1308 spernebant
1383 1223 1497 1290 eedros
1516 1225 1620 1308 magis
1635 1225 1789 1290 exoelsas.
1825 1223 1896 1307 Sed,
1920 1225 2036 1306 inquit,
2053 1226 2201 1306 quamdo
2216 1228 2359 1308 proboso

358 1248 515 1396 quidquid
554 1310 791 1375 minitabantur
830 1310 1018 1392 prophetae.
1077 1310 1149 1375 lam
1188 1309 1332 1377 seeundo
1382 1311 1460 1385 eris,
1494 1311 1556 1374 hoo
1585 1322 1648 1390 est,
1682 1330 1779 1393 quam
1815 1311 1954 1392 gratiam
1983 1309 2147 1388 iuvenies,
2179 1331 2276 1393 quum
2302 1312 2360 1378 tibi

358 1397 497 1464 materia
526 1405 596 1462 erat
625 1396 660 1460 in
682 1395 869 1477 Aegyptiis,
902 1397 936 1461 in
965 1397 1126 1481 Assyriis,
1156 1405 1268 1479 postea
1296 1396 1330 1462 iu
1381 1396 1520 1461 maeriot
1540 1396 1668 1479 dobree
1691 1396 1780 1462 dolor
1800 1397 1894 1478 quasi
1908 1395 2144 1477 parturientis?
2178 1396 2244 1462 Hie
2260 1397 2360 1481 signi·

359 1482 660 1636 allsaell·
693 1481 1331 1633 iall⁰llllm..llltl⁹l⁸.“ll
1383 1482 1459 1631 ihi
1483 1482 1965 1634 delhlllrtl'tl}
1987 1483 2359 1634 slllllsstdlll*

357 1665 392 1734 et
429 1654 606 1732 similibus,
648 1587 721 1718 illos
759 1652 792 1715 in
820 1615 1057 1736 ’eaptivitatem
1097 1587 1330 1718 trooturlsypiri.
1384 1588 1489 1718 tinulrl
1512 1653 1681 1718 interitum
1705 1653 1770 1718 illis
1793 1589 1927 1720 illslare.
1965 1653 2073 1737 Negat
2094 1589 2358 1737 igitur'ludlluls

358 1742 479 1807 Postea
511 1739 677 1822 adiungit,
719 1737 805 1804 esra
836 1743 907 1805 lano
940 1739 1097 1823 podefies,
1139 1739 1259 1821 inquit,
1299 1748 1332 1802 et
1384 1739 1560 1821 quidquam
1597 1739 1771 1821 profluere,
1809 1740 1886 1803 dum
1923 1738 1984 1805 sibi
2018 1739 2193 1804 stationem
2227 1740 2359 1823 lingunt

356 1826 514 1894 wolmero
539 1830 669 1908 prepter
699 1843 817 1892 omnem
848 1824 1004 1890 malitiam
1035 1830 1139 1909 taam,
1176 1825 1240 1891 hoo
1273 1832 1332 1904 est,
1385 1824 1594 1908 tranquillam
1618 1826 1686 1888 lore
1708 1826 1743 1890 in
1762 1825 1898 1901 Libano,
1922 1825 2002 1890 dum
2024 1826 2117 1891 nidos
2135 1825 2359 1909 imaginantur

358 1910 493 1980 tandem
515 1912 636 1976 senties
659 1919 691 1976 te
713 1911 816 1976 iustas
838 1930 960 1992 poenas
981 1911 1059 1977 dare
1080 1911 1249 1988 soelerum,
1275 1910 1333 1975 ubi
1383 1912 1418 1976 in
1455 1911 1598 1993 prooeris
1634 1912 1819 1989 arboribus,
1856 1912 1934 1993 qnia
1967 1910 2059 1978 Deus
2095 1913 2250 1994 oorripiet
2286 1911 2359 1978 illos

358 2000 451 2065 Dens
478 2005 511 2062 te
541 1996 714 2062 nudaverit
740 1996 890 2061 omnibus
918 1997 1063 2080 auxiliis,
1092 2007 1126 2063 et
1153 1996 1333 2062 ostenderit
1384 1997 1491 2062 subito
1523 1998 1636 2062 dolore
1668 2010 1823 2079 tanquam
1856 1997 2025 2071 mulieres,
2063 2017 2147 2078 quae
2183 1997 2292 2062 rident
2327 2005 2361 2064 et

358 2082 517 2167 quidquid
543 2102 632 2147 nuno
658 2081 718 2146 tibi
747 2080 898 2147 fiduciam
922 2081 999 2146 dare
1022 2083 1114 2167 solet,
1144 2083 1207 2149 hoo
1229 2093 1333 2148 totum
1385 2082 1535 2148 hilariter
1568 2094 1685 2165 agunt,
1724 2083 1780 2148 sed
1814 2095 1979 2148 momento
2011 2083 2147 2165 oorripit
2178 2103 2233 2148 eas
2266 2082 2362 2149 dolor

359 2190 431 2236 esse
453 2169 561 2234 inane.
606 2167 774 2251 Exprimit
795 2177 905 2232 autem
927 2187 1046 2234 manem
1066 2169 1233 2252 molitiem,
1256 2168 1333 2252 quia
1385 2180 1509 2252 partus.
1561 2168 1652 2233 Idem
1687 2169 1787 2252 igitur
1818 2171 2009 2250 pronuntiet
2036 2168 2193 2234 Ieremias
2222 2178 2361 2234 eventu·

358 2276 425 2322 nou
448 2275 515 2320 uno
538 2259 665 2318 tantum
687 2254 722 2318 in
744 2273 865 2337 genere
886 2264 1100 2336 peoeaverant
1121 2253 1246 2332 Iudaei,
1275 2253 1332 2318 sed
1386 2275 1459 2320 rum
1491 2275 1563 2320 esse
1595 2254 1734 2320 Iudaeis.
1785 2255 1859 2337 Ego
1893 2254 1978 2321 hano
2009 2255 2207 2320 sententiam
2244 2253 2362 2320 leviter

358 2339 551 2406 addiderant
573 2339 660 2403 mala
681 2339 787 2418 malis,
815 2338 863 2403 ita
884 2340 976 2422 quasi
1000 2343 1159 2405 immensa
1179 2339 1333 2421 oongerie
1385 2346 1513 2404 tantum
1537 2340 1671 2422 attingo,
1702 2359 1786 2422 quoe
1809 2355 1920 2406 tamen
1941 2340 2041 2424 longa
2062 2353 2095 2406 et
2118 2349 2270 2406 aoourata
2292 2361 2361 2406 me·

358 2426 519 2491 soelernm
550 2425 790 2492 aeoersiverant
818 2423 879 2490 sibi
903 2426 966 2490 Dei
990 2425 1175 2492 vindiotam.
1220 2426 1333 2508 Neque
1386 2426 1545 2491 ditatione
1567 2428 1666 2509 digna
1688 2437 1748 2492 est.
1779 2425 1930 2492 Solemus
1953 2447 2032 2509 ergo
2054 2426 2138 2491 nihil
2161 2425 2266 2509 magis
2288 2447 2361 2492 esse

359 2520 469 2577 tamen
511 2518 643 2576 notatur
682 2508 839 2593 segnitie,
879 2530 961 2592 qnae
1000 2510 1041 2574 ad
1076 2512 1333 2594 resipiseentiam
1385 2511 1590 2576 intolerabile
1611 2509 1692 2590 Deo,
1717 2532 1817 2594 quam
1840 2513 1895 2576 ubi
1919 2513 2011 2578 nohis
2034 2511 2246 2594 tranquillam
2269 2514 2362 2594 quie·

357 2595 500 2665 valitura
521 2595 573 2678 sit,
595 2595 653 2662 sed
675 2607 817 2661 extorta:
841 2595 936 2661 sieuti
960 2596 1089 2679 reprobi
1107 2598 1209 2663 velint
1227 2596 1334 2662 nolint
1387 2607 1451 2660 tem
1482 2599 1716 2681 promittimus,
1750 2618 1850 2679 quum
1882 2608 1992 2662 tamen
2020 2597 2089 2679 ipse
2119 2595 2239 2662 bellum
2269 2597 2362 2664 nobis

359 2682 480 2748 sentire
502 2690 664 2764 eoguntur
684 2703 745 2747 sua
766 2681 894 2764 probra.
938 2681 1102 2764 Sequitur,
1387 2682 1572 2758 denuntiet,
1606 2694 1639 2748 et
1672 2705 1730 2748 nos
1759 2703 1834 2748 enm
1865 2685 1958 2764 quasi
1989 2682 2066 2748 data
2092 2702 2192 2765 opera
2219 2682 2363 2766 quotidie

1385 2788 1608 2851 provooemus.
1653 2767 1820 2852 Sequitur,

445 2853 496 2917 23.
525 2849 642 2918 Sedete·
671 2852 746 2937 (hoe
779 2867 844 2932 est,
879 2854 989 2920 sedem
1024 2855 1082 2918 tibi
1115 2851 1266 2937 posuisti)
1299 2854 1334 2917 ia

358 2938 499 3020 Ieiuno,
541 2938 686 3004 aiduloto
718 2960 751 3005 ee
783 2941 818 3006 io
853 2941 972 3024 cedria,
1011 2940 1162 3022 quomodo
1193 2938 1335 3022 pretioso
1472 2940 1523 3004 24.
1565 2939 1643 3004 Viuo
1680 2960 1748 3022 ego,
1789 2940 1867 3006 dieii
1905 2939 2057 3006 Iebooolr:
2096 2939 2179 3022 qood
2216 2939 2248 3005 ei
2286 2948 2365 3008 esset

357 3025 453 3105 fuisti
485 3023 553 3108 (alii
585 3031 736 3101 vertunt,
778 3037 908 3108 preoata
940 3024 988 3112 es)
1027 3026 1063 3091 io
1098 3025 1245 3092 venando
1277 3023 1334 3088 libi
1388 3024 1534 3092 conata
1558 3025 1647 3106 filius
1668 3024 1793 3090 Iooirim
1819 3027 1904 3109 repis
1926 3025 2075 3092 Iehudolr
2096 3025 2235 3092 aradae
2255 3029 2364 3112 signa·

357 3109 496 3187 dolores,
531 3109 665 3174 dolorem
692 3112 787 3191 quasi
806 3113 1027 3192 parturientis.
1078 3111 1144 3196 (Ad
1179 3112 1332 3176 verbum:
1385 3111 1485 3176 torius
1517 3131 1613 3191 saper
1642 3131 1774 3176 monum
1805 3113 1966 3178 &meam
1992 3131 2094 3178 meam
2122 3109 2198 3196 (hoo
2226 3125 2293 3194 est,
2327 3117 2363 3178 in

360 3193 416 3258 sed
439 3214 554 3258 sensus
576 3205 634 3274 est,
656 3195 816 3278 quomodo
837 3199 981 3280 gratiosa
1004 3197 1075 3276 eris,
1102 3196 1158 3260 ubi
1182 3196 1333 3260 venerint
1386 3218 1485 3262 manu
1514 3197 1650 3260 dextera
1679 3196 1774 3283 mea),
1805 3217 1859 3281 epo
1890 3199 1964 3264 imis
1991 3203 2019 3263 a
2051 3196 2178 3262 evellam
2210 3196 2363 3283 (mutatio

360 3279 420 3342 tibi
444 3277 580 3360 dolores,
603 3277 693 3343 dolor
714 3283 805 3363 quasi
829 3282 970 3347 feminae
993 3281 1242 3365 parturientisl)
1386 3293 1436 3346 est
1458 3280 1637 3366 personae).
1988 3301 1990 3306 ’

447 3449 630 3518 Confirmat
667 3450 804 3516 eandem
844 3451 1025 3518 doetrinam
1067 3451 1225 3534 propheta
1261 3453 1334 3517 aliis
1472 3453 1565 3517 Iurat
1598 3450 1651 3518 hio
1682 3451 1774 3519 Deus
1806 3454 1870 3519 sibi
1903 3462 2062 3520 statutum
2097 3476 2185 3534 esse,
2223 3477 2363 3540 poenam

360 3537 479 3603 verbis.
520 3536 566 3600 lit
588 3536 665 3601 hino
687 3543 822 3618 apparet
843 3558 941 3619 quam
964 3536 1095 3603 difficile
1117 3539 1160 3602 sit
1182 3551 1335 3603 exoutere
1386 3538 1519 3618 exigere
1552 3538 1592 3602 de
1622 3539 1775 3621 letania,
1809 3541 1863 3621 qui
1896 3540 1960 3604 alio
1994 3539 2128 3606 nomine
2161 3542 2269 3610 dietus
2303 3545 2365 3608 luit

262 3680 275 3700 ,
360 3622 548 3687 hominibus
587 3641 775 3704 perversam
809 3623 978 3703 fidutiam,
1017 3622 1071 3689 ubi
1105 3623 1226 3692 addioti
1258 3633 1336 3688 snut
1387 3623 1570 3687 Iehoiakin.
1628 3622 1717 3689 Dioit
1753 3635 1880 3701 autem,
1920 3625 2081 3706 Quemvis
2119 3625 2232 3694 sedeat
2265 3650 2366 3712 super

362 3709 459 3772 rebus
493 3708 641 3772 terrenis.
692 3704 799 3772 Simul
832 3719 1033 3792 arguatque
1061 3709 1333 3791 radieesegitin
1387 3707 1504 3770 solium
1546 3708 1701 3787 Doridis,
1746 3715 1855 3776 tamen
1901 3711 1969 3776 iore
2008 3713 2166 3779 miserum
2206 3715 2364 3780 exsulem.

361 3793 515 3860 sordibus
545 3793 714 3857 hominum
740 3813 894 3875 perversa
915 3794 1044 3875 fiduoia,
1075 3815 1137 3858 non
1161 3804 1336 3858 moventur
1387 3793 1471 3856 Nam
1501 3791 1578 3857 alibi
1609 3793 1753 3859 vidimus
1776 3796 1915 3861 Iudaeos
1945 3798 2043 3862 luisse
2065 3801 2157 3882 quasi
2180 3801 2367 3879 fasoinatos,

364 3878 416 3946 vel
444 3877 520 3942 ullis
549 3879 662 3960 minis,
693 3878 746 3943 vel
776 3877 851 3943 ullis
873 3880 1043 3961 perieulis,
1076 3881 1171 3944 etiam
1196 3880 1224 3943 si
1247 3897 1335 3942 mors
1387 3897 1488 3959 quum
1519 3890 1674 3958 putarent
1698 3880 1805 3944 Deum
1835 3881 1897 3946 sibi
1923 3903 1994 3948 esse
2022 3883 2225 3961 obstrietum,
2256 3895 2291 3950 et
2312 3887 2367 3950 in-

362 3965 433 4045 ipsa
461 3963 637 4044 impendet,
668 3977 777 4027 tamen
807 3962 928 4045 stupidi
956 3969 1099 4046 manent,
1130 3973 1164 4030 et
1185 3963 1257 4026 ideo
1280 3983 1335 4027 ex·
1387 3977 1476 4028 terea
1498 3964 1727 4046 permitterent
1748 3966 1810 4030 sibi
1833 3969 1987 4047 peoaandi
2007 3968 2174 4034 lioeutiam
2193 3970 2254 4036 hoo
2272 3991 2367 4052 prae-

363 4049 498 4132 probrat
520 4046 585 4113 illis
604 4049 708 4113 Isaiae
729 4047 876 4134 (28,15),
899 4047 995 4128 Quod
1016 4051 1201 4132 pepigerint
1223 4048 1336 4112 foedus
1387 4058 1493 4122 textu,
1527 4050 1609 4130 quod
1640 4051 1804 4132 pollieitus
1832 4064 1918 4118 esset
1937 4053 2030 4120 Deus
2059 4076 2199 4139 regnum
2222 4055 2366 4121 Doridis

361 4155 437 4200 oum
468 4142 582 4198 morte.
627 4133 718 4198 Haeo
746 4135 829 4199 ratio
863 4143 914 4198 eet
941 4155 1001 4198 our
1023 4134 1182 4216 propheta
1204 4133 1338 4198 insistat
1387 4137 1455 4198 fore
1488 4147 1696 4216 perpetuum,
1730 4139 1923 4220 quantisper
1952 4139 2000 4204 sol
2027 4150 2061 4206 et
2091 4141 2171 4206 luna
2192 4151 2367 4206 manerent

362 4220 512 4302 pluribus
535 4217 652 4297 verbis,
675 4231 708 4282 et
730 4221 851 4284 maiore
875 4218 1083 4285 vehementia
1105 4219 1146 4282 ad
1168 4219 1335 4300 eorrigen·
1386 4220 1421 4282 in
1441 4218 1538 4283 ooelo.
1572 4217 1674 4302 Atqui
1691 4243 1756 4285 non
1773 4226 1969 4305 reputabant
1983 4247 2054 4291 esse
2069 4226 2192 4310 aliquid
2212 4237 2367 4292 mutuum

360 4306 439 4372 dam
470 4303 561 4368 illam
590 4304 815 4385 pertinatiam,
843 4325 926 4386 quae
957 4305 1117 4387 regnabat
1138 4306 1173 4368 in
1198 4302 1336 4382 ludaeis,
1388 4305 1422 4368 in
1445 4304 1572 4367 foedere
1595 4306 1670 4368 Dei:
1695 4306 1826 4372 volebat
1849 4309 1936 4374 enim
1959 4313 2048 4395 ipsos
2070 4313 2132 4378 sibi
2155 4333 2227 4378 esse
2248 4312 2365 4378 fideles

360 4411 466 4475 quum
488 4388 611 4456 soilioet
632 4397 787 4471 putarent
808 4409 843 4453 se
864 4410 935 4454 esse
950 4401 1045 4454 extra
1060 4391 1181 4454 iaetum
1198 4386 1335 4452 telorum
1389 4389 1548 4452 risissim:
1583 4389 1700 4454 deinde
1730 4414 1795 4457 non
1819 4396 2016 4478 reputabant
2038 4397 2162 4464 multos
2183 4419 2256 4464 esse
2280 4397 2366 4463 filios

364 4497 448 4561 qnae
480 4493 597 4539 manus
631 4472 695 4537 Dei
727 4473 937 4540 iaoulabatur.
988 4474 1079 4538 Dioit
1111 4474 1215 4555 igitur
1251 4471 1338 4552 ipsos
1389 4473 1541 4538 Abrahae
1571 4476 1749 4541 seeundum
1777 4499 1923 4557 earnem,
1954 4484 2008 4564 qui
2033 4488 2232 4550 tamennon
2255 4491 2367 4548 essent

363 4563 465 4630 salem
493 4559 556 4625 sihi
579 4561 726 4640 posuisse
755 4560 790 4623 in
813 4557 947 4636 Irihooo,
978 4565 1007 4623 et
1033 4559 1193 4623 aidolotos
1219 4575 1284 4622 osse
1302 4559 1338 4622 io
1388 4558 1526 4640 legitimi
1548 4560 1605 4623 filii
1628 4583 1737 4626 eoram
1758 4565 1837 4630 Deo.
1875 4564 2047 4646 Quantum
2066 4568 2108 4632 ad
2126 4591 2237 4652 regem
2257 4570 2366 4650 ipsum

359 4648 475 4715 saera.
531 4645 597 4710 Por
630 4642 877 4708 translationem
914 4644 976 4709 hoo
1008 4643 1172 4724 aoeipiunt
1204 4640 1336 4722 quidam
1387 4654 1520 4725 speetat,
1545 4665 1715 4728 nunquam
1738 4661 1883 4730 putasset
1905 4653 1977 4717 fieri
1996 4674 2100 4736 posse,
2123 4654 2366 4720 attraheretur

365 4737 578 4815 interpretes,
614 4729 692 4810 quia
729 4727 921 4794 habitabant
952 4729 986 4792 in
1020 4727 1154 4792 aedibus
1187 4725 1337 4809 osdrinis,
1387 4730 1422 4791 in
1455 4729 1622 4794 exsilium:
1660 4745 1731 4798 erat
1769 4737 1857 4801 enim
1891 4736 2032 4804 Doridis
2068 4759 2256 4818 suoeessor,
2292 4747 2366 4802 erat

359 4821 429 4888 ,hoo
457 4826 515 4892 est,
545 4814 706 4880 ornabant
736 4813 848 4878 domos
870 4831 945 4879 suae
967 4812 1020 4878 vel
1043 4813 1163 4895 palatia
1186 4812 1337 4892 pretiosis
1388 4813 1557 4878 ordinatus
1586 4818 1707 4882 aDeo.
1753 4820 1844 4886 Haeo
1869 4823 1972 4904 igitur
1999 4826 2083 4888 ratio
2106 4835 2165 4903 est,
2194 4846 2254 4892 eur
2277 4841 2366 4888 nune

357 4904 528 4978 tabulatis,
553 4911 589 4965 ut
612 4908 688 4966 ante
704 4898 808 4964 visum
826 4905 885 4962 est.
919 4898 985 4961 Sed
1004 4897 1183 4980 simplicius
1198 4897 1337 4976 aooipio:
1387 4900 1574 4978 pronuntiet
1595 4899 1696 4980 Deus,
1725 4903 1835 4970 Etiam
1864 4909 1895 4972 ei
1923 4915 2001 4974 esset
2026 4911 2084 4975 iate
2107 4909 2249 4976 Ghoniob
2269 4909 2367 4991 emti

364 4989 452 5072 quod
479 4988 603 5054 soilioet
625 4984 773 5052 Libanus
800 4983 899 5048 inerit
926 4981 992 5046 illis
1020 4983 1112 5063 quasi
1134 4984 1337 5062 inexpugna·
1388 4984 1526 5048 onaalou
1555 4985 1751 5067 signatoriae
1778 4991 1815 5054 io
1843 4992 2047 5078 stipitem,
2081 5015 2136 5078 ego
2165 5002 2271 5062 tomes
2291 4994 2366 5060 iude

367 5077 430 5142 bile
459 5072 588 5157 aliquod
616 5068 906 5155 propugnaculum.
951 5065 1126 5146 Comperat
1153 5068 1251 5131 etiam
1282 5087 1337 5130 eos
1386 5069 1492 5150 ipsum
1505 5069 1640 5135 evellam.
1665 5072 1824 5153 Quamvis
1839 5097 1917 5159 ergo
1931 5080 2108 5146 exoellsret
2121 5089 2201 5147 tuno
2216 5081 2366 5158 leheris,

366 5159 485 5226 avibus
507 5177 590 5242 quae
612 5157 756 5222 exeelsae
779 5153 892 5219 eedros
915 5151 978 5216 sibi
1000 5150 1148 5250 deligunt
1170 5151 1211 5249 ad
1234 5150 1338 5215 nidifi·
1387 5154 1531 5218 ostendit
1562 5153 1653 5221 Deus
1685 5157 1775 5224 illam
1807 5163 2001 5246 dignitatem
2035 5186 2107 5232 esee
2137 5167 2366 5251 temporalem,

357 5245 517 5314 eandum.
563 5242 702 5310 Summa
730 5248 790 5317 est,
818 5238 957 5304 Iudaeos
985 5236 1085 5302 fursee
1106 5257 1203 5299 nrmrs
1224 5255 1337 5301 exose·
1387 5247 1420 5300 et
1447 5236 1514 5304 fore
1543 5241 1714 5308 oaduoam:
1745 5245 1822 5328 quia
1852 5249 1985 5314 tandem
2016 5251 2209 5318 dgmhequr
2239 5275 2258 5318 θ
2283 5251 2366 5318 ,0ῃο

360 5341 456 5400 oatos
492 5351 552 5396 sua
589 5327 755 5412 superbia,
796 5322 881 5409 quod
918 5328 1072 5404 putarent
1104 5341 1139 5385 ee
1172 5319 1337 5386 Libanum
1387 5343 1455 5401 suo,
1484 5329 1518 5387 et
1546 5326 1690 5392 oouditio
1717 5331 1788 5396 eius
1816 5335 2007 5402 mutabitur.
2052 5336 2122 5404 Nee
2145 5337 2282 5406 dubium
2303 5346 2366 5414 est,
