5158 6124
358 417 420 482 431
1163 410 1551 480 Pusuuuoulouas
1754 477 1757 486 ,
2298 423 2364 492 432

357 603 427 670 eius
456 601 633 680 ministris,
667 608 706 666 ut
734 599 897 683 desipiant
926 599 1078 678 miseros,
1111 598 1168 682 qui
1190 599 1239 664 ita
1261 595 1329 662 falli
1382 619 1461 664 usn:
1491 605 1603 664 tamen
1632 600 1739 666 maior
1766 608 1818 666 eet
1841 600 2011 684 expressio
2032 601 2069 666 in
2091 602 2234 668 seeundo
2256 625 2361 672 mem·

357 696 474 771 sponte
507 687 652 769 eupiunt.
707 686 891 752 (lousilium
927 686 1029 769 igitur
1062 684 1220 750 Ieremias
1257 683 1330 762 fuit,
1382 684 1458 767 bro,
1492 685 1569 766 quia
1598 685 1729 751 mittere
1758 687 1890 769 proprie
1918 686 1959 754 ad
1988 688 2193 754 voeationem
2222 701 2360 773 apertat,

356 772 488 857 saepiae
516 773 672 840 reducere
701 771 819 855 populo
839 773 875 836 in
898 771 1104 847 memoriam,
1136 769 1220 835 nihil
1241 767 1330 833 aliud
1382 769 1538 834 mandare
1578 782 1688 838 autem
1722 771 1763 836 ad
1796 773 1901 854 ipsam
1934 773 2213 854 exaequationem.
2268 777 2360 844 Deus

357 879 429 924 esse
462 878 574 923 omnes
604 857 795 934 blanditiae,
830 876 927 939 qnam
957 856 1149 939 praestigias
1177 853 1329 932 Satanae,
1383 853 1470 919 enim
1502 853 1609 936 priore
1637 856 1706 922 looo
1735 856 1829 940 eligit
1856 855 2033 939 prophetas
2059 877 2145 937 suos,
2173 867 2208 922 et
2237 880 2360 928 munus

360 954 418 1009 aut
439 963 602 1010 venenum
626 942 757 1025 aliquod
779 941 994 1018 mortiferum,
1020 962 1085 1024 qno
1106 940 1330 1023 obstupefiunt
1383 938 1517 1006 donandi
1547 939 1612 1005 illis
1634 941 1794 1023 iniungit:
1826 951 1938 1023 postea
1959 943 2117 1024 praeeipit
2138 943 2216 1025 quid
2239 944 2359 1011 dietari

359 1049 473 1094 omnes
502 1047 628 1093 sensns.
674 1026 952 1108 Quemadmodum
976 1027 1064 1092 enirn
1087 1027 1114 1092 si
1135 1027 1208 1108 quis
1229 1045 1329 1089 vene·
1382 1025 1458 1103 sint,
1487 1033 1520 1089 et
1549 1026 1643 1105 quasi
1663 1025 1730 1092 illis
1753 1025 1854 1093 verba
1875 1026 1985 1102 diotat,
2016 1047 2058 1091 ne
2080 1027 2160 1110 quid
2181 1048 2202 1093 a
2221 1050 2258 1094 se
2280 1052 2359 1095 aon·

357 1135 436 1180 num
466 1113 627 1198 propinet,
658 1111 742 1195 quod
771 1114 961 1196 exstinguet
988 1122 1021 1177 ει
1041 1132 1156 1177 sensus
1176 1110 1328 1193 eorporis,
1381 1108 1496 1174 fiotum
1525 1111 1674 1190 afferant,
1704 1111 1761 1176 sed
1788 1120 1917 1176 tantum
1940 1131 2117 1194 praeooaea
2138 1111 2215 1190 sint,
2244 1135 2358 1196 quem·

357 1211 391 1264 et
418 1197 671 1281 intelligentiam
694 1199 833 1277 animae,
862 1207 970 1264 aetum
997 1205 1047 1262 est
1068 1195 1110 1260 de
1131 1197 1250 1262 misero
1273 1196 1329 1277 qui
1382 1193 1557 1260 admodum
1580 1195 1656 1261 alibi
1679 1197 1878 1273 visumfuit.
1920 1195 1991 1262 lam
2013 1195 2091 1260 hino
2112 1197 2213 1263 etiam
2234 1200 2358 1284 oolligi·

356 1284 405 1350 ita
424 1284 524 1348 fuerit
544 1283 736 1349 suffoeatus:
759 1283 822 1348 hoo
840 1282 925 1350 idem
941 1302 1074 1348 eernere
1088 1281 1166 1347 lioet
1187 1283 1220 1345 in
1238 1280 1329 1346 falsis
1382 1300 1470 1357 mus,
1505 1301 1570 1345 non
1597 1282 1780 1363 promissae
1808 1300 1905 1346 aures
1934 1292 2066 1346 noemae
2087 1280 2205 1348 debere
2227 1301 2358 1366 apertas

358 1365 556 1448 doatoribus,
589 1369 643 1432 nbi
676 1366 862 1434 demuloent
894 1368 1030 1434 miseros
1063 1376 1263 1450 peoeatores,
1294 1375 1329 1430 et
1381 1385 1453 1430 esse
1480 1364 1721 1447 impostoribus,
1748 1367 1807 1448 qui
1829 1366 1893 1430 Dei
1923 1385 2043 1430 nomen
2066 1365 2222 1432 sudaster
2243 1369 2358 1435 obten-

356 1455 556 1537 promittunt
577 1452 642 1517 illie
664 1452 747 1518 bene
769 1453 845 1529 lore,
867 1451 1141 1536 quemadmodum
1163 1459 1329 1534 postrema
1382 1449 1481 1516 dunt:
1511 1449 1570 1516 sed
1598 1451 1849 1518 dissernendum
1879 1470 1950 1516 esse
1976 1453 2063 1516 inter
2085 1471 2182 1517 veros
2203 1464 2236 1518 ει
2258 1453 2358 1520 falsos

356 1538 496 1602 leotione
526 1538 676 1602 vidimus.
720 1537 883 1618 Quoniam
915 1547 1022 1604 autem
1046 1535 1177 1602 diffieile
1200 1546 1250 1602 est
1271 1557 1327 1602 ex·
1382 1533 1535 1601 duotores.
1581 1536 1695 1619 Neque
1725 1535 1812 1602 enim
1842 1534 1897 1600 hio
1925 1556 1997 1602 oum
2020 1537 2135 1618 paneis
2168 1537 2358 1606 hominibus

357 1624 563 1706 pergulaoere
593 1621 740 1688 homines
762 1623 880 1688 abillo
902 1634 1041 1706 torpore,
1071 1624 1126 1705 qui
1149 1623 1217 1687 fere
1239 1621 1329 1704 inge·
1382 1618 1526 1701 disputat
1551 1620 1722 1698 Ieremias,
1756 1621 1813 1686 sed
1847 1620 2026 1702 alloquitur
2054 1631 2160 1687 totum
2188 1625 2356 1705 populum.

358 1709 447 1774 nitus
479 1717 530 1773 εει
562 1728 582 1772 ε
614 1717 749 1773 natura:
789 1708 904 1775 deinde
943 1709 1019 1790 quia
1054 1707 1192 1773 subinde
1223 1707 1328 1774 Satan
1380 1704 1426 1770 Et
1447 1706 1522 1770 finis
1544 1706 1642 1772 huius
1665 1708 1833 1772 doetrinae
1855 1715 1914 1781 est,
1936 1707 2059 1772 frustra
2076 1707 2137 1772 sub
2152 1709 2356 1790 ignorantias

357 1794 475 1878 repetit
508 1793 637 1859 easdem
671 1793 821 1876 insidias,
855 1815 986 1860 neeesse
1019 1793 1080 1857 luit
1112 1801 1223 1858 sanato
1255 1813 1328 1874 pro·
1381 1801 1553 1873 praetextu
1576 1792 1663 1858 velle
1684 1792 1768 1858 elabi
1790 1792 1845 1874 qui
1868 1812 1933 1855 non
1952 1793 2071 1856 attenti
2084 1803 2166 1856 sunt
2180 1791 2222 1856 ad
2237 1814 2356 1877 puram

356 1879 485 1962 phetae,
518 1879 669 1943 insistere
694 1879 798 1962 magis
831 1899 868 1945 ao
898 1880 1003 1962 magis
1028 1879 1065 1943 in
1087 1876 1150 1943 hae
1171 1878 1326 1943 doetrina.
1381 1874 1578 1942 doetrinam:
1607 1878 1682 1959 quia
1711 1879 1776 1944 nisi
1804 1877 1880 1942 data
1910 1896 2009 1958 opera
2038 1887 2072 1941 ει
2093 1875 2202 1940 Deum
2226 1892 2259 1944 ει
2282 1900 2356 1944 ver·

357 1964 448 2029 Dicit
471 1974 581 2030 autem
599 1963 698 2043 Deus,
721 1984 754 2029 se
770 1984 831 2029 uon
844 1966 969 2032 maists
984 1963 1163 2046 proplaetus,
1185 1967 1329 2030 ettamen
1380 1958 1457 2025 bum
1486 1962 1557 2028 eius
1586 1962 1805 2046 negligerent,
1834 1970 1986 2043 poterant
2013 1981 2210 2046 oognosoere
2239 1965 2357 2046 quibus

355 2050 443 2130 i12eos
482 2049 666 2114 ouusrriase.
721 2048 807 2113 Nam
845 2050 926 2115 haee
961 2049 1099 2116 obisotio
1130 2057 1259 2132 poterat
1292 2051 1327 2114 in
1381 2045 1529 2126 habenda
1558 2058 1643 2113 esset
1671 2049 1762 2113 fides.
1807 2045 1965 2130 Sequitur
1994 2066 2072 2130 ergo
2103 2048 2256 2114 frivolum
2286 2069 2358 2114 ease

356 2136 497 2216 speeiem
532 2132 634 2198 videri
667 2133 816 2199 suffioere
849 2134 1004 2200 adversus
1036 2135 1209 2200 Ieremiam
1242 2135 1328 2217 quod
1380 2131 1538 2214 effugium
1570 2131 1656 2215 quod
1688 2133 1784 2208 hodie
1813 2133 1905 2216 quasi
1934 2150 2064 2197 eaerum
2100 2132 2229 2216 asylum
2258 2133 2358 2198 multi

356 2240 444 2286 unus
477 2227 577 2284 esset:
610 2239 651 2282 ex
685 2219 831 2301 opposito
862 2229 969 2286 autem
998 2229 1123 2285 starent
1150 2221 1328 2303 prophetae
1381 2237 1451 2282 asae
1488 2226 1621 2301 putant,
1662 2238 1781 2300 nempe
1812 2217 1890 2283 dum
1923 2229 2102 2283 oausantur
2134 2237 2170 2284 se
2203 2216 2359 2300 deeeptus

355 2305 392 2368 in
432 2322 551 2387 magno
593 2325 739 2370 numero.
794 2305 939 2372 Naturae
976 2315 1085 2371 autem
1119 2326 1234 2372 sensus
1269 2307 1329 2374 hoa
1380 2301 1482 2368 fuisse
1510 2321 1530 2366 a
1559 2303 1648 2369 falsis
1677 2303 1872 2370 dootoribue.
1917 2302 2003 2366 Nam
2029 2301 2291 2380 videndumst,
2322 2315 2359 2368 et

357 2389 472 2466 dietat,
506 2387 705 2454 eredendum
739 2410 809 2455 esee
841 2401 971 2456 eentum
1003 2390 1188 2459 hominibus
1221 2391 1328 2473 potius
1375 2386 1556 2470 ‚diligenter
1601 2387 1832 2470 inquirendum
1877 2406 2035 2469 quorsum
2075 2389 2167 2452 Deus
2212 2389 2356 2454 miserit:

357 2495 456 2557 quam
480 2473 547 2537 uni.
586 2473 682 2540 Unus
703 2495 782 2558 ergo
803 2485 875 2540 erat
891 2474 1055 2554 Ieremias,
1078 2495 1199 2558 magna
1221 2487 1328 2542 autem
1382 2471 1511 2550 deinde,
1540 2473 1676 2555 quinam
1706 2474 1863 2556 prodeant
1892 2494 1934 2538 ex
1963 2473 2033 2537 eins
2055 2472 2180 2550 sohola,
2215 2473 2360 2556 nequid

356 2558 715 2642 pseudoprophetarum
738 2561 839 2642 eopia.
873 2561 1001 2626 Deinde
1024 2581 1142 2626 nomen
1164 2561 1329 2643 propheti·
1381 2557 1470 2624 aliud
1500 2558 1653 2636 dooeant,
1686 2560 1749 2624 nisi
1778 2557 1865 2642 qnod
1894 2557 2078 2638 aooeperiat
2107 2577 2149 2622 ex
2171 2578 2264 2624 sauro
2286 2559 2360 2624 eius

355 2664 432 2710 oum
472 2653 543 2708 erat
581 2663 752 2710 summane
792 2645 951 2711 omnibus.
1007 2645 1061 2711 Ita
1099 2665 1229 2712 neumae
1269 2648 1330 2711 fnit
1381 2662 1448 2707 ore.
1493 2643 1556 2710 Hie
1585 2644 1626 2707 de
1654 2645 1822 2712 voeatione
1853 2663 1918 2708 non
1940 2641 2098 2708 disseram
2120 2643 2298 2726 prolixius:
2328 2645 2359 2709 ei

358 2749 527 2796 ooourrere
555 2730 755 2811 exceptioni,
787 2751 870 2813 quas
898 2739 1027 2813 poterat
1052 2731 1329 2813 oontemptibilem
1382 2729 1455 2810 quie
1484 2728 1708 2796 brevissimam
1738 2729 1961 2794 definitionem
1983 2739 2129 2809 quaerat,
2160 2739 2212 2792 est
2234 2727 2360 2812 duplex

356 2814 494 2880 reddere
511 2824 662 2880 sanetum
682 2815 745 2878 Dei
762 2835 905 2882 servum.
939 2816 1028 2900 Ergo
1046 2815 1219 2883 disorimen
1235 2817 1329 2899 ponit
1382 2813 1517 2891 vocatio,
1547 2834 1613 2878 una
1633 2813 1780 2890 interior,
1809 2813 1913 2880 altera
1935 2833 2012 2876 vero
2034 2832 2118 2895 quae
2139 2811 2181 2877 ad
2207 2813 2361 2880 ordinem

346 2901 444 2966 'inter
470 2898 570 2964 falsos
599 2899 755 2976 duotores,
785 2901 977 2983 quibusoam
1006 2901 1159 2982 oertabat,
1189 2910 1222 2966 et
1244 2903 1329 2968 inter
1376 2899 1533 2984 pertinet,
1556 2908 1590 2963 ει
1612 2898 1684 2964 ideo
1705 2907 1812 2981 potest
1833 2897 1942 2966 vouari
1963 2908 2110 2976 extasim,
2140 2897 2193 2962 vel
2215 2898 2359 2980 politioa.

357 3006 409 3050 se:
432 2985 525 3067 quasi
543 2984 673 3062 diaeret,
692 2986 762 3069 Ego
782 2986 913 3068 quidem
931 3007 1018 3052 unus
1035 3007 1118 3070 sum,
1136 2986 1193 3052 sed
1211 2988 1329 3053 missus
1381 2982 1532 3048 Externa
1554 2991 1663 3048 autem
1687 2986 1812 3051 voeatis
1835 3003 2004 3064 nunquam
2026 2982 2177 3065 legitima
2197 2983 2269 3061 erit,
2291 2985 2361 3048 nisi

359 3090 380 3135 a
412 3071 500 3134 Deo:
541 3079 575 3134 ει
615 3069 711 3151 probe
748 3071 830 3136 mihi
873 3092 945 3138 sum
983 3072 1132 3137 oonsoiue
1165 3073 1330 3154 legitimae
1381 3068 1554 3151 praecedat
1582 3068 1639 3134 illa
1669 3069 1813 3134 interior.
1863 3067 1979 3150 Neque
2007 3067 2097 3132 anim
2127 3075 2277 3137 nostrum
2307 3077 2361 3133 est

359 3155 554 3218 venationis:
584 3153 700 3218 deinde
728 3175 764 3218 re
793 3156 866 3236 ipsa
894 3157 1063 3220 ostendere
1092 3167 1226 3238 paratus
1246 3177 1330 3238 sum,
1382 3174 1493 3219 ereare
1522 3153 1574 3218 vel
1603 3153 1795 3237 prophetas,
1828 3153 1881 3219 vel
1911 3151 2090 3236 apostolos,
2126 3152 2177 3216 rel
2199 3165 2360 3235 pastores.

360 3259 414 3302 me
441 3257 508 3302 non
538 3240 655 3302 afferre
683 3248 865 3304 commenta
894 3240 1018 3306 eerebri
1039 3243 1112 3307 mei.
1157 3241 1207 3308 Ne
1228 3242 1331 3324 igitur
1381 3238 1456 3304 Hoo
1478 3239 1566 3304 enim
1589 3250 1638 3304 εει
1659 3239 1798 3322 epeoiale
1816 3238 1953 3320 spiritus
1969 3239 2082 3302 sanati
2104 3237 2238 3304 donum.
2275 3237 2360 3302 Pro·

360 3343 421 3388 vos
453 3321 545 3386 sallat
572 3321 650 3386 haee
672 3343 828 3405 perversa
850 3325 1048 3406 eomparatio
1068 3325 1166 3390 unius
1189 3326 1330 3391 hominis
1383 3324 1460 3388 inde
1489 3334 1525 3389 nt
1552 3325 1676 3390 eenties
1703 3328 1775 3408 quis
1803 3338 1938 3389 vocatus
1959 3321 2066 3398 fuerit,
2096 3332 2131 3386 et
2153 3321 2277 3388 eleetos
2299 3322 2361 3387 ho-

360 3427 432 3474 onm
462 3426 581 3490 magna
611 3408 829 3473 multitudine
873 3407 956 3472 Nam
987 3409 1039 3474 hio
1068 3431 1133 3474 non
1162 3413 1269 3495 agitur
1291 3413 1331 3478 de
1384 3409 1509 3473 minum
1533 3409 1706 3494 suffragiis,
1740 3431 1806 3475 non
1829 3419 1939 3474 tamen
1961 3409 2082 3489 poterit
2103 3409 2230 3473 oeneeri
2252 3408 2361 3490 legiti-

360 3493 558 3570 hominibus‚
589 3513 649 3557 neo
677 3491 717 3557 ds
738 3513 851 3559 eorum
874 3494 1066 3559 autoritate:
1096 3493 1152 3560 sed
1174 3515 1330 3577 quaeren·
1384 3514 1457 3558 mus
1478 3495 1635 3575 minister,
1663 3497 1725 3562 nisi
1749 3505 1884 3562 voeatue
1906 3493 2004 3558 fuerit
2026 3494 2096 3575 ipse
2118 3513 2139 3556 a
2160 3489 2251 3557 Deo:
2281 3495 2363 3574 quia

360 3580 440 3644 dnm
465 3588 524 3653 est,
548 3579 696 3659 quisnam
719 3577 784 3642 illis
806 3580 849 3643 sit
870 3589 972 3644 autor.
1006 3579 1042 3644 si
1065 3579 1156 3646 Deus
1178 3591 1228 3644 εει
1250 3581 1331 3646 mihi
1385 3579 1599 3660 requiruntur
1621 3582 1807 3662 praeolarae
1829 3580 1921 3644 dotes
1943 3576 1985 3641 ad
2002 3597 2123 3644 munus
2141 3577 2362 3660 apostolieum

361 3674 457 3729 antor
496 3664 671 3728 funotionis
707 3683 811 3743 meae,
850 3685 911 3747 ego
947 3685 1033 3729 unus
1069 3685 1189 3746 supero
1227 3676 1331 3730 totum
1385 3672 1419 3728 ει
1451 3662 1676 3745 propheticum
1714 3675 1746 3730 et
1776 3664 1957 3749 pastorale,
1997 3683 2080 3745 quae
2112 3683 2179 3726 non
2212 3674 2293 3727 sunt
2323 3663 2364 3726 in

361 3747 536 3814 mundum:
559 3749 587 3812 si
608 3747 658 3812 illi
680 3769 745 3813 non
767 3748 894 3814 fundati
916 3762 993 3815 eunt
1014 3751 1048 3814 in
1070 3751 1239 3818 vocatione
1257 3749 1330 3829 Dei,
1385 3747 1554 3813 hominum
1599 3770 1699 3815 manu
1742 3750 1796 3817 vel
1839 3748 1983 3815 arbitrio.
2044 3747 2207 3813 Videmus
2248 3749 2364 3830 itaque

361 3835 462 3899 etiam
494 3833 521 3898 si
551 3839 661 3898 essent
689 3833 799 3914 plures
828 3836 993 3917 centuplo,
1026 3844 1136 3900 tamen
1166 3836 1333 3901 evanesoit
1384 3853 1513 3915 semper
1540 3837 1721 3901 neeessario
1750 3835 1873 3920 requiri
1895 3853 2046 3899 aroanam
2069 3831 2135 3897 Dei
2159 3833 2364 3898 venationem

361 3917 520 4001 quidquid
543 3918 675 3982 iaetant.
712 3917 799 3983 Nam
822 3919 881 3982 soli
903 3918 975 3984 Deo
998 3919 1147 3985 habenda
1169 3929 1220 3986 est
1240 3920 1331 3986 fides.
1386 3933 1422 3984 ut
1443 3919 1514 4001 quis
1536 3919 1579 3985 sit
1601 3919 1654 3987 vel
1676 3921 1846 4004 propheta,
1876 3919 1931 3984 vel
1953 3918 2130 4001 apostolus,
2161 3917 2214 3982 vel
2237 3929 2362 4002 pastor.

361 4004 460 4069 Nono
491 4023 570 4086 ergo
602 4012 753 4068 tenemus
786 4003 956 4069 eonsilium
997 4006 1191 4089 prophetae,
1232 4027 1332 4088 quum
1385 4004 1524 4070 Vooatio
1552 4012 1661 4071 autem
1690 4008 1833 4073 seeunda
1854 4005 1961 4070 ordini
1984 4003 2141 4068 adiuueta
2163 4013 2223 4068 est.
2267 4001 2364 4069 Deus

364 4088 443 4154 dieit
466 4086 635 4170 propbetas
662 4108 786 4154 uerrere
813 4089 868 4154 sed
895 4108 956 4154 noo
979 4088 1081 4170 fuisse
1102 4092 1231 4156 missos:
1256 4111 1332 4172 pro-
1386 4091 1474 4155 enim
1508 4089 1582 4154 vult
1606 4093 1714 4158 omnia
1742 4092 1829 4157 inter
1857 4090 2008 4170 ausgari
2031 4091 2106 4167 rite,
2139 4092 2173 4152 et
2194 4108 2261 4153 non
2283 4109 2364 4154 oon-

357 4173 502 4255 plectere,
531 4173 586 4238 aed
611 4192 673 4238 aon
697 4193 762 4238 esee
791 4174 958 4240 instructos
984 4173 1059 4239 ullis
1081 4175 1145 4240 Dei
1165 4177 1332 4242 madetis.
1386 4174 1467 4240 fuse.
1512 4173 1600 4240 Hine
1633 4178 1733 4260 igitur
1765 4197 1835 4242 mos
1868 4173 2020 4258 eligendi.
2066 4173 2133 4240 Sed
2161 4193 2259 4256 saepe
2282 4194 2363 4240 oon·

364 4259 430 4324 Hio
451 4269 559 4320 autem
582 4258 673 4322 loona
696 4261 800 4341 primo
819 4260 912 4326 dooet
931 4259 1093 4323 neminem
1109 4259 1245 4342 dignum
1265 4281 1335 4325 sese
1387 4261 1494 4343 tinget
1529 4269 1566 4324 ut
1605 4263 1761 4341 sufficiat,
1799 4261 1990 4346 praesertim
2030 4257 2071 4322 ad
2110 4270 2257 4345 tempus,
2298 4260 2365 4324 Dei

365 4341 548 4420 audientia,
580 4343 645 4406 nisi
671 4344 725 4424 qui
757 4344 819 4408 Dei
847 4365 945 4410 verns
975 4353 1024 4409 est
1054 4345 1211 4408 minister.
1258 4343 1333 4409 Duo
1388 4347 1524 4410 voeatio.
1578 4345 1663 4412 Nam
1698 4347 1752 4413 nbi
1786 4346 1877 4412 nulla
1909 4355 1959 4412 est
1987 4343 2138 4422 ecelesia,
2169 4346 2236 4410 ¹nisi
2270 4345 2364 4410 Deus

364 4437 475 4494 autem
500 4427 680 4490 neeessaria
701 4438 787 4503 sunt,
811 4438 848 4492 ut
865 4430 937 4509 quis
956 4449 990 4494 se
1008 4428 1106 4492 talem
1126 4449 1195 4494 esse
1211 4430 1333 4511 probet,
1387 4432 1506 4494 exeitet
1532 4441 1628 4498 extra
1658 4433 1805 4498 ordinem
1833 4434 1988 4507 duotores,
2019 4428 2148 4494 nullum
2170 4431 2234 4494 erit
2255 4450 2363 4496 reme-

365 4532 484 4594 nempe
507 4512 651 4576 voeatis:
675 4510 791 4576 deinde
813 4512 895 4578 fides
912 4521 945 4577 et
962 4513 1142 4596 integritas.
1177 4513 1334 4595 Quisquis
1388 4512 1477 4578 dium
1506 4516 1601 4580 malo.
1643 4518 1731 4599 Ergo
1759 4519 1887 4586 voeatio
1916 4515 2091 4592 ordinaria,
2124 4515 2165 4580 de
2187 4535 2253 4598 qua
2274 4536 2363 4580 nuno

366 4619 445 4682 ergo
467 4617 504 4662 se
525 4597 656 4681 ingerit,
678 4597 830 4680 quamvis
852 4597 1006 4662 obtendat
1028 4618 1147 4662 nomen
1170 4597 1351 4680 propheti·
1387 4597 1565 4679 loquimur,
1598 4601 1717 4681 pendet
1747 4625 1789 4668 ex
1820 4613 1908 4670 statu
1943 4602 2006 4666 rite
2038 4602 2225 4683 oomposito.
2279 4599 2362 4666 Ubi·

366 4705 452 4766 oum,
475 4690 581 4765 potest
602 4692 673 4745 tuto
694 4680 868 4765 repudiari,
897 4683 974 4764 quia
996 4684 1088 4748 Deus
1111 4681 1170 4748 sibi
1195 4683 1252 4746 uni
1275 4683 1335 4748 hoe
1387 4704 1515 4765 cunque
1544 4684 1644 4768 igitur
1673 4696 1722 4751 εει
1749 4688 1885 4754 eoelesia
1912 4687 1992 4765 Dei,
2027 4685 2125 4750 habet
2153 4706 2232 4752 suas
2261 4686 2362 4770 leges,

367 4769 536 4854 proprium
567 4765 728 4840 venditat,
756 4787 874 4850 nempe
900 4769 1117 4833 obaudiatur.
1162 4767 1233 4833 Iam
1257 4770 1334 4832 sim·
1388 4767 1486 4833 habet
1518 4781 1639 4834 sertam
1673 4773 1832 4838 rationem
1865 4771 2126 4858 gubernationis:
2164 4771 2232 4836 illie
2265 4791 2362 4837 nemo

367 4855 444 4938 plex
465 4865 498 4917 et
520 4850 608 4916 nuda
629 4851 755 4917 voeatis
773 4872 839 4916 non
858 4853 1030 4931 sufficeret,
1053 4855 1116 4918 nisi
1132 4854 1186 4934 qui
1202 4867 1335 4919 rosetus
1388 4854 1481 4918 debet
1502 4874 1573 4921 sese
1595 4854 1755 4937 ingerere,
1778 4859 1906 4925 etiamsi
1925 4859 2060 4942 angelos
2075 4878 2190 4924 omnes
2206 4867 2361 4940 aequaret

366 4952 418 5006 est
439 4938 582 5003 fideliter
603 4957 734 5020 operam
758 4933 829 5000 Deo
852 4956 910 5000 sno
932 4937 1108 5019 impendat.
1147 4938 1335 5018 Utrumque
1388 4939 1611 5016 sanotimonia,
1645 4940 1684 5004 ad
1714 4964 1833 5010 munus
1862 4944 2089 5028 propheticum
2111 4942 2166 5008 rel
2188 4943 2360 5027 pastorale.

367 5026 423 5090 hio
448 5034 591 5101 notatur,
620 5023 696 5106 qnia
724 5020 802 5086 dioit
824 5019 993 5102 propbetas
1019 5042 1161 5100 currere,
1186 5027 1336 5088 ettamen
1388 5021 1455 5089 Sed
1486 5025 1539 5088 ubi
1569 5024 1658 5090 nulla
1688 5038 1737 5094 εει
1767 5029 1916 5110 eeolesis,
1949 5028 2043 5095 Deus
2072 5028 2233 5114 singulari
2264 5029 2361 5095 modo

367 5130 429 5175 non
450 5129 515 5176 esse
535 5109 658 5191 missos,
685 5105 809 5184 deinde,
837 5105 931 5189 loqui,
959 5107 1129 5171 etdestitsa'
1150 5113 1250 5172 mmet
1272 5107 1337 5174 Dei
1388 5110 1510 5173 exaitat
1546 5107 1707 5183 doctores.
1747 5117 1801 5196 qui
1838 5115 1933 5180 eleoti
1969 5135 2035 5180 non
2071 5126 2149 5180 sont
2191 5115 2360 5180 hominnm

367 5195 523 5260 mondum
561 5194 682 5260 Fateor
703 5193 831 5276 quidem
854 5191 992 5258 diversis
1015 5191 1122 5256 verbis
1144 5213 1212 5256 rem
1236 5212 1334 5257 unam
1388 5193 1568 5277 suffragiis:
1598 5199 1674 5278 quia
1704 5197 1764 5263 hoo
1791 5199 1862 5262 fieri
1883 5222 1947 5265 non
1971 5210 2085 5282 potest,
2116 5201 2171 5266 ubi
2195 5202 2289 5266 nulls
2310 5213 2362 5268 εει

367 5292 403 5348 ει
423 5281 557 5346 eandem
580 5279 634 5346 hio
656 5280 757 5364 repeti
776 5299 816 5342 ex
835 5277 1000 5342 eommuni
1018 5275 1148 5360 linguae
1166 5275 1335 5342 hebraicae
1388 5277 1492 5342 forma
1523 5280 1687 5348 ecelesiae.
1739 5286 1979 5364 Argumentum
2014 5287 2144 5369 quidem
2173 5288 2235 5353 hoo
2264 5289 2362 5375 longe
