5118 6136
380 429 441 496 647
1184 426 1571 500 PBABLEOTIONES
2317 430 2378 494 648

466 617 497 683 5.
526 615 640 684 Adhuc
662 615 826 698 plantabis
847 616 925 681 vites
945 615 980 680 ia
1002 615 1154 682 meatibus
1177 614 1354 697 Samariae,
1407 635 1468 681 sua
1495 614 1650 681 vaticinia
1680 615 1719 680 ad
1751 622 1855 682 tatum
1884 616 1996 699 populi
2025 639 2151 700 corpus.
2195 615 2252 684 Sia
2280 618 2378 684 etiam

375 703 564 790 plantabant
578 703 774 784 plantatores
796 700 870 787 (hoc
889 708 947 779 eat,
969 701 1166 784 plantabunt
1185 700 1356 786 vinitores)
1407 702 1469 767 hoc
1490 700 1560 766 loca
1581 700 1736 766 Ieremias
1754 701 1982 786 complectitur
2000 723 2156 768 unacum
2175 705 2263 768 tribu
2283 703 2380 769 Iehu-

380 795 408 856 at
437 789 651 872 profanabant
682 785 727 872 (id
761 800 826 866 εει,
861 786 1032 853 conferent
1065 788 1105 853 ad
1139 808 1234 854 usum
1268 808 1355 853 com·
1408 786 1472 852 dab
1493 785 1635 869 reliquas
1657 786 1779 870 decem,
1809 797 1842 852 et
1864 787 2032 854 dimidiam
2054 788 2173 853 tribum
2197 789 2379 870 Beniamin,

380 873 539 960 munem).
1407 873 1484 953 quia
1506 873 1635 937 fuerant
1661 872 1794 955 quidem
1816 894 1859 938 ex
1888 874 1974 940 tribu
1998 873 2171 939 Beniamin
2194 875 2326 955 residui,
2347 885 2380 940 et

1408 959 1462 1041 qui
1492 978 1662 1041 nunquam
1693 957 1899 1024 desciverant
1927 981 1946 1024 a
1973 958 2099 1024 familia
2121 959 2267 1026 Davidis.
2312 959 2378 1026 Sed

469 1029 531 1114 55η
554 1043 720 1129 significat
752 1043 942 1125 profanare:
976 1043 1033 1109 sed
1063 1044 1227 1128 significat
1258 1045 1355 1108 etiam
1407 1043 1514 1108 solent
1529 1064 1645 1108 vocare
1663 1064 1804 1128 regnum
1820 1044 1923 1110 Israel
1940 1044 2049 1112 decem
2066 1045 2179 1125 tribus,
2192 1055 2226 1111 ει
2242 1066 2380 1130 regnum

382 1131 628 1198 accommodare
650 1129 691 1195 ad
714 1151 823 1207 usum,
853 1139 1039 1212 absumpta
1068 1141 1120 1195 est
1145 1129 1292 1213 loquutio
1315 1152 1356 1194 ex
1407 1128 1560 1195 Iehudah
1583 1127 1757 1210 designant
1779 1151 1838 1212 par
1860 1129 1980 1195 tribum
2004 1152 2118 1196 uuam:
2146 1133 2192 1198 sic
2213 1129 2380 1198 abscondi·

382 1219 464 1302 lege,
499 1219 576 1299 quia
607 1235 674 1281 non
708 1216 828 1281 licebat
859 1214 1029 1280 comedere
1059 1236 1099 1280 ex
1130 1216 1238 1281 fructu
1268 1215 1355 1292 vitis,
1409 1226 1463 1280 tur
1485 1217 1592 1280 tribus
1613 1214 1796 1294 Beniamin,
1827 1235 1909 1298 quaa
1931 1217 1964 1280 in
1994 1217 2074 1283 duas
2103 1227 2212 1300 partes
2239 1225 2309 1282 erat
2331 1216 2379 1281 di·

382 1304 448 1369 uisi
477 1311 552 1386 post
585 1323 690 1367 anuos
723 1310 881 1384 quatuor:
914 1302 989 1385 quia
1022 1301 1115 1383 quasi
1148 1302 1355 1385 praeputium
1407 1301 1490 1367 visa
1537 1299 1662 1367 Sensus
1685 1322 1761 1385 ergo
1784 1301 1963 1385 prophetae
1984 1311 2043 1382 est,
2066 1323 2167 1384 quum
2185 1303 2276 1368 Deus
2299 1303 2381 1367 redi·

383 1391 539 1454 manebat
559 1389 594 1453 in
619 1387 693 1464 vite,
717 1399 754 1451 ut
777 1388 902 1453 fruetus
924 1397 1033 1451 essent
1054 1387 1185 1470 impuri.
1226 1387 1357 1453 Deinde
1408 1396 1476 1451 mat
1497 1387 1652 1469 populum
1671 1406 1776 1464 suum,
1800 1407 1865 1452 uon
1883 1391 2014 1451 tantum
2031 1387 2170 1454 Iudaeos
2186 1389 2221 1453 iu
2240 1391 2380 1471 patriam

383 1475 481 1558 primi
518 1474 645 1540 fructus
682 1472 902 1538 offerebantur
939 1471 1026 1537 Deo:
1068 1481 1179 1556 postea
1218 1473 1356 1556 quisque
1408 1493 1480 1538 esse
1503 1473 1674 1548 redituros,
1698 1472 1754 1536 sed
1777 1473 1874 1538 simul
1897 1474 1978 1538 alios
1999 1472 2177 1556 Israeliten,
2201 1472 2242 1538 de
2263 1475 2380 1556 quibus

382 1560 554 1626 fruebatur
574 1560 643 1624 suis
664 1558 845 1624 vindemiis.
880 1556 948 1625 Sed
970 1559 1098 1623 interea
1120 1559 1252 1642 respicit
1270 1558 1357 1624 Iere—
1408 1559 1475 1622 lere
1490 1556 1695 1640 desperatum
1713 1568 1792 1635 erat,
1812 1556 1963 1640 quoniam
1981 1559 2077 1642 longo
2093 1568 2238 1642 tempore
2257 1560 2380 1624 habita·

384 1647 467 1712 miss
493 1645 534 1711 ad
563 1643 807 1711 maledictiones
837 1663 919 1727 quae
949 1643 1025 1709 alibi
1056 1643 1221 1728 leguntur,
1254 1644 1354 1710 Plan·
1408 1649 1526 1709 versut
1547 1643 1582 1708 iu
1606 1643 1735 1708 exsilio:
1764 1643 1881 1710 deiude
1903 1643 1981 1727 qnia
2003 1647 2184 1711 reieceraut
2206 1665 2326 1727 purum
2349 1657 2380 1708 ει

384 1732 469 1797 tabis
491 1732 633 1808 vincam,
656 1739 690 1796 ει
711 1731 767 1795 alii
789 1728 959 1796 comedant
981 1730 1132 1795 fructum.
1166 1729 1256 1811 Quid
1278 1751 1355 1814 ergo
1408 1729 1591 1812 legitimum
1626 1729 1753 1795 cultum
1786 1729 1865 1807 Dei,
1908 1741 2059 1812 poterant
2092 1733 2217 1796 censeri
2248 1751 2381 1812 prorsus

383 1817 540 1902 intelligit
569 1815 622 1882 his
644 1814 777 1882 verbis?
811 1836 930 1900 nempe
959 1815 1124 1899 regionem
1154 1816 1195 1881 ad
1224 1823 1355 1899 tempus
1408 1824 1501 1880 extra
1524 1836 1640 1898 corpus
1663 1816 1825 1882 ecclesiae.
1869 1815 1956 1880 Nam
1979 1837 2039 1880 sua
2066 1814 2201 1900 perfidia
2230 1837 2302 1881 εεεε
2325 1815 2380 1880 ab·

383 1905 431 1970 sic
452 1904 521 1968 iore
551 1901 712 1968 desertam
736 1909 773 1967 at
794 1901 829 1966 iu
852 1902 1018 1966 montibus
1048 1902 1181 1984 optimis
1209 1910 1242 1966 ει
1264 1903 1354 1968 lerti-
1408 1901 1605 1981 dicaverant,
1637 1910 1674 1965 ut
1700 1900 1827 1985 indigui
1850 1908 1960 1966 essent
1983 1912 2050 1968 tam
2073 1901 2252 1966 honorifico
2274 1901 2379 1966 titulo.

382 1989 517 2055 lissimis
545 1987 655 2053 nullae
683 1987 751 2053 sint
772 1987 867 2052 vites.
911 1987 997 2052 Nam
1028 1996 1156 2053 montes
1185 1987 1356 2072 Samariae
1408 1985 1464 2053 Sia
1495 1986 1655 2069 propheta
1684 1987 1738 2052 hic
1771 1988 1944 2052 denuntiat
1979 1987 2179 2071 superiorem
2216 1985 2287 2052 fora
2317 1987 2380 2053 Dei

383 2086 478 2142 erant
500 2074 640 2140 vitiferi:
671 2083 705 2138 ει
726 2094 824 2156 qnam
854 2073 981 2138 excisae
1010 2084 1120 2140 essent
1147 2073 1239 2140 illinc
1262 2075 1355 2152 vites,
1408 2073 1547 2154 gratiam
1577 2071 1703 2137 malitia
1733 2072 1790 2137 illa
1819 2085 1852 2136 et
1883 2072 2100 2138 obstinatione
2129 2071 2240 2155 populi
2267 2072 2380 2137 Israel.

383 2161 447 2225 fuit
468 2159 633 2225 horribilis
655 2160 800 2225 vastitas.
847 2157 956 2238 Quum
980 2179 1058 2242 erge
1081 2158 1159 2224 dicit
1188 2159 1355 2242 propheta,
1409 2158 1624 2240 Dicitigitur
1651 2162 1814 2223 ventarum
1842 2159 2011 2239 diemque
2040 2157 2215 2224 cambam
2241 2159 2381 2224 custodes

383 2245 485 2312 adhuc
507 2245 694 2329 plantabant
722 2245 855 2324 cineam,
886 2243 1050 2327 significat
1080 2244 1120 2309 ad
1143 2256 1273 2328 tempus
1300 2246 1355 2310 de·
1407 2245 1442 2309 ia
1462 2250 1562 2309 morte
1583 2242 1751 2326 Ephraim.
1795 2243 1860 2308 Per
1891 2265 2009 2309 nomen
2038 2243 2207 2327 Ephraim,
2237 2251 2275 2309 ut
2303 2245 2381 2308 satis

381 2333 519 2398 formem
555 2333 623 2396 lore
656 2340 794 2396 terram:
834 2329 932 2395 sicuti
966 2350 1066 2413 quum
1101 2329 1223 2396 diecret
1255 2331 1357 2396 adbuc
1408 2338 1520 2395 notum
1544 2337 1602 2408 εει,
1626 2350 1722 2410 saepe
1741 2329 1974 2412 intelliguntur
1991 2328 2101 2395 decem
2121 2330 2226 2394 tribus
2248 2335 2381 2411 propter

383 2417 551 2497 aedificabo
580 2423 623 2497 te,
657 2416 810 2482 monebat
838 2415 991 2492 Iudaeos,
1026 2425 1063 2481 ut
1090 2416 1204 2498 aequis
1237 2417 1356 2481 animis
1406 2415 1587 2492 Isrobeam,
1617 2417 1672 2498 qui
1698 2415 1824 2496 primus
1851 2415 1917 2480 illic
1945 2417 2107 2498 regnavit.
2152 2413 2218 2480 Sed
2249 2436 2378 2498 semper

383 2504 567 2586 perferrent
597 2501 752 2566 iudicium
781 2502 858 2579 Dei,
889 2521 987 2582 quum
1017 2501 1102 2565 nihil
1132 2502 1357 2584 conspicerent
1408 2501 1588 2566 notandum
1613 2509 1670 2578 est,
1694 2501 1753 2565 sub
1784 2520 1850 2564 una
1879 2503 1985 2583 specie
2015 2499 2244 2582 comprehendi
2272 2508 2378 2565 totum

383 2596 515 2671 practer
543 2587 655 2652 ruinas
685 2588 718 2650 in
745 2597 814 2650 tota
841 2593 938 2649 terra.
982 2585 1055 2654 Hoc
1085 2608 1163 2669 ergo
1192 2588 1355 2671 siguificat
1408 2607 1523 2672 genus.
1578 2587 1667 2670 Ergo
1702 2606 1803 2669 quum
1844 2586 1991 2668 loquitur
2030 2607 2118 2652 uuna
2150 2585 2306 2650 Ieremias
2339 2585 2377 2650 da

384 2693 451 2739 vox
474 2671 593 2738 adbuc:
621 2671 677 2736 sed
699 2691 800 2752 quum
824 2670 974 2752 promisit
995 2669 1102 2737 adhuc
1123 2673 1192 2736 fore
1213 2676 1299 2737 vitas
1320 2674 1354 2737 iu
1408 2681 1519 2737 monte
1538 2672 1706 2754 Bphraim,
1730 2671 1883 2756 iutelligit
1904 2691 2016 2737 omues
2034 2670 2185 2737 custodes
2205 2673 2261 2753 qui
2281 2671 2377 2736 locati

383 2758 550 2824 montibus
580 2755 765 2833 Samariae,
798 2754 948 2839 adiungit
973 2757 1079 2822 fructu
1109 2758 1270 2839 potituros
1300 2759 1355 2841 qui
1409 2767 1505 2823 erunt
1533 2757 1568 2821 in
1598 2758 1738 2840 speculis
1767 2778 1825 2840 per
1855 2763 1960 2823 tetum
1988 2778 2125 2844 regnum
2154 2757 2267 2822 Israel.
2311 2755 2377 2822 Sed

385 2865 439 2911 aas
460 2842 694 2925 plantaverint.
739 2840 804 2905 Hic
827 2849 937 2906 autem
961 2853 1010 2907 εει
1031 2843 1179 2909 cumulus
1206 2843 1356 2910 benedic·
1409 2841 1572 2907 notandae
1588 2852 1666 2908 suut
1681 2842 1870 2919 antitheses,
1887 2843 2138 2926 quiaIarobeam
2153 2841 2377 2908 intercluserat

384 2931 498 3013 tionis,
532 2927 651 3012 alioqui
686 2926 767 2991 nihil
797 2926 966 3010 prodesset
996 2927 1144 3009 plantare
1173 2930 1268 3008 vites,
1302 2929 1357 2995 vel
1409 2929 1533 2993 aditum
1546 2927 1715 3009 Israelitis,
1727 2949 1768 2993 ue
1780 2929 1993 2996 ascenderent
2004 2928 2251 3011 lerosolymam.
2274 2927 2376 2992 Tima-

384 3035 567 3096 conserere,
590 3013 656 3078 nisi
678 3011 845 3078 accederet
867 3012 947 3078 haec
967 3013 1030 3078 Dei
1049 3012 1240 3082 benedictio.
1271 3017 1355 3082 Nam
1407 3015 1463 3080 bat
1485 3014 1572 3079 enim
1596 3036 1636 3079 ue
1658 3013 1727 3080 illic
1749 3014 1901 3080 audirent
1923 3013 1962 3080 ds
1981 3029 2138 3098 perpetuo
2154 3013 2218 3078 Dei
2242 3013 2373 3092 foedare,

385 3101 513 3166 tristius
546 3100 644 3183 louge
677 3099 846 3182 privamur
877 3105 994 3163 nostra·
1022 3100 1225 3181 possessione
1258 3123 1356 3184 quam
1408 3100 1495 3183 quod
1518 3099 1685 3183 pepigerat
1708 3119 1782 3165 cum
1802 3099 1939 3180 Davide,
1969 3111 2001 3166 et
2022 3101 2094 3166 eius
2116 3099 2263 3183 posteris.
2308 3097 2375 3164 Sibi

385 3184 600 3263 excoluimus,
626 3191 659 3248 ει
681 3184 714 3248 in
738 3204 801 3267 qus
822 3182 1042 3266 impendimus
1063 3185 1201 3251 multum
1224 3187 1355 3253 laboris.
1408 3187 1493 3251 male
1522 3188 1669 3251 conscius
1699 3194 1779 3265 erat,
1813 3186 1898 3268 quod
1928 3185 2123 3269 acquisierat
2150 3185 2211 3251 sibi
2241 3205 2375 3268 regnum

386 3270 454 3352 Qui
476 3290 554 3354 ergo
571 3269 772 3352 plantaverit
793 3289 914 3352 magua
936 3267 1105 3354 diligentia
1123 3272 1216 3351 vites,
1239 3272 1356 3339 deinde
1408 3272 1503 3336 malis
1525 3272 1658 3337 artibus.
1702 3269 1795 3338 Deus
1818 3271 1948 3354 quidem
1971 3273 2109 3336 iusserat
2131 3270 2224 3335 illum
2244 3272 2322 3354 ungi
2343 3272 2375 3334 in

386 3357 442 3440 qui
459 3355 597 3422 coluerit
614 3365 746 3432 terram,
768 3353 796 3419 si
814 3355 943 3421 eiicitur
959 3354 995 3419 iu
1013 3356 1174 3437 exsilium,
1193 3357 1248 3423 ubi
1266 3360 1357 3424 videt
1407 3377 1519 3443 regem
1536 3378 1601 3508 Xer
1623 3377 1755 3422 manum
1779 3357 1956 3441 prophetae
1974 3357 2041 3422 sui:
2064 3355 2120 3422 sed
2139 3377 2204 3421 non
2223 3358 2376 3438 sequitur,

386 3443 511 3508 alienos
538 3440 651 3524 potiri,
682 3439 744 3504 hoc
765 3440 900 3523 gravius
929 3440 999 3505 eius
1028 3443 1171 3508 animam
1195 3445 1356 3509 vulnerat.
1408 3443 1534 3527 quoda
1579 3443 1686 3526 ipsum
1706 3446 1842 3525 spectat,
1864 3443 1948 3508 iuste
1967 3463 2131 3526 regnasse.
2169 3442 2272 3508 Recte
2289 3441 2377 3508 Deus

386 3529 476 3613 Ergo
506 3526 667 3610 propheta
688 3525 741 3590 hic
762 3526 926 3610 significat
955 3534 1077 3592 certam
1100 3526 1167 3593 lore
1189 3529 1254 3595 Dei
1283 3551 1357 3613 gra·
1408 3529 1514 3594 voluit
1536 3528 1647 3594 ulcisci
1664 3527 1864 3607 Rehabeam,
1887 3537 1920 3593 st
1942 3528 2040 3594 simul
2063 3528 2161 3594 etiam
2184 3547 2303 3610 poenas
2326 3547 2378 3592 ex-

386 3615 481 3691 tiam,
511 3613 674 3696 quianon
697 3610 791 3675 modo
819 3611 949 3677 dabitur
972 3613 1073 3678 otium
1098 3613 1227 3680 Iudaeis
1257 3637 1356 3699 quum
1408 3615 1497 3697 igere
1521 3613 1560 3678 de
1582 3617 1652 3678 toto
1679 3613 1816 3698 popule:
1848 3614 1991 3696 perfidus
2014 3634 2091 3678 vero
2119 3613 2175 3678 ille
2197 3614 2252 3696 qui
2275 3614 2378 3678 luerat

386 3699 511 3764 reversi
534 3697 657 3763 fuerint
675 3697 716 3762 ad
735 3699 816 3760 vites
836 3697 1039 3779 plantandas,
1064 3700 1119 3764 sed
1138 3701 1236 3766 stiam
1254 3702 1356 3785 quieti
1408 3709 1504 3766 autor
1524 3699 1713 3765 deiectionis
1732 3720 1832 3782 quum
1852 3699 1951 3766 vellet
1968 3698 2114 3765 stabilire
2132 3719 2270 3783 ragnum
2294 3699 2378 3781 apud

387 3793 420 3851 ει
441 3783 610 3866 tranquilli
633 3784 799 3868 potientur
820 3781 878 3846 illa
900 3783 1017 3848 fructu.
1056 3784 1275 3868 Profaaabaot
1295 3787 1357 3872 igi·
1407 3795 1563 3869 posteros,
1586 3785 1693 3850 vetuit
1715 3807 1755 3849 ue
1774 3787 1846 3867 quia
1864 3785 2099 3870 lerosolymam
2119 3783 2324 3850 ascenderet:
2347 3793 2381 3849 st

386 3879 451 3950 tur,
474 3869 537 3935 hoc
554 3879 613 3948 εει,
636 3867 924 3935 accommodabant
947 3869 981 3933 in
1005 3890 1103 3935 usam
1125 3893 1223 3937 suum
1244 3873 1357 3957 quinto
1408 3870 1479 3937 ideo
1502 3871 1667 3936 exstruxit
1689 3872 1811 3952 templa
1832 3885 1863 3936 et
1891 3871 2007 3937 altaria
2036 3873 2069 3935 in
2092 3870 2170 3935 Dan
2196 3879 2229 3936 ει
2251 3870 2380 3936 Bethel.

281 3969 284 3976 '
386 3977 474 4021 anno
497 3975 598 4038 quum
621 3955 708 4020 vites
730 3955 872 4019 fractum
901 3975 995 4019 suum
1024 3955 1235 4037 protulerint:
1265 3960 1356 4043 quasi
1409 3957 1629 4039 Quamobrem
1668 3955 1826 4040 propheta
1857 3957 1983 4022 Hosaas
2016 3955 2059 4041 (6,
2087 3954 2121 4041 9)
2160 3955 2379 4037 conqueritur,

382 4041 515 4118 diceret,
538 4039 747 4105 Habitabunt
769 4039 888 4121 absque
911 4039 1059 4106 molestia
1080 4044 1114 4107 in
1133 4064 1192 4109 sua
1210 4045 1356 4110 haeredi·
1408 4043 1494 4127 quod
1510 4043 1697 4108 obsiderent
1712 4063 1825 4108 omncs
1837 4045 1906 4108 vias
1922 4045 2025 4107 instar
2041 4044 2215 4107 latronum.
2249 4041 2381 4124 Iugula-

382 4135 448 4192 tats
471 4126 527 4194 ubi
550 4125 652 4191 semel
675 4123 801 4191 reversi
824 4126 955 4191 luerint.
1409 4129 1529 4195 bantur
1552 4129 1638 4194 enim
1667 4128 1765 4194 multi
1786 4150 1886 4211 quum
1909 4128 2124 4194 ascenderent
2145 4126 2380 4211 lerosolymam

1409 4213 1448 4278 ad
1483 4212 1648 4278 offerenda
1677 4213 1750 4278 Deo
1778 4214 1953 4280 sacrificia:
1988 4214 2042 4278 alii
2072 4212 2319 4296 diripiebantur,
2348 4225 2381 4277 at

469 4298 499 4362 6.
526 4297 608 4380 Quia
626 4297 777 4380 eritdies,
801 4295 1055 4376 proclamabant
1075 4296 1357 4382 (sedsubaadieu-
1410 4299 1661 4365 remittebantur
1688 4297 1830 4365 domum.
1873 4299 1967 4366 Haec
1995 4301 2096 4382 igitur
2125 4299 2302 4364 antithesis
2329 4309 2394 4362 est·

382 4382 461 4448 dum
495 4391 545 4447 εει
579 4383 769 4466 relativum)
808 4384 951 4448 custodes
989 4383 1024 4447 ia
1055 4389 1154 4448 macte
1187 4383 1355 4470 Ephraim,
1409 4384 1509 4468 digna
1531 4394 1645 4449 notatu
1667 4405 1768 4467 quum
1789 4385 1866 4449 dicit
1884 4386 2054 4467 propheta,
2077 4384 2191 4450 Adbuc
2208 4383 2381 4448 clamabam

384 4469 525 4553 Sospite,
572 4473 599 4532 et
634 4469 839 4535 asceadamaa
876 4464 954 4533 Sim
990 4469 1033 4534 ad
1070 4468 1217 4536 Iebovam
1252 4471 1357 4536 Deam
1408 4471 1546 4535 custodes
1567 4471 1602 4535 ia
1628 4476 1726 4535 meme
1754 4469 1920 4554 Ephraim,
1952 4470 2087 4554 Sarptte,
2114 4470 2318 4535 asamdamas
2346 4471 2381 4534 ia

382 4560 531 4622 nostram.
1410 4555 1488 4621 Sion
1510 4557 1552 4622 ad
1572 4547 1678 4620 Deam
1698 4561 1847 4622 nostrum.
1892 4556 1977 4621 Nam
2007 4556 2156 4639 quamvis
2183 4557 2217 4620 in
2241 4557 2380 4639 speciem

1409 4651 1537 4707 tantum
1569 4641 1755 4707 desererent
1785 4655 1930 4725 posteros
1960 4641 2110 4721 Davidis,
2139 4641 2239 4706 simul
2270 4651 2380 4706 tamen

470 4725 637 4810 Propheta
665 4723 719 4789 hic
750 4723 925 4807 amplificat
956 4724 1017 4789 Dei
1050 4724 1251 4806 beneficium,
1281 4728 1356 4810 quia
1408 4725 1615 4810 abnegabant
1643 4747 1758 4794 verum
1788 4735 1822 4792 ει
1849 4748 1966 4811 purum
1995 4729 2056 4793 Dei
2085 4727 2225 4792 cultum:
2256 4738 2290 4791 et
2318 4726 2382 4791 fuit

384 4833 450 4880 non
481 4821 609 4877 tantum
640 4808 791 4875 restituat
818 4808 938 4874 tribum
970 4808 1129 4889 Iehudah,
1158 4811 1214 4877 sed
1245 4811 1355 4878 decem
1408 4811 1595 4877 adulterina
1626 4812 1684 4878 illa
1717 4813 1832 4896 religio
1860 4834 1958 4896 quam
1992 4813 2120 4896 sequuti
2156 4821 2237 4878 sunt
2268 4823 2381 4878 autore

384 4919 513 4983 quoque
536 4897 648 4975 tribus,
672 4915 755 4978 quae
777 4895 869 4977 prius
891 4893 1048 4961 abductae
1078 4895 1208 4961 lucrant
1237 4897 1271 4962 in
1300 4919 1356 4963 ex·
1408 4896 1587 4974 Isrobeam,
1618 4900 1693 4980 quia
1719 4899 1861 4981 oportuit
1884 4905 2010 4964 tautam
2034 4919 2100 4962 nno
2122 4899 2155 4962 in
2179 4897 2250 4964 loco
2272 4897 2382 4962 offerri

385 4985 504 5050 silium.
560 4982 626 5048 Hic
664 5001 742 5064 ergo
782 4981 943 5063 promittit
985 4979 1116 5063 plenam
1155 4990 1189 5047 et
1221 4983 1357 5048 solidam
1409 4983 1481 5047 Deo
1502 4983 1671 5062 sacrificia,
1698 4983 1794 5050 sicuti
1817 4985 1850 5048 in
1874 4985 1946 5068 legs
1971 4987 2103 5066 saepius
2129 4984 2301 5067 repetitur,
2331 4984 2381 5048 'Pu

385 5068 625 5134 restitutionem
644 5065 808 5133 ccclesiae.
846 5063 1031 5146 Prophetae
1054 5087 1117 5131 nou
1141 5088 1271 5151 semper
1294 5089 1358 5132 uno
1410 5069 1519 5133 venies
1540 5066 1581 5132 ad
1599 5070 1715 5148 locum,
1734 5090 1830 5153 quem
1850 5069 2013 5135 Dominus
2032 5071 2122 5136 Deus
2142 5079 2217 5134 tuus
2235 5068 2380 5153 elegerit

385 5153 481 5221 modo
513 5155 691 5238 lequuntur
725 5152 763 5216 de
797 5151 989 5217 liberatione
1021 5152 1147 5233 populi,
1184 5153 1359 5236 aliquando
1409 5153 1477 5237 Ipsi
1500 5161 1608 5219 autem
1628 5164 1813 5238 contempto
1834 5155 1914 5235 loeo,
1936 5175 2033 5238 quem
2051 5155 2143 5220 Deus
2161 5154 2221 5220 sibi
2241 5155 2381 5220 destina·

384 5241 590 5324 restringunt
611 5259 705 5306 suam
727 5238 907 5305 doctrinam
934 5235 974 5300 ad
997 5236 1118 5302 tribum
1141 5237 1300 5322 Iehudah,
1323 5258 1360 5305 aa
1410 5249 1512 5317 vorat,
1535 5248 1708 5306 erexerant
1726 5241 1802 5306 alibi
1824 5241 1948 5307 altaria
1994 5241 2096 5306 Totus
2118 5241 2219 5326 igitur
2236 5240 2292 5304 ille
2314 5240 2380 5306 cul-

387 5327 414 5393 si
436 5325 554 5410 reliqui
578 5326 718 5391 luissent
739 5323 917 5407 desperati:
946 5321 1002 5388 sed
1032 5323 1160 5404 saepius
1183 5325 1359 5390 ostendunt
1411 5329 1465 5390 tus
1494 5325 1556 5390 tuit
1584 5347 1675 5390 mera
1704 5327 1906 5410 superstitio:
1940 5337 1972 5392 et
1997 5327 2146 5409 quamvis
2176 5325 2382 5393 cumularent
