5134 6124
214 439 275 503 301
908 441 958 506 ΙΝ
982 439 1230 507 IEREMIAM.
1275 438 1375 505 CAP.
1398 437 1531 504 XVIII.
2156 443 2220 509 302

216 627 304 726 soliti
336 637 429 706 sunt,
458 647 525 692 non
555 647 725 694 cessurum
753 627 819 693 illis
851 628 1004 712 impune,
1037 629 1190 728 quoniam
1244 647 1311 692 non
1334 628 1486 692 dixerint.
1518 625 1685 727 Videntur
1706 625 1788 727 haec
1810 627 1874 694 duo
1897 628 1992 729 inter·
2005 651 2039 694 se
2062 650 2219 715 pugnare.

213 717 435 866 ἓῖιῗέῗιὲΐῖ
446 712 1191 884 ttttltltttttttttttl“rtttl
1243 712 1443 876 &hilii
1458 712 2021 884 ,tittttrlttt‘tttlffttt
2043 716 2221 870 §tabiit

214 897 274 966 est,
296 887 330 950 in
345 885 449 952 -cuiue
471 905 570 950 mann
594 905 718 965 sumus,
750 893 783 950 ει
804 893 975 968 potestate.
1019 886 1091 952 Iam
1115 905 1190 969 pro·
1244 885 1401 968 magistra
1424 884 1551 968 dicitur,
1574 906 1641 950 non
1662 885 1749 968 ipsos
1772 886 1969 971 fatigaverit.
2009 888 2094 959 Nam
2117 909 2219 972 quum

213 972 315 1055 pheta
330 971 461 1038 subiicit
476 991 575 1054 qnam
594 971 767 1055 desperata
784 972 885 1038 luerit
902 971 1015 1057 populi
1033 972 1191 1054 impietas,
1244 972 1342 1036 toties
1364 969 1556 1036 didicissent
1577 990 1698 1055 magno
1719 991 1779 1037 suo
1801 971 1898 1050 malo,
1928 993 1964 1038 se
1985 993 2073 1039 nunc
2095 974 2136 1041 ab
2159 976 2219 1041 As·

214 1077 333 1140 nempe
367 1057 522 1140 quonism
555 1057 682 1124 inutilis
719 1058 821 1123 luerit
852 1059 922 1125 eius
955 1057 1053 1123 labor.
1108 1057 1191 1122 Fuit
1244 1057 1351 1140 syriis,
1381 1076 1470 1122 nunc
1491 1055 1532 1122 ab
1555 1055 1728 1140 Aegyptiis
1751 1056 1902 1140 deceptos
1923 1059 2035 1138 icisse,
2066 1060 2127 1127 boc
2157 1061 2220 1126 tait

214 1143 344 1226 quidem
367 1141 449 1209 haee
469 1142 656 1226 prodigiosa
678 1143 860 1226 stupiditas,
884 1165 990 1227 neque
1008 1143 1109 1208 minis
1127 1145 1190 1208 Dei
1244 1141 1342 1207 nimis
1364 1163 1493 1208 crassae
1515 1145 1686 1221 amentiae,
1710 1163 1774 1208 non
1797 1144 1927 1209 andem
1951 1144 2104 1231 colligere
2121 1147 2220 1230 longo

215 1231 349 1307 terreri,
391 1249 498 1312 neque
531 1229 616 1294 allici
649 1239 717 1294 tam
753 1228 880 1296 blandis
936 1229 1190 1296 romissIcnibus.
1244 1248 1323 1293 usu:
1346 1227 1445 1293 Oerte
1468 1249 1527 1293 nos
1548 1229 1671 1293 frustra
1693 1226 1924 1296 laboravimus.
1957 1229 2118 1298 Videmus
2140 1252 2219 1317 ergo

214 1312 280 1382 Sed
296 1315 456 1398 prophete
471 1315 570 1380 otiam
582 1313 689 1381 voluit
702 1316 884 1400 ostendere,
931 1337 1005 1381 eum
1018 1325 1190 1397 expertum
1244 1333 1333 1378 nunc
1355 1334 1420 1396 quo
1440 1335 1539 1380 sensu
1561 1325 1690 1380 accuset
1711 1315 1783 1382 illos
1806 1315 1919 1393 Isaiae,
1943 1317 2027 1400 qnod
2047 1338 2111 1384 oon
2127 1317 2219 1384 dixe·

214 1422 288 1469 esso
305 1402 426 1480 omnia,
448 1409 486 1467 ut
508 1399 666 1485 populum
687 1401 780 1467 illum
804 1402 845 1467 ab
867 1402 1002 1467 interitu
1025 1402 1060 1466 in
1079 1402 1190 1480 vitam,
1245 1400 1325 1478 rint,
1359 1399 1524 1484 Fatigatic
1547 1411 1613 1478 est,
1648 1399 1680 1464 id
1707 1407 1772 1479 est,
1806 1403 1881 1484 quia
1909 1423 1974 1467 non
2002 1403 2218 1486 expenderint

214 1498 249 1554 ct
270 1488 409 1553 salntem
432 1487 618 1554 reduceret:
649 1498 814 1554 caeterum
841 1508 954 1553 omncs
976 1487 1047 1554 vias
1069 1486 1191 1552 frustra
1244 1506 1373 1565 secum,
1402 1485 1545 1552 laborem
1568 1485 1662 1551 illum
1685 1507 1756 1552 esse
1777 1488 1918 1554 irritum.
1963 1487 2030 1555 Sed
2053 1489 2141 1556 aliud
2164 1489 2219 1558 hic

213 1582 355 1639 ιεειειεε
387 1594 458 1640 εεεε
491 1581 626 1657 propter
659 1573 824 1656 perditum
864 1572 978 1658 populi
1011 1574 1190 1659 ingenium.
1243 1581 1370 1654 spectat
1391 1572 1550 1655 prophete
1572 1583 1693 1653 noster,
1716 1572 1801 1656 quod
1824 1574 1948 1641 scilicet
1968 1573 2084 1641 Iudaei
2105 1576 2219 1643 nolue-

212 1659 289 1725 Non
311 1679 439 1741 possem
459 1659 556 1725 bodie
574 1659 759 1726 absolvere:
783 1659 931 1725 differam
946 1659 1050 1743 igitur
1065 1659 1191 1742 reliqua
1243 1659 1312 1723 rint
1325 1678 1456 1741 oporam
1471 1657 1661 1741 perdidisse,
1683 1660 1739 1724 sed
1756 1661 1961 1743 perrexerint
1975 1662 2219 1744 contumaciter,

211 1745 246 1811 in
269 1747 460 1812 crastinum.
1244 1745 1397 1827 quoniam
1420 1743 1662 1811 obduraverunt
1684 1745 1725 1810 ad
1748 1765 1935 1829 perversam
1951 1747 2218 1814 consuetudinem

1242 1829 1409 1913 peccandi.
1459 1827 1632 1915 Sequitur,
1669 1830 1753 1912 Qasr
1776 1837 1849 1914 post
1874 1833 2070 1916 capitationis
2095 1839 2219 1900 εοεινεε

298 1917 478 1999 Postquam
500 1916 615 1982 retulit
642 1916 803 2001 propheta
831 1938 866 1983 se
895 1915 1105 1984 denuntiasse
1134 1918 1190 1983 Iu·
1243 1917 1367 1994 ibimus,
1389 1920 1416 1981 ct
1437 1918 1569 1999 quaque
1584 1919 1775 1999 praeducta
1796 1919 1901 1985 cordis
1920 1921 1975 1984 sai
1991 1920 2070 1986 muli
2080 1924 2218 2006 perupct.

213 2001 303 2068 dacis
325 2002 505 2069 vindictam
527 2002 601 2082 Dei,
628 2023 716 2069 nnuc
745 2003 896 2087 adiungit
924 2023 1022 2087 qnam
1050 2004 1190 2088 superbe
1243 2001 1381 2068 Certum
1404 2009 1463 2082 est,
1484 2023 1550 2068 non
1572 2003 1620 2068 ita
1641 2003 1749 2086 palam
1773 2004 1874 2071 luisse
1895 2004 2058 2087 loquutos.
2102 2006 2218 2089 Neque

211 2091 469 2172 contempserint
489 2090 597 2156 minas
618 2089 702 2155 illas.
736 2089 782 2154 Et
803 2091 926 2156 crimen
950 2090 1026 2155 hinc
1048 2111 1191 2175 exagge·
1243 2089 1330 2153 enim
1353 2109 1395 2153 ex
1417 2089 1564 2171 prolesso
1590 2087 1830 2174 gloriabantur,
1859 2111 1895 2156 se
1923 2111 1995 2156 esse
2022 2092 2156 2177 impios,
2185 2102 2220 2158 et

212 2183 315 2254 ratur,
338 2173 423 2258 quod
447 2174 593 2241 rertabat
613 2175 1031 2258 illisspesaliquaveniae,
1052 2175 1190 2242 simodo
1243 2173 1308 2240 Dei
1331 2184 1587 2260 contemptores:
1621 2175 1678 2242 scd
1708 2176 1869 2259 propbeta
1898 2197 1964 2242 non
1985 2178 2117 2261 respicit
2141 2177 2219 2262 quid

211 2269 483 2328 converterentur
515 2260 556 2326 ad
588 2260 708 2327 Deum.
763 2261 855 2328 Dicit
888 2271 997 2328 autem
1031 2261 1190 2346 propheta
1241 2261 1304 2344 ipsi
1326 2259 1486 2338 dixerint,
1518 2260 1575 2327 sed
1598 2262 1706 2344 potius
1727 2281 1796 2328 rem
1820 2263 1936 2346 ipsam.
1980 2264 2081 2346 Atqui
2103 2262 2219 2330 Iudaei

213 2367 267 2413 eos
290 2347 434 2430 praecise
456 2367 594 2430 negasse
623 2369 658 2414 se
687 2346 864 2431 quidquam
894 2349 1046 2414 tacturos.
1090 2347 1190 2416 Dirc·
1242 2345 1391 2411 solebant
1412 2366 1575 2431 opponere
1596 2367 1657 2414 sua
1678 2349 1836 2432 figmenta
1858 2357 1889 2412 et
1912 2347 2058 2414 fallaciae
2073 2348 2218 2416 Satanae

212 2437 305 2516 rard,
337 2432 462 2515 inquit,
499 2444 596 2501 matt:
636 2433 724 2516 quod
755 2434 935 2510 vertimus,
976 2435 1096 2499 Actum
1130 2444 1188 2502 εει.
1242 2431 1307 2498 Dei
1330 2433 1437 2500 verbo.
1483 2432 1559 2498 Non
1589 2434 1711 2499 mirum
1738 2432 1838 2518 igitur
1866 2434 2028 2518 estquod
2056 2435 2218 2520 propheta

210 2516 407 2602 Quanquam
429 2519 535 2584 maior
555 2539 633 2602 pars
654 2519 872 2602 interpretum
895 2520 1042 2604 exponit,
1064 2521 1189 2604 Daspe-
1242 2517 1308 2585 illis
1329 2518 1460 2586 obiiciat
1480 2520 1599 2602 lmpics
1620 2518 1702 2585 istas
1724 2530 1757 2586 ει
1778 2521 1953 2605 sacrilegas
1981 2542 2095 2589 voces:
2129 2521 2215 2604 quod

210 2617 329 2670 ratum.
373 2603 530 2670 Diximus
560 2605 600 2670 de
626 2605 688 2671 hoc
718 2604 819 2671 verbc
848 2604 972 2689 aliquid
1001 2606 1032 2672 2.
1055 2626 1125 2690 cap.
1156 2614 1190 2672 ot
1242 2604 1365 2671 scilicet
1386 2605 1566 2672 maluerint
1587 2606 1799 2688 cogitationes
1821 2627 1896 2672 suas
1918 2607 2020 2690 sequi,
2052 2616 2085 2673 et
2106 2607 2216 2691 pravi-

211 2688 346 2756 candcm
379 2692 578 2759 seutentiam
611 2711 699 2758 nunc
732 2691 852 2773 repetit
884 2691 1061 2775 propheta,
1101 2691 1187 2776 quod
1241 2698 1344 2756 tatem
1365 2692 1482 2772 cordis,
1509 2710 1607 2773 quam
1629 2690 1702 2756 Dec
1732 2713 1767 2756 se
1795 2691 1965 2777 sublicere,
1994 2700 2029 2758 et
2049 2693 2216 2778 obtempe-
2318 2741 2320 2748 ι

211 2774 335 2842 scillcet
357 2776 568 2860 pertinaciter
589 2775 691 2842 dediti
712 2777 835 2844 luerint
849 2775 963 2842 Iudaei
985 2779 1054 2845 suis
1075 2799 1189 2864 super·
1241 2797 1314 2842 rare
1347 2779 1417 2842 eius
1450 2778 1560 2844 verbo.
1605 2776 1765 2843 Videmus
1799 2798 1877 2862 ergo
1911 2778 2099 2862 hypocritas
2132 2778 2216 2844 nibil

210 2861 417 2928 stiticnibus:
455 2860 573 2928 deinde
612 2863 711 2929 ctiam
744 2863 908 2947 perversis
947 2863 1013 2930 illis
1051 2865 1188 2946 artibus,
1242 2863 1400 2945 proficere
1423 2865 1500 2929 dum
1523 2863 1705 2928 obtendunt
1726 2865 1840 2929 inanes
1869 2864 1992 2940 fumos,
2022 2865 2101 2947 quia
2123 2862 2216 2930 Dens

210 2947 298 3012 unde
319 2948 480 3031 putabant
501 2969 537 3014 se
559 2968 654 3032 posse
675 2948 799 3032 optime
827 2948 998 3016 consulere
1027 2970 1106 3016 suae
1136 2971 1187 3017 sa·
1241 2968 1308 3012 non
1332 2948 1404 3014 vult
1425 2949 1478 3033 agi
1501 2969 1610 3016 secum
1639 2947 1815 3032 sophistice
1844 2958 1901 3015 aut
1930 2949 2056 3016 callide.
2101 2949 2216 3016 Manet

209 3032 282 3112 luti,
305 3043 340 3098 et
360 3031 520 3117 repellere
542 3036 652 3100 omnia
673 3035 830 3118 pericula,
852 3056 952 3118 quum
976 3035 1099 3102 scilicet
1113 3057 1188 3103 con·
1240 3033 1343 3118 igitur
1365 3033 1532 3100 damnatio
1554 3054 1667 3100 omnes
1689 3035 1823 3118 impios,
1853 3055 2047 3118 quocunque
2068 3035 2144 3101 luco
2166 3045 2214 3102 te·

209 3119 387 3203 iungerent
407 3141 442 3186 sc
469 3142 560 3187 nunc
580 3121 745 3205 Assyriis,
775 3140 864 3187 nunc
891 3122 1075 3205 Aegyptiis.
1120 3121 1186 3188 Sed
1240 3129 1323 3204 gant
1339 3141 1398 3187 sua
1420 3120 1551 3188 scelera.
1596 3119 1683 3186 Nam
1705 3120 1862 3204 quidquid
1887 3121 2063 3187 adversum
2092 3130 2142 3188 est
2163 3141 2216 3188 sa·

210 3205 288 3289 qnia
311 3205 447 3272 verbum
469 3220 534 3274 tdtt’
557 3211 666 3289 potest
688 3207 787 3272 ctiam
810 3208 911 3290 accipi
940 3227 1000 3290 pro
1022 3207 1187 3292 Fatigare,
1240 3226 1301 3270 nae
1324 3205 1500 3283 doctrinae,
1528 3216 1578 3272 est
1600 3226 1738 3288 pravum
1760 3207 1965 3292 figmentum,
1993 3213 2045 3274 est
2072 3205 2215 3274 Satanas

209 3292 304 3358 sicuti
316 3291 481 3374 colligitur
491 3315 533 3358 ex
545 3291 735 3358 duodecimo
746 3291 821 3379 (imo
831 3291 865 3379 2)
879 3312 948 3376 cap.
960 3293 1186 3372 Ecclesiastae,
1240 3291 1377 3375 fallacia,
1399 3302 1450 3358 cst
1472 3292 1613 3376 denique
1634 3293 1788 3376 impietas
1809 3294 1958 3377 perversi
1980 3294 2096 3359 cordis.
2134 3293 2214 3375 Qui·

209 3397 276 3442 non
299 3377 502 3444 incommode
524 3379 608 3442 forte
630 3379 677 3442 ita
703 3389 941 3462 exponeretur,
974 3379 1043 3444 Nos
1072 3399 1187 3445 sumus
1239 3397 1368 3461 cunque
1391 3387 1500 3444 autem
1523 3376 1701 3446 deflectunt
1729 3400 1750 3444 a
1779 3379 1988 3462 simplicitate
2016 3379 2214 3463 prophetica,

208 3462 350 3548 fatigati,
371 3462 433 3530 hcc
455 3471 515 3541 cst,
538 3463 691 3530 nolumus
713 3464 835 3530 frustra
857 3466 1099 3548 consumpsisse
1113 3475 1186 3531 tsn-
1239 3472 1273 3529 et
1295 3485 1314 3530 a
1334 3464 1483 3530 doctrina
1504 3464 1595 3549 legis,
1616 3465 1664 3530 illi
1687 3475 1872 3547 sequantur
1892 3486 1969 3530 suae
1991 3465 2215 3550 cogitationes,

209 3558 281 3614 tom
304 3548 435 3616 laboris.
480 3549 567 3615 Nam
590 3550 666 3615 hino
688 3560 826 3617 sumunt
848 3551 1018 3616 materiam
1041 3552 1186 3618 obstina-
1240 3550 1293 3616 vel
1315 3551 1423 3618 cordis
1443 3551 1496 3617 sui
1525 3553 1694 3634 figmenta.
1740 3550 1828 3618 Hinc
1857 3571 1935 3635 ergo
1965 3553 2129 3634 sequitur,
2159 3571 2214 3618 cos

208 3635 307 3702 tionis
329 3635 430 3719 impii,
452 3634 538 3719 quod
561 3635 616 3702 diu
639 3645 671 3700 et
694 3636 838 3702 multum
857 3635 967 3721 aliqua
988 3638 1023 3703 in
1043 3659 1079 3703 re
1101 3637 1187 3704 labo
1239 3637 1310 3703 sine
1343 3637 1452 3704 fructu
1481 3638 1708 3720 tergiversari:
1741 3637 1817 3719 quita
1848 3639 1876 3704 si
1910 3643 2068 3720 respuunt
2097 3657 2215 3718 puram

207 3721 363 3786 recedat.
398 3719 560 3804 Superbia
581 3723 668 3788 enim
687 3723 776 3806 ipsos
790 3723 935 3804 indurat,
957 3722 1011 3789 An
1026 3722 1186 3792 hactenus
1239 3722 1430 3801 doctrinam,
1453 3721 1542 3788 haud
1565 3722 1660 3788 dubie
1682 3733 1853 3806 opponunt
1874 3744 1933 3789 sua
1955 3730 2159 3788 commenta:
2183 3733 2215 3788 et

209 3807 347 3873 lusimus
369 3806 525 3890 operam?
549 3807 711 3889 inquiunt.
754 3808 832 3874 Non
860 3810 963 3893 igitur
991 3809 1076 3876 male
1106 3831 1185 3894 qua·
1238 3808 1302 3874 buc
1324 3809 1423 3875 etiam
1447 3809 1589 3889 pertinet
1612 3807 1698 3891 quod
1728 3807 1817 3890 dicit,
1845 3822 1912 3886 tttrt
1930 3793 1993 3877 135.
2038 3807 2216 3890 Nunquam

207 3890 321 3959 draret
343 3892 397 3958 hic
418 3914 543 3974 sensus,
566 3890 687 3959 Sumus
709 3894 848 3978 fatigati,
870 3895 931 3961 hoc
945 3905 1004 3972 est,
1028 3895 1186 3963 debueras
1239 3895 1379 3961 inissent
1400 3893 1540 3960 consesti
1562 3915 1618 3960 cor
1640 3914 1738 3961 suum
1760 3916 1831 3962 esse
1857 3893 2000 3978 melum,
2032 3893 2084 3958 vel
2112 3893 2215 3960 scele-

206 3978 301 4045 initio
324 3998 386 4044 nos
408 3999 579 4046 revocare:
613 3980 671 4044 sed
693 3999 781 4046 nunc
803 3990 907 4045 totum
931 3981 1000 4048 lere
1021 3981 1085 4046 iter
1106 4001 1185 4046 con·
1238 3988 1360 4044 ratum:
1383 3989 1547 4046 ettamen
1569 3980 1730 4064 propheta
1752 4002 1806 4046 eos
1829 3989 1967 4060 accusat,
1989 3979 2075 4062 quod
2097 3999 2214 4061 proru-

206 4063 360 4142 lecimns,
390 4073 422 4128 et
445 4065 510 4129 iem
533 4086 598 4131 non
621 4065 720 4148 longe
743 4065 902 4132 distamus
925 4088 945 4132 a
967 4072 1064 4132 meta.
1108 4067 1184 4132 Non
1238 4066 1347 4148 perint
1368 4065 1403 4130 in
1424 4066 1510 4133 hano
1533 4086 1654 4132 vocem.
1700 4066 1836 4149 Nempe,
1857 4076 1895 4131 ut
1914 4065 1993 4144 dixi,
2017 4085 2086 4130 rem
2108 4066 2214 4148 ipsam

206 4159 316 4234 potest
339 4149 440 4235 igitur
463 4151 550 4226 fieri,
585 4160 623 4215 ut
645 4151 817 4218 redeamus
838 4153 881 4218 ad
912 4173 1075 4230 carceres,
1108 4154 1184 4236 qnia
1237 4151 1437 4230 considerat,
1471 4161 1504 4218 et
1526 4173 1591 4217 noc
1620 4151 1841 4236 subterfugia,
1874 4152 1993 4235 quibus
2023 4151 2215 4236 hypocritae

206 4236 268 4302 hoc
290 4234 468 4302 absurdum
490 4243 586 4317 esset,
612 4245 740 4303 tantum
765 4260 784 4304 a
807 4238 899 4306 nobis
920 4238 1039 4305 laboris
1061 4239 1184 4305 frustra
1237 4237 1380 4303 libenter
1402 4238 1511 4303 Deum
1533 4237 1695 4304 fallerent.
1739 4236 1813 4302 Iam
1835 4239 1989 4321 sequitur,

207 4330 241 4387 et
273 4322 438 4388 inutiliter
469 4321 572 4387 fnisse
611 4323 824 4406 insumptum.
879 4324 995 4408 Neque
1034 4324 1185 4410 displicet

207 4427 320 4474 eorum
353 4409 532 4485 sententia,
565 4407 642 4490 quia
670 4416 791 4493 putant
819 4431 890 4477 esse
919 4430 1057 4476 nomen:
1091 4431 1129 4476 ac
1156 4411 1184 4476 si
1325 4409 1375 4476 13.
1399 4408 1571 4492 Propterea
1592 4410 1639 4474 cic
1659 4409 1735 4476 aaa
1756 4407 1903 4493 Iahovalr,
1926 4409 2120 4494 Irsterropcte
2142 4429 2214 4493 ape·

207 4492 338 4570 diceret,
361 4494 528 4577 Fatigatio
550 4500 610 4571 cst,
633 4492 666 4558 id
689 4500 749 4576 est,
770 4497 837 4561 iam
858 4517 932 4562 sero
955 4518 1015 4563 nos
1032 4497 1184 4581 castigas,
1236 4496 1416 4562 demittier
1436 4501 1550 4580 penas,
1580 4497 1652 4577 qaia
1672 4494 1812 4562 auderit
1832 4496 2000 4562 causam
2020 4494 2102 4560 boc?
2128 4495 2214 4578 (quis

207 4580 283 4662 quia
305 4599 363 4662 per
385 4581 508 4645 multos
539 4599 641 4645 annos
668 4582 798 4665 sequuti
826 4603 940 4649 somus
970 4581 1056 4648 hanc
1085 4583 1183 4648 viam.
1237 4601 1384 4665 unquam
1417 4582 1559 4647 audierit
1591 4580 1714 4665 aliquid
1747 4580 1892 4667 similet)
1923 4581 2104 4663 foeditates
2137 4579 2214 4665 (vel,

206 4663 303 4746 Quod
327 4665 367 4730 ad
389 4685 549 4732 summam
574 4666 621 4732 rei
643 4676 776 4748 spectat,
799 4688 915 4751 parum
934 4670 1081 4734 interest.
1116 4667 1183 4734 Sed
1237 4667 1438 4754 portentum)
1454 4668 1598 4750 macca
1617 4667 1709 4734 caldo
1729 4667 1816 4748 virpo
1839 4669 1953 4734 Israel.

206 4771 324 4816 sensus
345 4760 431 4818 esset
452 4752 581 4836 clarior,
605 4751 633 4816 si
654 4753 701 4817 ita
722 4753 850 4837 placeat
870 4763 1010 4832 vertere,
1040 4754 1111 4820 Iam
1135 4774 1184 4819 εε-

207 4836 249 4902 tis
271 4857 432 4919 superque
454 4837 575 4904 laboris
597 4838 800 4921 insumptum
823 4849 887 4906 eet:
921 4850 957 4906 tu
986 4839 1090 4926 igitur
1116 4860 1182 4905 non
1322 4838 1388 4906 Hic
1411 4838 1555 4904 ostendit
1577 4841 1668 4905 Deus
1691 4837 1831 4904 ludaeos
1853 4857 1987 4920 prorsus
2010 4858 2082 4903 esse
2099 4836 2213 4920 despe-

207 4921 302 4988 veuis
335 4933 462 4988 mature
494 4923 548 4990 rel
582 4926 784 5006 tempestive.
829 4926 973 4992 Videtur
994 4927 1099 4992 Isaiae
1129 4946 1183 4991 ca·
1237 4931 1342 5005 ratos,
1371 4925 1447 5009 quis
1469 4924 1510 4990 ad
1533 4925 1700 4991 cumulum
1723 4932 1907 4990 extremum
1935 4923 2115 5004 impietatis
2141 4944 2213 5008 per·

206 5007 276 5091 pite
298 5007 339 5074 ct
372 5009 611 5093 reprehendere
640 5011 676 5074 in
706 5011 838 5077 Iudaeis
865 5013 951 5094 quod
980 5010 1183 5078 laudandum
1237 5011 1403 5090 venerint,
1444 5011 1522 5076 dum
1561 5011 1609 5079 ita
1648 5011 1772 5076 audent
1805 5009 1938 5075 reiicere
1971 5009 2113 5075 oblatam
2150 5010 2213 5077 sibi

206 5102 294 5172 erat,
327 5095 355 5160 si
384 5095 473 5161 valet
502 5095 583 5162 haec
611 5094 772 5162 Ieremias
802 5099 975 5164 sententia.
1020 5097 1106 5164 Nam
1135 5096 1183 5163 ita
1237 5096 1385 5164 salutem.
1437 5097 1605 5179 Quorsum
1634 5097 1722 5164 enim
1758 5095 1928 5178 spectabat
1960 5095 2121 5180 propheta
2149 5096 2214 5162 nisi

205 5177 366 5263 loquitur,
399 5181 546 5265 Fatigati
579 5185 658 5248 estis
691 5184 725 5247 in
759 5183 824 5250 viis
856 5185 990 5262 vestris,
1023 5194 1057 5250 et
1086 5203 1183 5249 nemo
1237 5195 1275 5249 ut
1297 5205 1351 5248 eos
1373 5184 1413 5249 ab
1433 5184 1570 5251 interitu
1593 5181 1755 5267 eriperet?
1794 5182 1886 5247 Deus
1907 5182 1977 5265 ipse
1999 5201 2058 5264 per
2080 5202 2213 5248 manum

207 5266 588 5350 castromonasterii.
633 5268 700 5334 Hic
722 5270 898 5354 exprobrat
927 5269 993 5336 illis
1015 5269 1182 5348 Ieremias,
1236 5270 1413 5352 prophetae
1436 5268 1564 5337 volebat
1586 5270 1755 5336 consulere
1776 5267 1922 5350 ipsorum
1936 5266 2045 5334 saluti.
2080 5266 2214 5349 Quanta

207 5352 292 5432 quod
314 5352 460 5418 dixerint
481 5365 575 5420 matr:
598 5352 703 5420 Isaiae
724 5367 834 5422 autem
857 5377 898 5421 ex
914 5356 1071 5440 opposito,
1095 5354 1182 5437 quod
1235 5355 1337 5438 igitur
1358 5352 1439 5420 haec
1460 5355 1522 5420 luit
1544 5355 1756 5440 ingratitudo,
1779 5353 1913 5420 reiiccre
1931 5361 2102 5437 paternam
2122 5353 2213 5418 illam
