5038 6118
163 475 200 536 61
893 467 942 533 IN
964 467 1212 534 IEREMIAM.
1251 466 1350 534 oAP.
1373 468 1416 538 X.
2101 465 2143 530 62

162 662 299 748 singulis
322 657 518 724 rationibus:
541 677 641 741 quum
664 665 773 722 tamen
786 655 878 721 Deus
900 677 967 723 non
984 657 1127 723 voluerit
1178 663 1211 720 ot
1240 655 1302 721 boe
1333 654 1484 720 delirium
1516 653 1659 738 abripuit
1691 654 1787 719 etiam
1822 651 1977 736 quosdam
2011 663 2044 717 et
2075 655 2143 736 pios

162 743 695 826 aetraetstallasesseinsigna
717 742 872 818 bordne,
895 742 947 808 vel
971 742 1032 808 hoo
1055 763 1126 807 usu.
1179 740 1299 823 alioqui
1327 741 1485 819 homines,
1515 748 1548 806 et
1577 738 1671 805 valde
1701 739 1852 804 eruditos.
1899 737 1966 804 Sed
1996 738 2143 804 videmus

162 838 243 914 Iam,
263 827 536 916 quemadmodum
559 829 638 911 dixi,
661 828 738 892 hine
759 829 908 910 sequitur
931 826 1039 892 Deum
1062 848 1126 893 non
1179 826 1254 908 quid
1285 826 1339 892 bio
1367 826 1557 910 pronuntiet
1578 824 1670 891 Deus
1703 846 1761 907 per
1788 843 1920 891 serrum
1949 844 2054 889 suum.
2099 825 2144 889 Et

162 937 314 1004 regnare:
341 916 390 981 ita
411 915 634 998 exstinguitur
655 913 744 992 fides,
766 918 800 979 et
821 914 857 978 iu
879 912 1018 978 nihilum
1041 912 1127 978 redi·
1178 913 1278 976 miror
1301 911 1456 993 quosdam
1480 912 1526 976 sie
1548 911 1647 978 luisse
1668 909 1812 976 addiotos
1831 910 1936 988 astris,
1960 910 2017 993 qui
2035 923 2142 976 tamen

162 1016 286 1091 guntur
314 1001 422 1067 omnia
451 999 559 1064 offioia
583 999 720 1083 pietatis.
765 997 848 1064 Nam
879 998 1027 1081 quisquis
1055 1018 1128 1080 per·
1178 996 1219 1062 de
1254 996 1356 1062 libero
1392 997 1527 1062 arbitrio
1564 995 1661 1062 nimis
1701 996 1920 1080 philosophiae
1959 994 2142 1078 loquuntur.

162 1111 276 1158 suasus
298 1099 346 1154 est
366 1108 402 1151 se
419 1086 628 1150 oonstriotum
650 1105 721 1150 esse
742 1084 804 1148 bae
826 1085 1026 1162 nenessitate,
1050 1103 1128 1166 quo-
1179 1081 1261 1146 Nam
1286 1083 1403 1148 volunt
1432 1084 1583 1148 fortuitos
1605 1103 1675 1148 esee
1697 1102 1807 1147 rerum
1835 1090 1992 1148 eventus:
2026 1079 2144 1146 volunt

163 1179 249 1241 niam
265 1174 339 1238 talis
355 1181 406 1238 est
420 1169 625 1253 borosoopus,
649 1169 827 1236 neeessario
846 1168 908 1234 sibi
926 1170 1127 1254 pereundum
1180 1167 1326 1236 homiues
1348 1167 1448 1236 libare
1470 1189 1566 1252 agere
1589 1169 1622 1230 in
1643 1165 1813 1250 utiamque
1834 1177 1970 1251 partem,
1992 1167 2143 1232 attatum

161 1262 221 1327 hao
240 1260 328 1341 bora,
352 1257 571 1322 neeessariam
593 1257 690 1321 etiam
712 1275 784 1320 esse
806 1256 911 1338 perire
930 1257 990 1319 hoo
1008 1274 1127 1338 genere
1178 1255 1359 1320 exhorrent
1380 1264 1413 1319 et
1436 1254 1648 1320 detestantur.
1688 1253 1821 1319 Interea
1842 1265 1950 1319 autern
1971 1251 2144 1318 inoludunt

161 1348 293 1498 gerris:²
308 1342 454 1428 quisquis
466 1343 798 1492 hregoditbijqfl'mlhs
817 1341 887 1417 erit,
907 1339 1127 1490 anPinfpoabiit
1178 1338 1287 1488 Reum
1309 1341 1458 1491 flssifflitin
1481 1337 1654 1490 ergastulo,
1684 1350 1716 1403 et
1738 1338 1852 1437 volunt
1882 1348 1969 1490 aetrg
1991 1358 2141 1485 gegnare.

162 1452 291 1617 tillir
320 1447 463 1614 :333
481 1448 663 1592 mitit
683 1447 825 1578 :3303
842 1446 1127 1612 illepidi
1179 1445 2143 1612 ltttttt33113333303333333330031123333

160 1598 485 1754 3333333323
498 1611 850 1758 tilttttlttt
867 1597 1126 1749 3333333323
1175 1594 1313 1764 tlttt
1334 1597 1390 1748 33¹
1414 1595 2143 1766 lttttttttlttttttttttt

159 1772 323 1839 oenandae
346 1771 415 1835 Deo
438 1768 573 1834 laudes?
604 1769 761 1834 Videmus
783 1789 860 1852 ergo
884 1777 919 1832 ut
942 1768 1021 1834 haee
1044 1768 1125 1833 divi·
1177 1767 1287 1849 illum,
1321 1766 1406 1850 quod
1435 1767 1556 1835 soilieet
1587 1766 1747 1849 propheta
1777 1765 1862 1832 dieat
1889 1763 2028 1848 speeiem
2059 1764 2143 1832 hano

159 1859 249 1924 natio
270 1857 459 1940 exstinguat
476 1855 577 1918 totam
596 1856 759 1936 pietatem,
782 1855 937 1937 quoniam
954 1853 1046 1917 nulla
1064 1853 1127 1918 erit
1177 1874 1248 1918 esse
1277 1854 1456 1919 oaeoitatis:
1489 1852 1688 1935 Relinquitur,
1717 1853 1824 1933 inquit
1853 1849 1939 1916 hano
1971 1851 2142 1916 stultitiam

159 1943 255 2009 tides:
290 1941 406 2006 deiude
435 1939 524 2004 nulla
558 1941 621 2003 erit
653 1941 777 2024 agnitio
808 1959 1003 2024 poenmum,
1036 1937 1127 2004 nulla
1177 1940 1342 2022 gentibus:
1362 1960 1427 2004 non
1446 1939 1564 2004 mirum
1583 1944 1633 2002 est
1650 1939 1696 2001 ita
1713 1937 1863 2019 oooupari
1882 1934 1993 2001 multis
2010 1935 2141 2014 deliriis,

158 2029 284 2113 agnitio
314 2026 539 2092 benefitiorum
564 2024 643 2104 Dei,
673 2037 705 2090 et
727 2025 856 2090 nullum
884 2025 1028 2090 studium
1056 2045 1126 2108 pre·
1177 2034 1210 2088 et
1231 2025 1408 2100 erroribus,
1442 2025 1593 2107 quoniam
1618 2045 1681 2087 non
1704 2021 1791 2087 lueet
1811 2021 1877 2087 illis
1899 2021 2044 2087 eoelestis
2067 2023 2142 2088 doo-

157 2115 264 2197 oandi,
282 2114 309 2178 si
325 2114 450 2176 animos
470 2121 597 2176 nostros
612 2112 710 2176 semel
726 2109 1126 2194 oooupeveritdiabolious
1176 2111 1281 2175 trina:
1305 2119 1449 2177 vestrum
1471 2121 1579 2175 autem
1603 2123 1660 2187 ast,
1683 2108 1799 2172 timere
1822 2107 1939 2188 Deum,
1961 2116 1993 2170 at
2015 2109 2050 2172 iu
2072 2110 2140 2174 eius

157 2201 213 2265 ille
235 2219 338 2274 error,
359 2196 519 2262 subieotos
542 2216 601 2262 nos
623 2217 694 2262 esse
717 2197 822 2274 astris,
845 2196 943 2260 talem
966 2216 1036 2260 esse
1054 2217 1125 2262 nos·
1177 2195 1431 2262 miserioordiam
1452 2193 1648 2262 reoumbere.
1693 2194 1859 2275 Sequitur,

158 2296 245 2350 tram
267 2285 427 2368 genesim:
452 2282 567 2347 deinde
590 2291 678 2348 astra
698 2283 838 2365 singulis
860 2281 983 2368 diebps,
1006 2291 1039 2346 et
1060 2283 1126 2347 sin·

157 2371 245 2454 gulis
274 2367 447 2434 momentis
476 2367 670 2450 portendere
703 2367 831 2450 aliquod
866 2367 978 2432 mortis
1011 2387 1124 2448 genus.
1261 2364 1292 2431 3.
1318 2366 1473 2448 Quonim
1493 2370 1611 2431 atotrtto
1628 2364 1815 2446 populorum
1832 2363 1957 2430 raama
1970 2367 2022 2428 est.
2055 2361 2142 2428 Nom

157 2457 230 2522 Hoe
264 2455 366 2539 igitur
399 2453 572 2536 praeeipue
607 2451 825 2534 reputandum
862 2453 955 2517 nobie
988 2464 1039 2518 eet
1071 2452 1125 2518 ubi
1176 2451 1296 2535 liparam
1315 2473 1331 2518 e
1350 2452 1440 2535 sylva
1461 2451 1584 2530 scindit
1606 2470 1686 2532 opes
1700 2469 1850 2514 manuam
1864 2447 1996 2530 artificia
2010 2447 2142 2528 dotobm

156 2540 320 2692 erit:
335 2537 1124 2690 statuit
1175 2536 1465 2689 (ἰὰ
1479 2537 1730 2707 ararit
1753 2547 1783 2611 ²·

155 2645 345 2778 oiuarentui
366 2707 426 2775 sibi
449 2709 596 2793 promitti
625 2671 746 2774 novurh
760 2643 966 2792 qimperium:
996 2709 1042 2774 ita
1064 2709 1122 2774 mi·
1393 2645 1413 2706 p

156 2818 248 2864 seros
270 2795 409 2861 Iudaeos
431 2795 613 2860 terrebant:
640 2795 760 2860 Aotum
783 2805 832 2860 est
854 2795 894 2859 de
915 2792 1024 2859 nobis:
1047 2815 1123 2859 nam
1261 2794 1401 2859 Videtur
1431 2793 1591 2877 propheta
1623 2794 1815 2876 abrumpere
1855 2791 2068 2870 sententiam,
2107 2800 2141 2858 et

155 2885 203 2948 ita
226 2880 380 2965 astrologi
409 2878 495 2963 apud
517 2878 698 2946 Chaldaeos
727 2880 851 2963 loquuti
881 2890 976 2946 suut:
1009 2878 1124 2945 deiude
1176 2880 1285 2961 inepte
1317 2880 1414 2944 etiam
1448 2880 1644 2945 ratiooiuari.
1699 2879 1840 2944 Dixerat
1872 2877 1958 2942 enim
1991 2877 2139 2960 proximo

155 2968 197 3034 ab
219 2968 324 3067 altera
345 2978 437 3050 parte
459 2966 615 3065 Aegyptii
642 2965 738 3030 etiem
761 2965 875 3030 ridant
897 2966 960 3066 hoo
981 2964 1123 3048 praediri
1176 2986 1282 3065 versu,
1305 2965 1354 3030 Ne
1377 2964 1509 3066 disoatis
1531 2966 1613 3030 rit-us
1630 2967 1798 3063 gentium,
1826 2969 1859 3026 et
1882 2983 1927 3062 ne·
1945 2963 2098 3060 metuatis
2120 2981 2141 3025 a

155 3061 548 3223 3333333333070.
572 3049 1125 3203 Stttlttttttlttt‘lt
1176 3049 2140 3220 33:3⁰3t‘¹330÷t333333tt‚tttttltltr

154 3225 190 3289 in
214 3233 366 3301 mentem,
397 3223 504 3287 Deum
527 3223 631 3298 toties,
659 3230 693 3286 at
714 3233 781 3286 tarn
811 3223 923 3286 multis
946 3222 1041 3287 anuis
1063 3223 1123 3286 mi·
1175 3220 1311 3300 oblitus,
1345 3223 1518 3288 transitum
1542 3222 1647 3288 faeere
1668 3223 1708 3288 ad
1731 3221 1826 3287 idola.
1871 3219 1938 3286 Sed
1962 3218 2140 3284 notandum

154 3318 270 3375 natum
295 3309 394 3373 luisse
415 3329 474 3390 per
490 3308 664 3390 prophetas
685 3327 771 3388 euos,
794 3328 894 3389 quum
916 3327 981 3372 non
1001 3307 1125 3373 desine-
1176 3317 1242 3385 est,
1275 3305 1414 3374 Iudaeos
1436 3308 1534 3373 luisse
1557 3319 1734 3374 oommotos
1762 3308 1819 3373 illa
1846 3316 1977 3373 vetusta
2003 3324 2140 3389 persua·

155 3399 232 3461 rent
254 3395 336 3458 iram
359 3393 428 3457 eius
450 3393 485 3456 in
505 3412 540 3457 sa
563 3411 748 3474 provooare.
782 3391 942 3460 Iudioium
964 3414 1042 3478 ergo
1059 3393 1124 3459 Dei
1175 3393 1282 3472 sione,
1310 3392 1393 3477 quod
1416 3392 1538 3460 soilioet
1562 3391 1719 3464 (lhaldaei
1741 3405 1774 3457 et
1794 3391 1951 3477 Aegyptii
1980 3391 2141 3458 iaetarent

154 3501 215 3565 pro
238 3479 342 3544 nihilo
364 3478 544 3542 duoebaut:
577 3485 610 3541 et
631 3477 755 3542 interea
784 3479 940 3544 attonitos
969 3478 1125 3545 reddebat
1174 3499 1211 3543 se
1232 3478 1317 3544 solos
1340 3499 1471 3562 sapere,
1504 3490 1537 3543 et
1565 3479 1627 3543 sibi
1657 3479 1874 3561 requisierant
1897 3477 1996 3542 talem
2018 3476 2139 3540 lamam

153 3567 211 3631 illa
233 3564 410 3646 persuasio,
438 3563 525 3646 quod
548 3561 706 3628 Chaldaei
728 3563 884 3629 iudioium
906 3565 1060 3632 ieoissent
1081 3587 1123 3630 ex
1175 3564 1261 3647 apud
1283 3585 1395 3630 omnes
1417 3575 1540 3648 gentes.
1582 3563 1667 3630 Nam
1691 3563 1836 3630 ridemus
1862 3564 1960 3629 etiam
1989 3563 2141 3643 profanos

153 3651 261 3733 astris,
283 3650 351 3714 iore
372 3649 514 3731 aliquam
535 3649 757 3714 mutationem.
791 3649 881 3734 llrgo
901 3651 1070 3734 propbeta,
1088 3658 1123 3716 ut
1174 3649 1365 3733 scriptores,
1399 3670 1500 3732 quum
1534 3649 1573 3714 de
1605 3650 1653 3714 ori
1679 3651 1731 3715 'ne
1758 3651 1902 3715 omnium
1931 3648 2140 3713 soientiarum

153 3744 287 3804 revooet
309 3736 395 3818 ipsos
418 3743 484 3798 tam
508 3733 548 3798 ad
571 3735 803 3817 poenitentiam
830 3755 927 3818 quam
952 3737 991 3801 ad
1014 3734 1122 3814 fidem,
1174 3735 1360 3818 loquuntur,
1383 3736 1502 3800 referre
1524 3733 1565 3800 ad
1582 3733 1632 3800 Oh
1667 3733 1763 3801 daeos
1785 3745 1818 3800 et
1832 3734 2022 3817 Aegyptios.
2054 3729 2140 3795 Nam

153 3833 337 3907 quaesunt
359 3820 422 3885 duo
445 3822 574 3902 pietatis
597 3818 751 3896 membra,
782 3830 815 3885 et
836 3821 1003 3886 eontinent
1032 3823 1065 3885 in
1088 3840 1123 3886 se
1174 3819 1260 3904 apud
1282 3821 1372 3904 ipsos
1395 3830 1469 3884 nata
1490 3819 1610 3886 dieitur
1632 3820 1814 3904 astrologia,
1835 3831 1867 3886 et
1889 3840 2000 3884 omnes
2022 3817 2140 3882 libera·

151 3927 298 4058 purgetis&
318 3905 1124 4058 pwhhmgayemaffiwgoemhim'mffe
1174 3906 1406 4057 ξειεοὶθηιὶεἷὲ.
1420 3903 1690 4055 Ἔῐῖριιάᾶίιώίιιωι
1704 3907 1810 4056 bgfitrlrg
1839 3917 1888 4004 est
1915 3905 1995 4054 qui?
2023 3901 2139 4052 quaei

329 4012 349 4057 o
580 4011 684 4070 rese
791 4011 826 4055 ur
885 4012 905 4056 o
997 4012 1018 4057 a
1095 4013 1122 4057 o.
1209 4012 1366 4056 numan
1400 4012 1507 4057 rrars
1546 4012 1672 4057 eerreu
1758 4011 1918 4056 aaerse
1987 4011 2004 4054 e
2089 4009 2138 4062 us,

152 4077 277 4145 Subest
298 4077 386 4140 euim
409 4077 583 4142 antithesis
605 4077 692 4140 inter
714 4073 821 4139 Deum
845 4084 879 4142 et
899 4086 1004 4142 astra:
1032 4079 1123 4161 quasi
1174 4077 1289 4141 utillo
1311 4076 1508 4160 praeiudioio
1538 4087 1711 4159 oooupatae
1740 4076 1869 4142 illorum
1901 4009 2139 4141 memgypihss

153 4165 293 4240 diceret,
328 4159 365 4228 si
388 4162 465 4244 quid
487 4161 616 4227 adversi
639 4161 731 4226 robis
760 4161 895 4244 aooidat,
928 4163 1042 4229 soitote
1064 4183 1124 4228 vos
1175 4173 1354 4229 domarent.
1387 4163 1553 4245 Propheta
1575 4163 1676 4246 igitur
1697 4162 1820 4228 excutit
1841 4161 1907 4227 illis
1930 4161 2014 4227 hano
2031 4178 2139 4225 sooor·

154 4247 309 4332 oastignri
327 4245 391 4310 Dei
414 4253 521 4326 manu,
543 4249 598 4329 qui
620 4247 725 4312 iustus
747 4255 795 4310 est
814 4248 935 4312 vindex
956 4247 1122 4314 saelorum.
1175 4245 1280 4328 diam,
1312 4258 1346 4311 et
1367 4259 1526 4314 monstrat
1547 4247 1707 4330 insipidos
1727 4268 1798 4316 essa
1825 4247 1913 4324 illos,
1947 4249 2001 4331 qui
2029 4255 2139 4310 tamen

154 4335 248 4402 Haeo
278 4331 426 4398 doetrina
455 4331 495 4394 ad
518 4333 749 4415 poenitentiam
783 4342 915 4415 speetat,
949 4354 1065 4416 nempe
1087 4345 1123 4398 ut
1174 4332 1235 4398 soli
1257 4333 1410 4399 volebant
1431 4354 1555 4416 sapere,
1578 4345 1610 4398 et
1631 4333 1711 4398 elios
1733 4354 1812 4418 prae
1833 4353 1868 4398 se
1891 4332 2052 4401 duoehant
2068 4332 2138 4397 bar-

154 4420 300 4484 sentiaut
328 4439 363 4483 se
391 4417 509 4482 merito
542 4437 662 4500 poenae
695 4416 781 4495 dare,
815 4421 967 4500 quoniam
999 4418 1124 4485 luerint
1174 4419 1270 4484 beros
1292 4427 1325 4484 et
1345 4418 1504 4485 soeordes.
1538 4419 1634 4485 Nune
1650 4440 1727 4503 argo
1743 4419 1892 4488 ridemus
1910 4440 1967 4484 our
1982 4417 2139 4502 propheta

154 4504 310 4571 obstinati
344 4504 378 4568 in
408 4523 468 4568 sua
497 4503 631 4568 malitia.
682 4502 811 4568 Deinde
842 4505 988 4586 sequitur
1020 4505 1123 4570 altera
1173 4503 1391 4569 idololatriam
1413 4515 1566 4570 oontexat
1595 4524 1669 4572 oum
1699 4505 1781 4573 falsa
1809 4505 1867 4573 illa
1894 4512 1927 4568 et
1955 4503 2139 4571 adulterina

154 4611 241 4674 pars,
264 4608 380 4672 nempe
402 4588 551 4672 quamvis
569 4596 658 4653 astra
675 4586 799 4654 eladem
817 4597 851 4653 et
867 4590 1035 4654 interitum
1057 4589 1123 4658 illis
1174 4589 1359 4674 astrologia,
1382 4592 1472 4657 ouius
1494 4589 1591 4671 paulo
1614 4595 1690 4656 ante
1705 4591 1861 4656 meminit
1894 4589 2000 4675 Lepre,
2022 4588 2138 4670 inquit.

154 4677 332 4755 minentur,
366 4685 476 4741 tamen
508 4683 545 4738 ut
573 4674 763 4757 oonfugiant
795 4674 836 4739 ad
870 4675 1123 4742 misericordiam
1174 4688 1253 4768 τηρῇ
1284 4683 1406 4742 statuta
1435 4676 1580 4759 proprie:
1611 4689 1674 4766 pptt
1697 4677 1859 4760 signifieat
1880 4676 2053 4741 deoarnere
2085 4674 2137 4738 vel

153 4761 229 4836 Dei,
252 4781 312 4825 neo
329 4760 481 4825 dubitent
498 4780 533 4824 se
550 4758 621 4824 fore
641 4758 819 4825 ineolumes
839 4769 873 4825 at
889 4761 1007 4839 salvos,
1027 4760 1123 4826 modo
1174 4761 1331 4828 seribere:
1365 4761 1452 4826 unda
1483 4763 1580 4826 etiam
1602 4774 1681 4852 ntpn
1703 4773 1822 4828 vorant
1843 4761 1981 4828 deorata.
2026 4757 2137 4839 Quum

152 4845 247 4911 Deus
268 4846 312 4909 sit
333 4845 398 4910 illis
419 4845 589 4929 propitius.
631 4844 794 4910 'donemus
815 4845 919 4928 igitur
939 4866 1027 4913 nuno
1047 4868 1121 4930 pro·
1173 4847 1256 4931 legis
1279 4867 1396 4912 nomen
1418 4846 1462 4912 sit
1484 4847 1642 4931 generale,
1665 4847 1750 4911 inter
1766 4847 1897 4930 speeies,
1920 4867 2003 4930 quae
2018 4845 2136 4928 passim

153 4932 274 5014 phetae
296 4931 476 5011 eonsilium,
498 4931 553 4996 ubi
572 4930 649 4997 dioit
671 4949 737 4994 non
756 4950 827 4995 esse
849 4932 1058 4999 metuendum
1081 4933 1123 4998 ab
1174 4944 1347 4998 ooourrunt
1368 4933 1403 4998 in
1425 4933 1604 5015 seripturis,
1627 4953 1694 4997 una
1714 4944 1773 5008 est,
1798 4941 1969 4998 statutum:
1990 4929 2046 4997 alii
2067 4951 2139 4996 ver·

153 5016 262 5082 astris.
294 5016 434 5080 Possent
456 5017 551 5099 plura
572 5015 649 5083 dioi:
672 5014 728 5080 sed
747 5035 806 5097 ogo
824 5016 977 5082 brevitati
998 5017 1121 5096 studeo,
1174 5023 1251 5083 tunt
1273 5018 1429 5096 edietum,
1461 5029 1493 5084 et
1520 5017 1653 5084 verbum
1682 5017 1844 5101 signifieat
1873 5036 1969 5098 saepe
1994 5016 2136 5082 edidere:

175 5111 310 5167 uantum
334 5102 368 5165 in
391 5123 443 5167 me
465 5110 530 5167 est:
558 5112 591 5166 et
612 5097 726 5165 videor
747 5100 891 5167 breviter
911 5102 1121 5186 eomprehen·
1173 5103 1229 5170 sed
1252 5123 1348 5186 saepe
1370 5103 1410 5168 ad
1432 5104 1652 5170 caeremonias
1676 5109 1709 5168 et
1737 5104 1819 5168 ritus
1849 5121 1967 5168 nomeu
1997 5102 2058 5166 hoo
2086 5123 2137 5168 re·

153 5123 240 5253 disse
270 5185 356 5269 quod
384 5186 424 5252 ad
452 5187 512 5253 loei
541 5186 639 5252 huius
669 5185 918 5270 intelligentiam
946 5190 1119 5256 suffioeret.
1174 5191 1284 5256 fertur.
1339 5187 1428 5255 Dioit
1459 5191 1559 5273 igitur
1586 5189 1666 5254 ritus
1696 5190 1833 5271 peritiam
1864 5207 1929 5253 esee
1960 5189 2136 5254 vanitatem.

155 5271 231 5338 Soio
252 5291 350 5355 quam
373 5271 466 5336 multi
499 5271 594 5337 hodie
616 5271 717 5338 stulte
738 5272 855 5339 ouriosi
878 5274 961 5338 sint:
994 5284 1027 5339 et
1049 5274 1121 5341 ideo
1173 5274 1244 5343 Iam
1268 5274 1329 5340 boo
1351 5275 1476 5356 probat,
1498 5275 1647 5357 quoniam
1667 5274 1782 5340 sortirer
1803 5273 2138 5358 rememoratione

153 5357 275 5423 vellent
303 5357 409 5422 loeum
432 5356 572 5441 aliquam
595 5357 664 5424 dari
694 5357 887 5442 astrologiae
916 5361 1121 5426 indidiariae:
1156 5382 1189 5427 ,ε
1208 5359 1316 5444 sylvia,
1338 5366 1365 5427 et
1376 5365 1542 5444 posquam
1559 5358 1927 5442 experimentario,
1943 5364 2059 5442 putant
2072 5378 2137 5426 ease
