5118 6136
386 428 453 494 543
1195 421 1581 490 Pnssnnononns
1683 401 1692 416 “
1958 487 1963 498 ,
2316 429 2370 496 ιιι

385 616 520 682 luloitur
548 613 662 680 eadem
683 613 748 678 Dei
772 613 893 678 virtuts
923 632 987 694 que
1016 611 1117 677 semel
1148 618 1257 678 ereata
1284 610 1356 676 est?
1411 621 1536 688 ereotus
1552 623 1637 678 esset
1659 613 1693 678 in
1716 613 1809 679 illum
1825 614 1975 698 gradum,
1997 623 2123 700 quanta
2140 615 2202 680 luit
2219 615 2368 682 hominum

385 700 523 767 eandem
544 699 643 766 simul
665 700 820 764 virtutem
849 698 933 762 tueri
963 697 1111 762 homines
1133 708 1166 762 et
1195 697 1357 772 animalia,
1410 698 1566 775 soeordie,
1590 720 1655 764 non
1678 719 1853 784 egeosoere
1875 701 1962 783 quod
1997 701 2120 770 bestiae
2148 701 2239 782 ipsae
2265 700 2368 767 iutelli-

385 787 543 870 quoniam
564 785 649 850 nihil
677 783 806 850 salvum
830 804 964 847 manere
985 791 1093 865 queet,
1117 783 1179 847 nisi
1199 793 1358 865 quatenus
1411 783 1554 867 gebant?
1587 784 1747 851 Videmus
1769 807 1847 870 ergo
1870 804 2031 870 quorsum
2054 795 2176 868 speetet
2199 787 2276 851 haee
2295 807 2368 852 oom-

386 891 539 938 aroanam
571 871 727 936 virtutem
768 869 906 951 inspirat
939 869 1031 933 Deus
1060 888 1078 932 e
1111 867 1221 934 eoelo?
1266 867 1359 934 Haeo
1412 870 1546 951 paratio.
1582 870 1771 952 Exprobrat
1793 873 1879 936 enim
1904 874 2068 957 prophete
2086 870 2272 937 bominibus
2291 893 2368 938 suem

385 958 487 1042 igitur
503 956 585 1021 ratio
601 967 651 1021 est
666 954 884 1038 praefationis.
915 951 1065 1037 Opponit
1079 956 1171 1020 Deus
1186 954 1357 1019 brachium
1413 955 1595 1032 vesaniam,
1625 957 1653 1020 si
1676 957 1855 1039 persistant
1876 957 2032 1024 isrooiter
2053 959 2205 1023 resistere
2228 959 2294 1040 regi
2313 959 2370 1022 Nn·

387 1063 484 1108 suum
507 1053 540 1107 et
563 1042 718 1108 virtutem
741 1058 854 1105 eorum
876 1039 1056 1122 superbiae,
1085 1041 1140 1123 qui
1171 1039 1359 1104 existiment
1410 1039 1645 1118 buehadneeer,
1672 1041 1756 1125 quod
1780 1042 1903 1108 seilieet
1926 1045 2050 1109 maiore
2074 1043 2289 1122 intelligentia
2312 1045 2370 1126 pol·

385 1150 420 1194 se
443 1135 531 1193 stere
553 1128 684 1210 proprie
702 1124 862 1208 potentie:
885 1145 945 1196 neo
966 1137 1147 1208 agnosount
1164 1147 1199 1190 se
1218 1125 1359 1208 pendere
1410 1125 1500 1189 leant
1532 1127 1655 1192 bestiae
1689 1128 1867 1212 sylvestres
1908 1149 2008 1211 quam
2044 1131 2117 1212 ipsi.
2170 1127 2267 1194 Unde
2298 1131 2370 1194 enim

386 1215 496 1279 esolo
518 1213 581 1278 Dei
606 1223 698 1290 nutu,
725 1219 761 1276 ut
783 1232 838 1276 eos
860 1211 1019 1276 sustineat
1041 1212 1233 1294 quantisper
1255 1211 1357 1276 volet:
1412 1210 1524 1276 bestiis
1548 1222 1662 1292 terror,
1684 1214 1746 1278 nisi
1769 1213 1950 1297 quiaDeus
1972 1214 2148 1297 insoulpsit
2170 1225 2273 1278 oertas
2291 1225 2370 1279 notas

386 1297 503 1365 deinde
526 1307 712 1384 prosternet
729 1305 762 1362 et
784 1296 912 1380 rediget
928 1299 1027 1361 etism
1046 1298 1081 1361 in
1099 1297 1237 1361 nihilum
1261 1296 1359 1360 simul
1412 1297 1558 1380 regibus,
1597 1299 1869 1380 quemadmodum
1911 1300 2030 1374 dieitur
2066 1299 2153 1382 apud
2188 1298 2369 1364 Danielem?

386 1403 424 1450 ao
446 1386 554 1450 visum
576 1383 682 1449 luerit.
728 1382 780 1447 Ad
810 1383 927 1465 prexin
957 1382 1060 1466 igitur
1088 1383 1234 1448 resonari
1264 1382 1359 1447 debet
1411 1381 1574 1462 Quoniam
1603 1386 1705 1468 igitur
1733 1386 1888 1450 maiestas
1917 1385 1980 1450 Dei
2007 1386 2149 1470 refulget
2179 1385 2213 1449 in
2244 1387 2369 1468 regibus,

386 1469 468 1536 haee
490 1467 645 1535 doetrina.
689 1468 804 1551 Neque
831 1469 919 1532 euim
946 1469 1144 1552 generaliter
1171 1485 1203 1533 et
1225 1466 1358 1533 eonfuse
1410 1467 1532 1533 bestiae
1560 1470 1649 1550 ipsae
1678 1470 1829 1552 quemvis
1859 1470 1985 1536 ratione
2021 1480 2055 1536 et
2092 1469 2212 1535 iuditio
2243 1481 2369 1546 eareant,

386 1557 598 1623 eonoionatus
626 1565 676 1619 est
701 1553 858 1618 ieremias
888 1552 927 1619 de
956 1555 1100 1637 potentia
1122 1554 1195 1632 Del,
1226 1553 1357 1618 sedeo·
1412 1558 1522 1618 tamen
1545 1574 1663 1620 areano
1695 1563 1832 1620 naturae
1862 1577 1961 1621 sensu
1990 1564 2107 1641 sponte
2139 1557 2313 1621 fleetuntur
2338 1556 2372 1620 ed

386 1640 606 1708 eommodavit
627 1639 668 1704 ed
694 1651 900 1722 praesentem
922 1659 1053 1705 eausam
1075 1637 1162 1724 quod
1185 1638 1225 1703 ds
1247 1642 1359 1721 poten·
1410 1639 1607 1722 obsequium.
1632 1640 1721 1724 Ergo
1733 1641 1965 1708 inexeusabilis
1977 1647 2027 1708 est
2042 1641 2212 1708 bominum
2227 1641 2373 1724 superbie,

386 1731 433 1792 tie
466 1726 529 1792 Dei
562 1725 698 1804 dieebet,
731 1735 767 1789 ut
796 1724 921 1789 soilinet
953 1725 1175 1810 intelligerent
1208 1725 1359 1789 homines
1412 1725 1438 1788 si
1461 1725 1578 1789 saltem
1602 1747 1668 1790 non
1698 1727 1868 1791 imitentur
1898 1727 2019 1793 bestias
2047 1730 2144 1811 ipsas.
2191 1727 2306 1792 Postea
2327 1748 2374 1790 ro-

386 1812 468 1877 nihil
498 1832 574 1877 ‘esse
605 1811 770 1876 firmitatis
807 1812 841 1874 in
881 1810 943 1876 hoo
984 1811 1119 1886 mundo,
1159 1809 1216 1874 sed
1250 1808 1359 1875 Deum
1411 1821 1505 1874 eatur
1527 1810 1807 1876 Nabuobadneaer
1827 1832 1936 1878 servus
1957 1813 2039 1896 Dei,
2069 1834 2133 1878 nou
2158 1811 2247 1895 quod
2269 1811 2372 1894 dignus

385 1899 471 1963 tueri
501 1906 533 1961 et
563 1896 711 1962 homines
740 1905 773 1961 et
802 1895 972 1960 animalia:
1006 1917 1044 1961 ea
1071 1905 1181 1960 tamen
1209 1895 1291 1979 lege,
1324 1905 1360 1959 ut
1413 1897 1510 1960 luerit
1539 1896 1597 1960 teli
1626 1898 1744 1980 elogio,
1775 1899 1872 1963 siouti
1903 1919 2074 1982 nunquam
2110 1899 2310 1980 propositum
2335 1897 2375 1960 illi

384 1983 488 2068 possit
527 1982 666 2066 singulis
705 1982 878 2047 momentis
917 1981 985 2047 solo
1023 1983 1105 2046 flatu
1145 1982 1179 2044 in
1220 1981 1359 2047 nihilum
1412 1982 1474 2046 luit
1495 1983 1567 2046 Deo
1589 2002 1721 2064 operam
1745 2003 1837 2048 suam
1861 1984 2065 2065 impendere:
2088 1984 2145 2050 sed
2163 1994 2299 2048 voeatur
2318 2003 2374 2046 ser-

385 2069 534 2152 redigere
563 2066 721 2151 quidquid
749 2074 841 2143 sunt,
871 2074 904 2131 et
933 2067 1090 2150 quidquid
1121 2065 1253 2132 habeut.
1298 2065 1359 2132 Se·
1412 2087 1492 2149 vus,
1526 2071 1678 2150 quoniam
1713 2068 1804 2133 Deus
1837 2068 1968 2134 volebat
2000 2073 2050 2135 uti
2086 2070 2156 2134 eius
2190 2069 2376 2134 ministerio:

384 2155 507 2237 quitur,
1412 2153 1684 2236 quemadmodum
1708 2154 1742 2217 in
1767 2155 1900 2219 Psalmo
1922 2153 1988 2240 (82,
2007 2155 2042 2241 6)
2064 2163 2225 2220 venentur
2250 2154 2376 2230 filiiDei,

1411 2237 1451 2303 ad
1476 2260 1554 2321 quos
1578 2260 1685 2304 sermo
1708 2238 1771 2303 Dei
1795 2239 1955 2324 dirigitur,
1980 2244 2040 2308 boo
2062 2252 2121 2320 est,
2153 2239 2273 2322 quibus
2293 2240 2377 2302 detur

470 2325 500 2390 6.
524 2323 569 2390 ut
588 2345 671 2390 neno
687 2345 740 2406 epo
756 2325 829 2390 dedi
850 2325 1164 2390 omnestsrrasietns
1179 2326 1214 2390 in
1231 2344 1359 2388 menum
1412 2325 1570 2388 autoritas
1594 2325 1633 2388 sd
1658 2324 1848 2408 regendum.
1893 2325 1949 2391 Sie
1977 2329 2076 2391 etiam
2105 2347 2223 2391 servus
2249 2326 2306 2390 Dei
2327 2323 2377 2387 luit

386 2411 648 2476 Nebeobedueeer
668 2409 1039 2492 repisBebylouisseroi
1060 2411 1138 2474 mei:
1158 2416 1250 2492 atque
1267 2411 1361 2474 ettam
1410 2409 1706 2486 Nabuobadneaer,
1737 2411 1814 2492 quia
1844 2411 2000 2476 divinitus
2030 2412 2196 2495 praeditus
2227 2421 2298 2476 eret
2324 2411 2376 2472 im·

384 2498 513 2562 bestiam
534 2499 608 2578 apri
629 2494 705 2580 (hoo
728 2503 786 2572 est,
817 2496 936 2561 bestias
959 2495 1116 2579 agrestes)
1145 2496 1217 2560 dedi
1245 2495 1295 2559 illi
1317 2495 1360 2560 ad
1411 2496 1510 2577 perio.
1552 2496 1625 2560 Hoe
1647 2497 1716 2578 ipse
1739 2517 1804 2560 non
1823 2495 1997 2575 intellexit,
2020 2519 2125 2580 neque
2148 2498 2209 2562 hoo
2234 2496 2329 2562 etiam
2347 2495 2376 2557 iu

384 2581 583 2647 serendam
604 2582 642 2644 ei.
1413 2581 1549 2662 gloriam
1573 2583 1641 2646 eius
1664 2581 1797 2657 dieitur,
1828 2603 1933 2664 neque
1961 2593 2098 2647 ornatur
2120 2593 2188 2646 tam
2212 2581 2376 2646 honorifico

473 2667 502 2729 7.
527 2665 571 2729 ut
592 2664 725 2730 sument
746 2665 775 2729 ei
797 2684 901 2730 omnes
921 2669 1039 2748 penus,
1070 2669 1096 2728 el
1123 2665 1191 2746 filio
1219 2667 1302 2748 eiua,
1333 2672 1360 2730 et
1413 2666 1522 2748 titulo,
1553 2687 1590 2732 ae
1620 2669 1648 2732 si
1678 2666 1769 2731 Deus
1803 2667 1896 2731 illum
1925 2669 2011 2732 inter
2037 2688 2112 2733 suos
2138 2677 2302 2734 eeuseret:
2329 2663 2377 2730 sed

384 2751 453 2832 filio
473 2751 537 2832 filii
559 2751 627 2815 eius
648 2770 746 2833 usqae
767 2750 844 2816 dum
871 2751 989 2815 venen
1015 2755 1137 2831 tempus
1157 2756 1258 2816 terrm
1280 2752 1360 2834 eins,
1412 2753 1552 2816 refertur
1574 2752 1637 2816 hoe
1655 2752 1695 2815 ad
1714 2752 1861 2834 Iudaeos,
1885 2764 1918 2816 et
1941 2754 2020 2817 alias
2039 2775 2151 2818 omnes
2170 2760 2302 2835 gentes:
2323 2769 2377 2832 quo

386 2843 479 2918 etque
501 2837 596 2900 etiam
617 2837 739 2917 ipsius:
770 2841 798 2900 et
825 2837 959 2901 senine
986 2837 1136 2920 rigentes
1156 2837 1272 2902 multae
1293 2835 1359 2922 (vel
1412 2837 1534 2902 seilieet
1555 2853 1644 2902 oerto
1667 2840 1813 2919 persuasi
1836 2840 1903 2902 sint
1925 2861 1960 2902 se
1985 2840 2054 2902 Deo
2078 2860 2200 2921 perere,
2234 2857 2330 2920 quum
2349 2856 2378 2900 se

386 2920 547 3007 magnae),
570 2942 657 3005 repes
678 2922 796 3005 magni.
1411 2922 1645 2999 humiliabunt,
1680 2934 1712 2987 et
1744 2923 1856 3005 iugum
1891 2925 2068 3006 suscipient
2100 2925 2185 3007 regis
2215 2923 2378 3007 babylonii,

1411 3009 1563 3091 quoniam
1593 3010 1639 3071 ita
1661 3008 1733 3074 Deo
1764 3009 1899 3090 plaoeet.
1943 3009 2017 3074 Non
2049 3012 2137 3074 enim
2167 3021 2218 3074 est
2248 3020 2379 3092 potestas

472 3092 653 3174 Postquam
683 3094 823 3157 asseruit
845 3094 938 3159 Deus
965 3093 1026 3158 sibi
1055 3094 1229 3175 imperium
1257 3095 1359 3160 totius
1412 3095 1475 3159 nisi
1504 3116 1524 3159 a
1553 3095 1624 3160 Deo
1654 3094 1741 3176 ipso,
1774 3095 1881 3177 inquit
1911 3095 2034 3160 Paulus
2065 3094 2175 3179 (Rom.
2201 3093 2323 3178 13.1):
2353 3103 2380 3154 ot

387 3187 502 3254 terrae,
526 3187 558 3240 st
580 3177 725 3241 ostendit
743 3179 794 3241 sui
815 3178 942 3244 arbitrii
958 3199 1038 3260 esse,
1062 3179 1239 3244 transferre
1257 3201 1359 3264 regne
1411 3180 1574 3245 sententia
1596 3179 1652 3244 ille
1674 3179 1772 3246 dueta
1802 3192 1852 3246 est
1881 3201 1923 3244 ex
1949 3180 2010 3246 hoe
2034 3181 2208 3263 prineipio,
2243 3181 2380 3244 Potestas

387 3262 514 3346 quoties
547 3262 593 3325 ita
627 3261 803 3344 plaouerit:
841 3284 927 3328 nune
964 3266 1156 3345 pronuntiet
1190 3264 1358 3330 deoretum
1410 3266 1517 3330 omnis
1539 3277 1589 3329 est
1610 3287 1630 3328 a
1648 3264 1729 3347 Deo,
1753 3285 1869 3348 nempe
1892 3266 2076 3348 quiaDeus
2098 3287 2235 3331 manum
2256 3263 2381 3348 porrigit

386 3369 493 3422 suum,
517 3347 601 3429 quod
624 3347 748 3413 soiliost
770 3347 943 3414 subieoerit
965 3349 1032 3431 regi
1053 3348 1224 3431 babylonio
1246 3371 1358 3415 omnes
1411 3350 1527 3432 quibus
1550 3349 1640 3427 vult,
1671 3360 1704 3415 et
1734 3351 1839 3433 plaeet
1861 3355 1900 3415 ut
1929 3361 2070 3436 regnent
2101 3372 2138 3416 ae
2167 3351 2379 3416 dominentur.

385 3433 513 3498 vieinas
535 3442 649 3512 terres,
679 3453 795 3515 nempe
817 3435 955 3518 Tyrum,
986 3432 1158 3510 Sidonem,
1193 3436 1359 3519 regionem
1411 3433 1606 3518 Quieunque
1629 3457 1706 3519 ergo
1729 3436 1866 3518 praediti
1889 3449 1966 3501 sunt
1987 3439 2059 3502 iure
2081 3435 2181 3521 gladii
2204 3447 2240 3501 et
2264 3435 2382 3518 publiea

387 3519 497 3600 Moab,
521 3519 687 3667 regionem
711 3520 863 3601 Ammon,
886 3530 919 3584 st
940 3519 1105 3600 regionem
1121 3520 1238 3595 Edem,
1261 3526 1360 3602 atque
1410 3531 1586 3602 potestate,
1618 3520 1667 3585 illi
1694 3531 1770 3586 sunt
1800 3520 1863 3586 Dei
1894 3523 1990 3600 servi,
2020 3523 2149 3587 etiamsi
2179 3519 2382 3607 tyrannidem

385 3604 492 3684 ipsam
515 3604 553 3668 Iu
578 3623 680 3668 seam.
725 3603 863 3670 Siluine
889 3625 1026 3670 exorsus
1055 3605 1171 3670 fuisset
1192 3605 1359 3686 Ieremias,
1411 3616 1603 3685 exarmant,
1642 3618 1675 3670 st
1711 3608 1779 3671 sint
1811 3607 1971 3673 latrones:
2004 3608 2108 3683 servi,
2142 3627 2208 3671 nou
2246 3609 2383 3691 ipserum

386 3691 496 3754 Deum
530 3688 656 3754 dedisse
689 3690 758 3772 regi
791 3689 1068 3756 Nabuobadneaer
1100 3693 1134 3755 in
1167 3699 1358 3773 potestatem
1410 3699 1570 3775 respeetu,
1600 3691 1830 3774 sedquoniam
1854 3692 1945 3757 Dsus
1968 3695 2055 3775 ipsos
2078 3694 2152 3759 vult
2174 3695 2310 3775 agnosoi
2333 3711 2383 3770 pro

386 3783 491 3839 terras
514 3773 604 3853 illas,
633 3794 698 3838 non
723 3785 790 3838 tem
812 3775 905 3840 fenile
928 3776 1106 3842 admissum
1136 3777 1252 3842 luisset
1274 3781 1358 3843 vati·
1411 3777 1479 3842 suis
1512 3777 1690 3856 ministris,
1729 3777 1832 3842 donee
1865 3786 1995 3860 tempus
2029 3779 2173 3861 ipsorum
2208 3776 2382 3848 advenerit

386 3859 520 3941 oinium,
547 3859 701 3942 quoniam
724 3859 877 3941 superbie
897 3861 1010 3926 fuisset
1039 3862 1132 3944 quasi
1155 3863 1360 3928 obstaeulum
1411 3862 1679 3945 quemadmodum
1702 3863 1860 3944 sequitur,
1886 3863 2027 3928 servient
2047 3865 2076 3928 ei
2096 3869 2341 3948 menapenses,
2361 3863 2384 3924 el

386 3943 428 4009 ad
449 3944 672 4009 observandas
695 3953 824 4010 mentes
851 3953 884 4010 et
914 3946 1051 4011 animos.
1095 3946 1162 4012 Sed
1190 3949 1358 4030 praelatio,
1408 3949 1476 4030 filio
1505 3949 1583 4030 eius,
1616 3953 1645 4013 et
1667 3948 1735 4029 pilio
1760 3948 1826 4029 liiii
1857 3949 1933 4014 eius.
1977 3949 2084 4014 Maior
2112 3970 2188 4031 pars
2223 3949 2384 4014 existimat

385 4040 423 4094 ut
445 4029 568 4094 dietum
592 4041 658 4128 est,
689 4051 726 4128 eo
753 4030 924 4106 tendebat,
953 4053 994 4095 ne
1023 4037 1179 4114 putarent
1209 4055 1359 4135 regesse
1411 4035 1479 4118 regi
1502 4033 1780 4133 Nabuobadneaer
1802 4033 1905 4133 fuisse
1927 4040 2055 4099 tantum
2080 4035 2161 4099 duos
2183 4053 2384 4129 sueoessores

384 4124 602 4265 {iutuitu
615 4115 1099 4283 ,ftlftittdttlttt
1120 4120 1360 4270 tumultu?
1410 4129 1769 4287 {instituunt
1792 4118 2289 4271 lullt‘titluttsslzttt
2298 4116 2386 4267 dl:

384 4285 462 4365 bus,
492 4305 580 4350 nune
602 4287 745 4350 elfirmat
766 4306 878 4370 regem
901 4285 1179 4353 Nabuobadneaer
1208 4288 1279 4353 fore
1305 4288 1359 4354 do·
1411 4288 1655 4364 Evllmerodah,
1686 4301 1720 4355 et
1741 4289 1905 4356 Belsaaar.
1951 4288 2018 4371 Qui
2046 4312 2111 4356 non
2141 4301 2266 4372 putant
2294 4289 2385 4354 fuisse

386 4369 516 4435 minum
539 4379 605 4435 tam
629 4370 770 4436 Iudaeae
792 4391 889 4453 quem
913 4372 1059 4436 omnium
1082 4374 1252 4456 regionum
1275 4395 1360 4456 quae
1410 4374 1520 4455 plures
1551 4374 1671 4452 tribus,
1707 4375 1810 4441 oitsnt
1846 4375 1906 4440 hoe
1941 4377 2164 4442 testimonium
2200 4375 2386 4459 prophetae,

384 4456 419 4519 in
442 4456 580 4521 oireuitu
596 4466 700 4536 erent,
723 4456 875 4538 quoniam
898 4458 1021 4523 seilieet
1037 4458 1128 4523 Deus
1150 4458 1243 4523 illum
1263 4460 1359 4526 terris
1411 4459 1488 4540 quia
1521 4459 1668 4524 nominet
1700 4459 1862 4525 duntaxat
1894 4461 1997 4526 filium
2035 4463 2122 4544 regis
2155 4471 2188 4525 et
2227 4471 2386 4544 nepotem.

384 4541 450 4607 illis
467 4541 668 4623 preeleeerit.
699 4541 860 4606 Extendit
877 4550 986 4608 autem
1005 4541 1238 4608 subieetionem
1256 4544 1358 4628 illam,
1411 4543 1478 4610 Sed
1501 4565 1567 4609 non
1589 4551 1675 4612 esset
1697 4547 1776 4611 satis
1799 4547 1892 4610 firma
1915 4547 2008 4611 ratio.
2052 4548 2125 4632 Ego
2148 4552 2265 4612 tamen
2289 4547 2385 4610 liben-

322 4645 326 4653 ’
384 4626 425 4690 de
448 4648 511 4709 qua
531 4626 692 4708 loquitur,
722 4625 763 4690 ed
792 4626 913 4692 bestias
939 4628 1027 4711 ipsas
1056 4649 1121 4692 non
1150 4629 1220 4694 siue
1250 4649 1357 4696 eausa.
1411 4639 1461 4695 ter
1483 4649 1601 4713 sequor
1624 4631 1709 4713 quod
1733 4633 1838 4714 magis
1860 4643 2026 4714 rseeptum
2049 4643 2108 4706 est,
2133 4653 2255 4714 nempe
2279 4632 2387 4697 Belsa-

384 4711 459 4778 Hoo
481 4712 570 4777 enim
592 4709 688 4776 modo
710 4711 839 4794 oblique
861 4713 1055 4797 perstringit
1076 4711 1230 4779 duritiem
1253 4715 1358 4780 homi·
1409 4736 1474 4794 aar,
1501 4717 1556 4798 qui
1578 4717 1641 4781 luit
1663 4737 1722 4782 rex
1746 4717 1881 4782 ultimus
1904 4717 2093 4801 Babylonis,
2123 4728 2157 4782 et
2180 4718 2238 4800 qui
2265 4716 2388 4782 oeoisus

385 4818 473 4876 num,
496 4797 525 4864 si
546 4803 696 4880 perstent
717 4797 890 4863 reluotari:
917 4800 1010 4878 quasi
1034 4799 1169 4880 dioeret,
1188 4799 1276 4880 Quid
1298 4821 1359 4867 vos
1410 4811 1461 4865 est
1483 4822 1502 4866 a
1524 4801 1628 4886 Oyro,
1659 4801 1792 4866 tertium
1822 4803 1922 4869 luisse
1944 4824 1964 4868 e
1986 4802 2281 4869 Nebuohedneaer.
2326 4800 2388 4867 Sed

384 4882 514 4949 iurabit
536 4882 726 4965 praeireetis
752 4882 870 4946 animis
898 4883 1006 4948 eonari
1036 4885 1149 4969 iugum
1180 4886 1357 4950 exentera?
1409 4886 1470 4951 hoo
1493 4907 1558 4951 non
1580 4897 1629 4951 est
1650 4888 1870 4970 praeeipuam.
1911 4889 2039 4954 Insistit
2061 4890 2148 4954 enim
2170 4889 2338 4972 prophete
2357 4886 2388 4948 in
2514 4925 2515 4960 ι

385 4988 464 5034 nem
486 4969 609 5034 bestiae
630 4969 728 5051 ipsae,
752 4967 863 5052 tigres,
886 4967 965 5050 lupi,
996 4969 1115 5050 leones,
1145 4983 1179 5034 et
1199 4970 1358 5055 quidquid
1409 4980 1557 5055 tempore
1589 4980 1656 5035 tem
1690 4974 1898 5038 monerohiae
1931 4973 2116 5040 ohaldaieas
2157 4995 2261 5057 quam
2297 4973 2388 5056 regis,

385 5064 436 5118 est
457 5062 553 5118 atrox
575 5061 608 5117 et
633 5073 768 5119 saevum
791 5053 824 5116 in
852 5062 955 5136 terra,
985 5055 1127 5120 sentient
1148 5075 1260 5122 omnes
1282 5056 1358 5122 illes
1408 5055 1516 5123 Dones
1536 5058 1696 5123 adverterit
1716 5063 1836 5139 tempus
1857 5059 1935 5124 eius.
1981 5059 2125 5140 sompes
2153 5068 2266 5126 terrae
2300 5066 2389 5124 voest

384 5137 507 5204 bestiae
528 5159 638 5224 regem
656 5135 935 5207 Nabuobadneaer
954 5158 1024 5204 esse
1042 5138 1219 5222 dominum,
1241 5163 1359 5225 nempe
1409 5142 1495 5225 quod
1528 5143 1656 5208 finitum
1690 5154 1761 5208 erat
1793 5143 1943 5210 eoelitus:
1985 5143 2265 5226 quemadmodum
2304 5144 2389 5210 enim

384 5243 505 5290 arnano
527 5224 694 5291 instinetu.
739 5223 852 5305 Quum
882 5223 984 5307 igitur
1012 5224 1135 5290 bestiae
1161 5228 1249 5309 ipsse
1271 5230 1358 5309 peri·
1409 5229 1526 5310 auique
1549 5238 1693 5294 nostrum
1717 5249 1796 5294 suus
1814 5229 1907 5296 limes
1926 5231 2091 5312 praefixus
2110 5239 2160 5294 est
2175 5250 2277 5313 quem
2295 5248 2388 5294 nemo

385 5318 480 5376 tures
510 5318 620 5376 essent
648 5311 719 5394 regi
747 5306 1042 5388 Nabuobadneaer,
1081 5311 1167 5391 quod
1200 5310 1358 5378 divinitus
1409 5323 1517 5395 potest
1537 5314 1739 5397 transgredi,
1770 5323 1802 5378 et
1832 5315 1879 5378 ita
1907 5314 1948 5379 de
1970 5316 2081 5400 regnis
2103 5316 2225 5381 sentire
2251 5323 2390 5400 oportet.
