5158 6124
225 395 288 461 433
907 399 955 464 ΙΝ
977 397 1229 465 quentati.
1275 397 1376 469 uAP.
1398 397 1533 466 XXIII.
2159 404 2227 471 434

222 587 327 652 tusins
350 587 481 653 traotari
505 593 668 653 meretur:
697 587 753 652 sed
775 589 851 671 quia
873 607 938 651 non
961 587 1048 652 soleo
1071 585 1197 670 digredi
1250 607 1269 650 e
1292 587 1441 662 nubibus,
1464 589 1619 652 territant
1642 607 1700 653 ros
1716 590 1879 656 etrooibus
1895 590 2008 656 minis:
2031 593 2224 674 quasivero

222 675 256 739 in
286 674 373 738 looos
394 692 594 754 eommuoes,
623 674 705 738 eatis
726 681 779 738 est
799 681 912 738 tenere
933 673 1018 756 quod
1040 671 1079 736 ed
1104 691 1197 754 prae·
1249 684 1359 737 essent
1381 672 1488 756 angeli
1512 674 1674 740 eoelestes.
1720 673 1832 754 Quum
1856 695 1935 760 ergo
1958 677 2223 760 pseudoprophe-

223 768 348 825 sentem
367 759 472 826 loeum
491 757 572 823 utile
590 767 641 824 eet
654 760 795 842 segnitu,
819 777 938 840 nempe
954 757 1063 822 nullos
1079 757 1197 822 debere
1249 766 1302 821 tae
1324 759 1372 823 ita
1392 761 1602 842 contemptim
1624 759 1711 844 loqui
1733 760 1876 826 solerent
1898 762 2065 829 deservis
2088 762 2162 840 Dei,
2184 784 2223 830 au

223 846 355 930 egnusei
378 865 437 929 pru
461 845 522 910 Dei
546 845 651 910 servis
673 855 707 909 et
728 843 916 910 deuturibus
939 843 1103 923 oeulosiee,
1133 843 1196 906 nisi
1249 842 1426 908 obiieerent
1448 865 1514 910 non
1536 846 1665 911 stetisse
1687 847 1721 909 in
1747 846 1807 909 Dei
1831 847 1982 927 oonsilio,
2012 845 2099 913 nuno
2122 857 2224 914 retur·

223 932 277 1015 qui
318 931 408 995 missi
445 939 538 1008 sunt,
580 929 641 993 hoo
676 937 740 1007 est,
782 927 901 1011 quibus
936 929 1026 993 Deus
1062 948 1196 992 manum
1249 939 1327 1009 quet
1350 929 1509 994 adversus
1531 952 1585 996 eos
1607 930 1780 996 Ieremias:
1805 929 1843 995 Si
1863 933 2025 1013 stetissent,
2046 933 2164 1015 inquit,
2187 934 2224 1000 t‘rt

222 1019 376 1101 porrexit,
399 1027 434 1079 ut
451 1015 510 1080 hes
533 1023 642 1099 partes
663 1015 857 1097 iniungeret.
892 1013 961 1079 Iam
979 1014 1056 1096 quia
1072 1013 1198 1079 roostiu
1248 1015 1377 1080 oonsilio
1399 1035 1475 1096 meo,
1503 1021 1580 1082 uerte
1600 1017 1721 1096 loquuti
1741 1021 1841 1082 esseest
1861 1035 1901 1080 ee
1929 1017 1994 1102 leqe
2015 1037 2104 1084 meu:
2129 1019 2224 1102 qussi

223 1105 360 1168 interior
391 1101 453 1165 Dei
494 1121 561 1165 nun
603 1110 711 1183 potest
743 1109 832 1165 oerto
865 1098 1011 1183 dignosoi
1044 1119 1065 1163 a
1097 1099 1197 1179 nobis,
1249 1098 1382 1182 diceret,
1414 1100 1601 1166 Detrahunt
1632 1101 1731 1166 fidem
1765 1101 1871 1165 sorvis
1900 1105 1997 1183 mels,
2031 1104 2111 1185 quin
2144 1113 2224 1170 sunt

223 1188 401 1254 videndum
430 1194 480 1252 est
507 1205 550 1251 sn
577 1187 632 1268 qui
660 1185 807 1268 loquitur
828 1186 872 1252 sit
893 1205 1038 1269 organon
1060 1185 1197 1266 spiritus
1249 1183 1406 1264 homines,
1429 1195 1550 1250 utnon
1573 1187 1690 1270 angeli.
1734 1186 1867 1271 Negent
1888 1187 1990 1271 igitur
2012 1190 2111 1254 luisse
2134 1209 2222 1256 meos

222 1277 296 1341 Dei.
337 1273 492 1356 Quisquis
515 1272 602 1336 enim
624 1291 686 1335 sue
707 1283 891 1337 summonte
912 1270 1051 1335 futiliter
1072 1269 1196 1346 afferet,
1248 1269 1466 1336 oonsiliarioe:
1497 1271 1543 1335 its
1561 1271 1691 1340 ¹l'aeiunt
1712 1283 1749 1336 ut
1771 1277 1860 1337 totus
1882 1273 2020 1355 populus
2043 1274 2224 1356 vilipendet

222 1360 276 1427 ille
305 1360 460 1442 indignus
494 1365 543 1422 est
573 1355 749 1422 audientia.
795 1355 922 1436 Quare,
957 1356 1011 1440 qui
1041 1355 1196 1438 loquitur,
1248 1355 1364 1421 salotis
1393 1356 1587 1422 doetrinem.
1638 1356 1739 1439 Atqui
1773 1369 1850 1422 sunt
1880 1372 1988 1422 temen
2019 1358 2122 1442 aliqui
2149 1381 2222 1441 pru·

222 1445 373 1512 ostendat
402 1466 437 1509 re
467 1445 601 1526 ipsese
632 1441 777 1524 legatum
807 1463 877 1508 esse
907 1442 979 1506 Dei.
1025 1440 1197 1521 Quomodo
1248 1441 1375 1522 phetae,
1397 1463 1477 1524 qnos
1500 1462 1560 1524 ego
1583 1443 1675 1507 misi:
1704 1463 1792 1507 nuno
1814 1444 1842 1508 si
1864 1442 1971 1508 velint
1994 1444 2107 1510 haberi
2131 1445 2222 1526 tales,

222 1541 330 1597 sutem
361 1527 530 1595 ostendet?
561 1547 679 1610 nempe
707 1529 735 1592 si
764 1528 916 1609 loquetur
944 1548 985 1592 ox
1007 1525 1019 1590 i
1043 1527 1111 1592 sius
1132 1525 1195 1592 Dei
1249 1526 1402 1607 probent:
1433 1546 1517 1609 quae
1547 1528 1611 1592 orit
1635 1548 1712 1592 vere
1742 1525 1910 1608 probatio?
1940 1527 1979 1594 Si
2007 1531 2161 1596 stetisset
2188 1531 2223 1594 iu

222 1638 287 1694 ore,
319 1616 380 1680 hou
409 1624 468 1691 est,
500 1613 580 1678 nihil
611 1614 779 1696 proprium
808 1615 947 1696 ingeret,
977 1547 1042 1677 sed
1055 1611 1197 1677 fideliter
1247 1611 1374 1676 oonsdio
1398 1631 1481 1693 meo,
1508 1618 1585 1678 uerte
1613 1617 1719 1678 eumn
1747 1614 1891 1695 fecissent
1917 1633 2089 1680 emmonem
2120 1635 2224 1680 meum

222 1701 315 1786 quasi
348 1701 388 1766 de
421 1720 523 1764 manu
556 1701 589 1763 in
623 1719 757 1763 manum
784 1701 894 1763 tradet
922 1697 1007 1781 quod
1037 1696 1196 1765 divinitus
1244 1697 1361 1780 pupulo
1389 1717 1474 1762 meo:
1503 1709 1535 1762 st
1564 1700 1714 1782 quisnam
1744 1707 1794 1763 est
1822 1698 1878 1763 illo
1905 1699 2035 1765 sermo?
2063 1699 2223 1783 Sequitur

222 1787 353 1870 euuepit
398 1785 464 1852 Sed
496 1784 650 1866 quoniam
678 1784 784 1849 adhue
798 1793 891 1848 'esset
912 1783 948 1848 in
970 1802 1009 1848 ea
1032 1803 1066 1848 re
1088 1781 1196 1865 eliqua
1248 1783 1344 1848 etiem
1369 1782 1531 1861 definitio,
1560 1805 1678 1865 nempe
1705 1803 1811 1849 sermo
1841 1784 1942 1866 legis:
1968 1784 2223 1852 Redueiseerttu
2307 1833 2308 1838 κ

222 1873 428 1957 perplexius,
451 1870 608 1952 sequitur,
1247 1867 1332 1932 metu
1352 1868 1407 1934 uio
1424 1869 1577 1950 populum
1594 1874 1755 1936 mentem.
1792 1868 1905 1934 Vidsri
1928 1883 2039 1952 posset
2059 1871 2148 1936 loous
2170 1870 2223 1936 hie

1248 1954 1419 2030 obsunrne,
1446 1954 1504 2018 sed
1525 1976 1567 2019 ex
1590 1965 1746 2020 euntextu
1769 1956 1839 2036 ipse
1870 1975 2040 2036 possumus
2070 1955 2223 2039 oolligere

308 2043 359 2108 22.
386 2041 473 2124 Quod
492 2042 522 2104 si
542 2039 693 2105 stetissent
720 2039 757 2103 irs
777 2039 906 2104 oonsilio
927 2059 1010 2121 meo,
1035 2043 1112 2104 uerte
1132 2038 1195 2123 (oo-
1248 2038 1333 2104 hano
1366 2039 1467 2104 tuisse
1498 2041 1673 2118 genuinam
1716 2040 1895 2123 prophetae
1934 2052 2096 2104 mentem:
2137 2040 2224 2123 quod

222 2129 300 2212 pule
322 2130 409 2192 enim
432 2129 479 2191 ita
501 2125 621 2191 resolvi
650 2125 759 2207 debet)
790 2124 904 2190 audire
931 2124 1075 2206 (misserat
1101 2123 1196 2189 verte
1248 2124 1371 2190 soilleet
1387 2125 1528 2191 voluerit
1542 2144 1719 2209 ouerguere
1734 2125 1833 2190 falsos
1849 2125 2007 2202 duotores,
2027 2145 2068 2190 ne
2083 2126 2223 2208 amplius

216 2213 372 2297 poputum
393 2232 495 2277 meum
517 2210 592 2297 (hoo
614 2221 672 2289 est,
696 2210 884 2275 doouissent
907 2210 1062 2292 populum
1084 2229 1194 2273 meum
1247 2211 1407 2276 lauterunt
1429 2208 1494 2274 Dei
1516 2230 1650 2288 nomon,
1680 2221 1715 2274 et
1735 2210 1817 2275 falso
1846 2220 2076 2294 praetexerent
2104 2231 2223 2277 munus

222 2319 388 2365 sermones
411 2296 525 2382 meos),
555 2301 583 2362 et
602 2295 801 2361 reduxissent
824 2314 875 2360 eus
896 2315 917 2360 u
942 2297 996 2360 eie
1017 2313 1078 2359 stru
1099 2295 1193 2377 mutu,
1248 2294 1483 2377 prophetioum,
1506 2304 1540 2360 et
1562 2295 1658 2360 titulo
1680 2296 1737 2360 illo
1758 2296 1986 2380 gloriarentur.
2022 2297 2111 2363 Dioit
2133 2298 2222 2362 enim

222 2392 250 2452 et
270 2407 291 2451 u
312 2384 436 2452 matitia
457 2383 634 2448 stationem
655 2382 804 2462 ipsomet.
1248 2380 1323 2445 hino
1345 2381 1438 2446 feoile
1455 2380 1597 2462 probari,
1617 2402 1682 2446 non
1698 2401 1769 2447 esse
1782 2380 1846 2445 Dei
1863 2381 2047 2464 prophetas,
2069 2383 2220 2466 quoniam

1248 2487 1314 2530 non
1337 2465 1473 2532 doosant
1496 2467 1635 2532 fideliter
1650 2466 1736 2549 quud
1751 2466 1931 2532 debuerant
1949 2477 2059 2550 petere
2074 2489 2117 2532 ex
2139 2469 2220 2552 lege.

307 2557 374 2622 Hie
389 2573 503 2620 versus
515 2563 565 2616 est
580 2551 673 2636 quasi
685 2552 858 2634 explieatio
870 2550 1018 2633 proximi.
1055 2550 1195 2616 Posseot
1248 2551 1385 2617 Oertum
1401 2549 1531 2634 quidem
1543 2561 1603 2636 est,
1620 2553 1785 2617 neminem
1798 2552 1899 2619 tuisse
1912 2553 1974 2618 Dei
1986 2551 2221 2634 oonsiliarium,

221 2645 308 2710 enim
331 2641 427 2705 multi
450 2638 597 2723 perplexi
621 2637 765 2713 haerere,
785 2637 814 2702 si
837 2645 966 2700 tantum
987 2637 1048 2702 hoo
1071 2636 1194 2700 disere·
1247 2635 1519 2720 quemadmodum
1549 2639 1712 2720 seripturs
1737 2637 1887 2722 plumbus
1915 2637 1996 2703 loois
2023 2638 2113 2715 dioit‚
2142 2639 2221 2704 dum

221 2739 285 2807 tur,
308 2727 416 2793 nullos
438 2745 509 2790 esse
530 2723 672 2799 idoneos,
695 2724 749 2787 vel
771 2721 932 2806 legitimus
950 2721 1107 2797 deuteres,
1132 2721 1193 2786 nisi
1247 2722 1321 2786 vult
1343 2722 1491 2787 retollere
1511 2743 1623 2788 eorum
1644 2724 1874 2807 arrogantiam,
1898 2723 1954 2806 qui
1971 2744 2031 2805 pro
2045 2744 2105 2788 sua
2120 2725 2222 2789 ourio-

221 2815 277 2899 qui
299 2813 390 2879 missi
412 2821 538 2878 suntet
553 2810 607 2891 qui
630 2809 781 2873 instrueti
803 2815 881 2872 sunt
901 2807 1000 2872 uertis
1015 2806 1078 2870 Dei
1101 2826 1193 2890 prae·
1247 2807 1344 2872 sitate
1373 2817 1547 2889 penetrent
1574 2810 1607 2872 in
1636 2829 1755 2873 aroana
1783 2806 1848 2872 Dei
1874 2807 2011 2873 iudioia:
2039 2819 2072 2872 et
2094 2809 2221 2874 Paulus

221 2900 333 2983 neptis.
366 2897 447 2964 Ideo
469 2894 627 2979 prophete
649 2894 703 2959 hie
717 2913 777 2958 nos
792 2893 832 2958 ad
856 2894 1038 2959 doetrinam
1054 2902 1194 2972 rerooat,
1247 2913 1347 2975 quum
1365 2892 1406 2956 de
1423 2903 1555 2958 esterna
1566 2892 1630 2957 Dei
1649 2894 1807 2958 eleetione
1824 2893 1976 2976 loquitur,
1998 2893 2074 2973 quia
2093 2893 2155 2958 hoe
2169 2900 2222 2958 est

222 3006 306 3070 quae
338 2994 429 3050 uerte
456 2995 489 3046 et
519 2979 691 3044 manifesta
720 2999 790 3044 esse
823 2976 929 3043 debet.
985 2976 1077 3042 Deus
1106 2979 1193 3042 enim
1246 2977 1574 3060 incomprehensibile
1589 2997 1756 3054 areanum,
1780 2978 1943 3044 exulemst
1963 2977 2075 3126 qltom.
2088 2979 2139 3056 11,
2154 2978 2220 3064 34),

222 3069 400 3137 tradideret
423 3085 583 3134 summam
614 3065 713 3129 totius
737 3083 833 3128 verae
863 3063 1028 3127 doetrinae
1061 3063 1095 3127 in
1123 3063 1194 3146 lege
1247 3062 1330 3143 Quis
1359 3063 1564 3129 eonsiliarius
1592 3064 1663 3128 eius
1699 3062 1783 3128 fuit?
1818 3064 1862 3129 Et
1894 3063 1968 3128 simi
1982 3063 2045 3128 iter
2074 3064 2222 3146 loquitur

221 3178 289 3224 sna.
341 3154 451 3235 Quum
491 3171 569 3233 ergo
602 3159 669 3214 tota
705 3149 885 3232 sapientiae
919 3148 1074 3230 perleotIo
1106 3167 1192 3213 uem·
1247 3149 1366 3232 prioris
1389 3149 1429 3212 ad
1446 3149 1638 3214 Corinthios
1658 3149 1764 3232 sepite
1786 3148 1926 3216 seeundo
1944 3147 1989 3235 (r.
2008 3150 2071 3229 16).
2112 3149 2220 3230 Quer-

221 3241 383 3326 prehensa
405 3247 489 3303 esset
510 3237 545 3301 in
569 3236 652 3318 lege,
681 3235 776 3300 siouti
803 3234 881 3299 inde
908 3233 1091 3298 hauserunt
1118 3253 1194 3316 pro·
1246 3233 1343 3300 sum?
1368 3254 1483 3317 nempe
1505 3245 1541 3298 ot
1563 3243 1747 3316 uomposuat
1768 3235 1933 3300 humanae
1955 3237 2076 3300 mentis
2091 3237 2221 3302 temeri·

220 3329 339 3410 phetae
362 3322 517 3407 quidquid
549 3321 583 3384 in
612 3322 756 3402 ipsorum
788 3319 917 3402 seriptis
945 3318 1099 3402 legimus,
1129 3340 1194 3384 non
1246 3329 1356 3396 tatem,
1380 3340 1462 3402 ques
1483 3321 1664 3403 perrumpit
1692 3319 1822 3403 longius
1851 3341 1961 3403 quarn¹
1978 3321 2027 3386 les
2054 3323 2108 3386 sit.
2151 3319 2220 3388 Sed

221 3414 329 3496 potuit
353 3411 409 3474 illa
437 3408 603 3474 exeusatio
632 3405 776 3483 admitti,
812 3403 910 3470 Unde
947 3403 1087 3469 eeiemns
1120 3425 1194 3487 pru·
1245 3417 1356 3488 postea
1391 3427 1450 3488 per
1489 3405 1619 3471 modum
1653 3406 1860 3470 surreptionis
1896 3405 2047 3488 adiungit
2085 3406 2219 3488 Paulus,

220 3499 339 3581 phetas
360 3495 448 3578 loqui
481 3514 524 3556 ex
553 3511 610 3556 ore
634 3489 719 3555 Dei?
746 3489 829 3554 nihil
858 3489 976 3554 afferre
1003 3494 1195 3556 summenti·
1245 3490 1313 3556 Nos
1335 3499 1446 3555 autem
1469 3497 1610 3555 mentem
1632 3489 1760 3556 Ohristi
1783 3500 1943 3555 tenemus.
1987 3490 2122 3571 Quare?
2144 3511 2219 3556 uon·

221 3582 325 3648 tium?
349 3581 469 3646 hebere
487 3579 643 3642 mandata
661 3595 742 3658 quse
760 3575 852 3640 Deus
869 3574 1006 3657 probat?
1028 3574 1195 3658 Propheta
1245 3576 1353 3642 silium
1386 3576 1475 3640 enim
1508 3596 1604 3639 suum
1639 3576 1790 3655 pateleoit
1823 3576 1926 3640 nobis.
1976 3575 2089 3655 Quum
2116 3576 2220 3659 igitur

220 3669 324 3754 igitur
345 3673 478 3731 revouat
500 3663 639 3728 Iudaeos
667 3662 706 3726 ad
739 3661 843 3745 legem
873 3661 994 3742 ipsam,
1022 3680 1060 3726 ao
1087 3662 1115 3725 si
1145 3660 1193 3725 di·
1246 3671 1405 3744 negarent
1439 3658 1737 3743 psendoprophetae
1773 3679 1886 3726 servus
1919 3661 1982 3724 Dei
2015 3661 2115 3726 luisse
2149 3663 2220 3726 eius

222 3760 323 3832 eeret,
353 3749 626 3834 quemadmodum
657 3748 754 3811 etiam
786 3747 894 3812 Moses
924 3746 1083 3828 loquitur,
1121 3747 1193 3810 Non
1245 3746 1456 3824 eonsiliarios,
1479 3756 1629 3827 poterent
1650 3744 1779 3827 quidem
1803 3746 1995 3829 simplieiter
2016 3745 2079 3811 hoe
2101 3746 2218 3824 disere,

221 3860 302 3922 opus
329 3858 400 3902 esse
428 3832 677 3900 transseendere
706 3833 819 3906 nubes,
850 3831 903 3898 vel
931 3829 1129 3896 desoendere
1159 3833 1193 3896 in
1244 3840 1405 3914 quatenus
1423 3841 1520 3896 erant
1543 3831 1689 3896 homines
1712 3831 1880 3896 mortales:
1911 3830 1967 3896 sed
1993 3831 2120 3898 interea
2142 3853 2219 3899 oon·

221 3925 370 4008 abyssus,
404 3920 457 3986 rel
486 3922 645 3986 oursitare
677 3917 765 3981 oltra
796 3937 892 3981 mare.
938 3915 1023 3980 Nem
1057 3917 1128 3998 lex,
1162 3928 1195 3980 et
1245 3918 1355 3982 silium
1377 3915 1511 3981 illorum
1538 3916 1603 3980 luit
1630 3915 1803 3981 detrahere
1833 3914 1930 3980 fidem
1952 3915 2051 3982 verbo
2075 3918 2154 3994 Dei,
2185 3929 2219 3983 et

219 4011 359 4075 verbum
381 4027 481 4090 prope
503 4012 554 4070 est
574 4005 610 4069 in
632 4023 688 4068 ore
710 4011 776 4086 tuo,
807 4001 868 4067 hoo
890 4011 956 4078 est,
986 4000 1078 4066 Deus
1101 4001 1195 4067 vobis
1246 4003 1419 4086 abrogare:
1443 4001 1489 4066 ita
1511 4023 1576 4066 non
1600 4002 1748 4066 homines
1771 4003 1875 4082 ipsos,
1898 4002 1955 4066 sed
1979 4003 2085 4067 Deum
2109 4003 2218 4086 potius

220 4095 395 4246 ttttll
411 4089 801 4257 tllltlletttllt
815 4087 1195 4255 {ztstrttttsstl
1245 4085 2218 4256 tttltl‘dultttmfltttllntlttlltptt

220 4268 286 4331 iem
310 4199 409 4330 ullisus
430 4262 477 4326 rei
500 4261 702 4325 neeessariae
724 4261 861 4325 obseura
891 4259 953 4323 erit
980 4258 1137 4344 eognitio,
1167 4259 1193 4324 si
1246 4267 1412 4341 retorquet
1433 4258 1591 4323 adversus
1613 4277 1686 4322 eos:
1711 4256 1830 4323 Nullus
1852 4278 1931 4342 ergo
1951 4259 1985 4322 in
2010 4259 2132 4324 mundo
2154 4262 2217 4326 erit

221 4351 339 4417 attenti
361 4349 439 4414 estis
461 4346 501 4411 ad
524 4346 639 4429 legem.
684 4345 773 4428 IIrgo
795 4344 947 4427 ignaviae
968 4354 1098 4408 vestrae
1127 4365 1193 4408 non
1245 4344 1308 4409 Dei
1332 4343 1515 4426 propheta?
1539 4345 1627 4426 etqui
1648 4343 1752 4407 fixum
1769 4342 1849 4407 illud
1866 4353 1945 4422 orat,
1969 4364 2099 4427 sempor
2117 4347 2216 4412 fuisse

221 4434 317 4501 modo
339 4453 469 4502 orasses
491 4451 582 4496 error
597 4448 695 4494 eausa
712 4438 770 4506 est,
794 4429 850 4495 sed
866 4429 966 4494 etiam
980 4431 1194 4510 eontumaoia,
1246 4430 1371 4511 aliquus
1393 4430 1455 4494 Dei
1478 4429 1662 4512 prophetas.
1697 4429 1742 4492 Et
1765 4447 1861 4492 nemo
1883 4429 1968 4510 apud
1992 4428 2130 4496 Iudaeos
2159 4451 2216 4495 ne-

221 4521 277 4587 ubi
301 4521 478 4604 preuterita
499 4518 572 4600 lege
603 4516 689 4579 ultro
718 4515 858 4579 manetis
888 4516 1054 4598 suspensi,
1085 4525 1118 4580 et
1143 4515 1194 4579 in·
1245 4535 1324 4597 gare
1346 4535 1444 4580 susus
1467 4516 1588 4589 fulsset
1620 4514 1733 4580 Mosen
1757 4513 1928 4596 loquutum
1957 4535 2028 4581 esse
2050 4515 2215 4582 diuinitus.

221 4607 352 4690 quiritis
386 4607 518 4670 ubinam
552 4609 603 4666 est
635 4599 712 4665 viu?
753 4599 846 4665 Haeo
883 4609 933 4664 est
965 4600 1035 4675 vie,
1067 4598 1195 4665 dioebot
1246 4600 1318 4665 Hoo
1346 4600 1447 4684 igitur
1476 4619 1626 4665 eonoesso
1652 4620 1739 4665 nuno
1771 4599 1901 4680 oblique
1935 4601 2128 4684 perstringit
2161 4621 2217 4668 eus

221 4692 342 4769 Muses,
365 4689 530 4755 ambulate
551 4689 585 4752 in
609 4705 657 4750 ea.
702 4686 798 4751 Nune
827 4704 905 4768 ergo
939 4687 1090 4749 tenemus
1120 4705 1195 4750 oon·
1246 4685 1416 4762 Ieremias,
1446 4685 1511 4750 Ubi
1534 4693 1629 4749 erunt
1651 4684 1714 4749 Dei
1737 4685 1940 4768 prophetae?
1968 4685 2132 4766 QuonIam
2154 4686 2218 4752 sibi

222 4778 331 4844 silium
363 4775 540 4840 Ieremias:
568 4771 697 4836 dixerut
726 4791 792 4834 uon
819 4770 899 4835 alios
932 4770 1049 4835 debere
1079 4770 1194 4846 audiri,
1245 4770 1441 4854 arrogabant
1462 4769 1523 4834 hoo
1545 4771 1695 4853 elogium,
1718 4769 1809 4848 dieit,
1841 4769 1928 4835 Certe
1949 4791 2010 4836 eron
2031 4771 2160 4836 stetistis
2182 4773 2216 4837 in

221 4862 285 4929 nisi
309 4862 364 4946 qui
387 4860 477 4924 missi
490 4867 610 4938 essent,
633 4857 730 4938 etqui
747 4854 960 4939 loquerentur
977 4876 1018 4920 ux
1040 4875 1097 4921 ere
1114 4854 1194 4920 Dei:
1245 4855 1381 4922 oonsilio
1403 4854 1477 4918 Dei.
1522 4853 1658 4937 Quare?
1689 4876 1765 4920 nem
1787 4857 1958 4920 eonsilium
1983 4855 2046 4920 Dei
2068 4875 2215 4941 eompre-

151 4961 152 4964 Ὗ
221 4940 1099 5109 tl‘tlltttttlt‘tltlttlltllt”tlt
1117 4941 1195 5108 tt:
1244 4942 1384 5109 lttzlt
1397 4933 1638 5108 tlltlltt
1652 4939 2217 5113 ‘ll“tltlrllttlltttltt

221 5119 314 5203 prius
350 5117 525 5182 induxerat
559 5111 862 5196 pseudoprophetas
897 5131 1010 5177 seoure
1050 5111 1194 5176 ridentes
1245 5111 1393 5177 doetrina
1415 5121 1525 5176 vestra
1547 5133 1612 5176 non
1641 5111 1783 5176 instituit
1812 5111 1963 5176 homines
1994 5112 2034 5177 ed
2065 5078 2215 5179 timerem

221 5224 316 5269 veros
339 5210 373 5266 et
394 5203 538 5266 sincerus
554 5199 619 5264 Dei
640 5218 762 5278 servos,
786 5217 886 5279 quum
902 5196 1088 5275 ebiiuerent,
1111 5195 1194 5276 Quis
1246 5197 1318 5274 Dei,
1340 5207 1373 5261 et
1397 5217 1460 5260 non
1483 5196 1616 5262 adduuit
1644 5194 1693 5260 ad·
1708 5197 1958 5279 poenitentiam,
1988 5200 2136 5281 sequitur
2158 5222 2216 5266 vos

222 5289 315 5356 stetit
335 5289 370 5352 in
394 5285 529 5353 oonsilio
552 5284 639 5349 Dei?
668 5285 798 5367 fingunt
821 5283 874 5348 isti
897 5304 932 5348 se
954 5281 1101 5364 delapsos
1123 5303 1194 5347 esse
1245 5303 1311 5346 non
1344 5301 1415 5348 esse
1446 5282 1509 5345 Dei
1541 5281 1757 5362 consiliarios,
1790 5302 1896 5363 neque
1929 5284 2115 5365 prophetas.
2170 5285 2218 5351 Ut

327 5388 440 5445 odoini
455 5401 548 5455 opero.
582 5384 642 5440 Vol.
658 5383 839 5440 XXXVIII.
1978 5385 2012 5440 28
