5118 6136
209 463 271 528 597
900 464 949 529 IN
973 463 1223 530 IEREMIAM.
1268 464 1367 531 OAP.
1390 461 1524 529 XXIX.
2152 468 2216 536 598

208 671 269 734 quo
290 652 435 734 expulero
456 672 509 717 vos
523 652 608 728 itur,
631 652 707 718 etet
723 651 878 719 labouob:
899 658 928 716 et
947 653 1051 719 redire
1067 653 1187 733 [naam
1211 657 1215 732 l
1239 671 1341 734 quum
1376 663 1484 716 tamen
1519 652 1642 734 ubique
1673 651 1837 718 horrenda
1869 669 1954 720 esset
1989 657 2142 734 vastitas,
2181 668 2215 722 et

208 758 265 803 uos
286 739 329 806 aa
350 738 451 803 losum
472 759 489 802 e
509 757 569 818 qao
590 739 698 819 expetii
719 759 773 803 noa
793 738 882 804 tutor
904 736 1083 823 (abundat).
1240 737 1351 802 nullus
1374 747 1459 802 esset
1481 739 1623 820 angulus
1645 739 1679 802 in
1702 739 1835 816 mundo,
1860 741 1915 805 uhi
1938 741 2126 808 habitarent
2148 749 2216 810 tres

1240 823 1292 886 vel
1315 832 1454 904 quatuor
1476 822 1597 888 fideles.
1640 823 1802 889 Videmus
1832 844 1911 909 ergo
1942 848 2006 892 non
2035 847 2101 891 une
2135 827 2217 892 dun·

294 910 391 976 Nnno
413 909 454 974 ad
477 929 545 974 rem
565 909 669 992 ipsam
685 908 908 974 aoaommodat
923 909 1084 992 propheta
1102 909 1187 992 quod
1240 916 1333 972 taxat
1355 918 1502 989 tempore
1525 909 1625 974 luisse
1646 909 1818 990 impletum
1843 911 1903 976 hoo
1926 913 2135 986 vatioinium,
2158 913 2214 979 sed

208 997 300 1062 visus
321 1006 371 1060 est
392 994 589 1078 generaliter
619 995 749 1060 dixisse.
795 993 950 1059 Ostendit
977 996 1079 1077 igitur
1104 995 1187 1060 fruo·
1239 992 1376 1058 deseribi
1406 994 1499 1059 nobis
1522 992 1588 1058 Dei
1616 995 1756 1077 gratiam
1787 1015 1887 1078 quam
1916 997 2046 1080 saepius
2077 998 2215 1064 antehae

208 1090 281 1146 tum
304 1081 428 1164 gratiae
451 1081 529 1154 Dei,
560 1089 731 1161 postquam
756 1079 979 1145 reeonsiliatus
1008 1080 1108 1145 luerit
1130 1101 1187 1162 po·
1238 1080 1401 1158 exseruit,
1440 1085 1473 1143 'et
1505 1100 1593 1146 nune
1626 1079 1734 1146 adhue
1766 1083 1889 1146 exserit
1921 1084 1953 1146 in
1987 1082 2216 1167 oongreganda

207 1167 294 1250 pulo,
314 1186 431 1246 nempe
449 1167 530 1246 qaod
547 1165 665 1230 reducet
678 1167 887 1246 captiuitatem
907 1166 1058 1248 ipsam,
1080 1171 1108 1231 at
1129 1165 1187 1231 ool·
1238 1163 1384 1229 eeclesia.
1428 1162 1600 1248 Sequitur,

208 1253 281 1335 liget
309 1272 359 1317 eos
388 1271 428 1316 stt
449 1250 590 1315 omnibus
613 1251 698 1318 locta
743 1251 816 1316 Hoo
846 1251 1031 1334 specialiter
1057 1251 1186 1314 ludaeis

209 1337 331 1402 dietum
355 1337 429 1413 fuit,
451 1336 507 1400 sed
531 1337 715 1418 superiores
739 1335 802 1401 dno
825 1357 949 1414 versus,
981 1336 1187 1418 quemadmo
1325 1335 1375 1401 15.
1414 1335 1569 1416 Quoniam
1594 1336 1738 1420 diambae,
1773 1336 1934 1404 Eaeilobt't
1960 1338 2050 1405 nobis
2081 1339 2217 1406 Iebovab

208 1422 286 1488 dum
309 1423 389 1502 dixi,
413 1420 596 1505 generalem
621 1423 802 1488 doetrinam
824 1424 1006 1487 eontinent.
1048 1422 1186 1487 Dixerat
1233 1421 1404 1502 propbetas
1424 1422 1459 1485 itt
1482 1420 1651 1504 Babylone,

208 1509 310 1591 prius,
332 1508 497 1574 inuenietis
518 1527 582 1572 ms:
611 1529 697 1574 nune
722 1519 850 1584 sutem,
879 1508 1026 1573 invenior
1048 1528 1069 1573 o
1090 1507 1185 1590 uobis,
1326 1508 1375 1572 16.
1414 1506 1487 1572 Ideo
1518 1510 1564 1572 sie
1596 1508 1672 1573 dicit
1704 1507 1841 1573 Isbooslr
1871 1510 1939 1592 regi
1970 1511 2087 1578 sedem
2119 1529 2216 1591 saper

208 1594 263 1660 vel
285 1595 452 1658 ostendam
478 1591 653 1658 merobis.
699 1594 760 1658 Est
783 1593 881 1658 tacita
904 1593 1077 1658 antithesis
1099 1595 1185 1658 inter
1237 1593 1351 1660 aelium
1378 1592 1528 1675 Doridis,
1562 1599 1589 1658 et
1620 1594 1675 1658 toti
1701 1593 1820 1675 populo
1850 1597 1969 1661 aedemt'
1993 1597 2029 1661 ιἰι
2056 1595 2114 1662 buo
2142 1595 2218 1661 ttrbe

208 1680 457 1746 assultationem
481 1689 514 1743 et
537 1678 840 1744 manifestationem.
885 1680 976 1746 Deus
1000 1681 1087 1744 enim
1115 1701 1186 1746 sese
1237 1678 1313 1766 (hoe
1346 1689 1396 1744 est
1429 1678 1609 1743 habitanti:
1645 1701 1719 1744 nam
1750 1691 1824 1746 ³er
1855 1680 1908 1747 hio
1941 1682 2079 1748 dirersis
2112 1680 2216 1746 modis

208 1764 446 1849 quodammodo
486 1764 700 1829 ahssonderst
739 1776 882 1846 tempore
915 1765 1040 1842 exsilii,
1076 1764 1185 1831 subito
1238 1762 1410 1849 assipitur)
1440 1763 1600 1846 [ratribus
1631 1765 1758 1846 matris,
1800 1767 1856 1847 qui
1899 1787 1959 1832 uos
1997 1767 2113 1852 egressi
2144 1771 2218 1832 sunt

208 1862 317 1916 sutem
340 1849 453 1915 illuxit
475 1851 545 1915 eius
568 1851 674 1924 faties,
704 1861 737 1914 et
758 1851 805 1914 ita
826 1871 862 1915 se
885 1850 1107 1916 manifestavit
1128 1872 1185 1935 ps·
1236 1850 1394 1917 vobiscum
1415 1851 1450 1914 itt
1472 1849 1631 1916 exsilium.

208 1947 308 2015 trem,
339 1957 439 2018 quum
469 1945 546 2000 ante
570 1935 659 2000 visus
689 1936 803 2000 fuisset
833 1935 954 2002 oblitus
984 1937 1093 2019 pepuli
1122 1938 1184 2002 sui.
1325 1937 1375 1999 lt.
1399 1935 1451 2000 aa
1473 1935 1549 2000 dieii
1571 1934 1707 2001 Iebovab
1728 1937 1930 2020 exeritum,
1955 1937 2034 2004 Eece
2055 1957 2110 2020 eqo
2132 1937 2218 2002 mitto

207 2021 344 2105 Proprie
366 2031 475 2086 autem
499 2021 552 2086 hio
578 2020 722 2103 loquitur
745 2020 919 2104 propheta,
948 2023 1027 2104 quis
1044 2023 1184 2088 'etiamsi
1236 2023 1272 2088 in
1292 2041 1342 2087 eoa
1357 2021 1510 2105 plattam,
1527 2022 1652 2102 semera,
1665 2027 1801 2104 pretam
1823 2027 1851 2088 et
1861 2042 1982 2105 portam
1998 2043 2049 2089 eos
2065 2029 2215 2104 tuaquom

208 2109 371 2173 Dominus
394 2127 524 2188 semper
548 2129 605 2172 nos
630 2108 796 2190 respioiat,
821 2128 884 2172 non
907 2119 1017 2172 tamen
1042 2109 1184 2174 visissim
1234 2106 1315 2188 fieta
1341 2107 1490 2174 sordidas
1519 2107 1589 2190 (aut
1617 2106 1786 2192 foetidas),
1820 2128 1899 2188 qaue
1927 2129 1988 2174 nort
2016 2110 2215 2176 mmedatttur

206 2194 314 2276 ipsum
357 2194 565 2275 respioimus:
606 2196 673 2257 imo
713 2205 866 2275 putamus
906 2193 1018 2274 proeul
1061 2195 1183 2259 abesse.
1229 2193 1457 2275 praestabitis
1480 2191 1526 2277 (id
1549 2201 1608 2272 est,
1630 2214 1709 2276 prae
1731 2193 1971 2277 amaritudine).

206 2281 300 2346 Tune
333 2301 413 2344 vero
447 2280 578 2343 demum
609 2289 745 2361 apparet
777 2277 870 2342 nobis
904 2277 982 2342 dum
1024 2281 1185 2343 sentimus

68 2431 78 2454 ,
206 2367 313 2448 ipsum
344 2385 456 2445 gerere
486 2385 597 2428 euram
629 2364 744 2428 salutis
775 2377 915 2428 nostrae.
962 2363 1072 2442 Quum
1097 2365 1184 2440 diuit,
1322 2365 1420 2430 Multi
1459 2365 1655 2448 interpretes
1698 2363 1902 2448 onuiunguut
1949 2362 2037 2430 hune
2083 2385 2215 2432 versum

206 2471 246 2516 ea
268 2449 411 2516 omaibm
422 2449 572 2534 pentibus,
596 2454 624 2513 et
645 2470 683 2514 aa
697 2449 841 2515 omnibus
856 2449 941 2529 bois,
965 2471 1030 2514 non
1050 2450 1183 2514 dubium
1236 2450 1459 2533 superioribus
1481 2450 1663 2529 sententiis,
1683 2451 1759 2532 quia
1780 2449 1919 2527 dixistis,
1949 2451 2129 2532 suseitabit,
2152 2463 2213 2517 ete.

206 2546 257 2602 est
278 2538 357 2619 quin
381 2547 529 2601 ooourrat
552 2535 755 2612 dubitationi,
778 2557 862 2617 quae
885 2537 1007 2618 alioqui
1029 2536 1185 2619 obrepere
1237 2537 1282 2601 Et
1305 2537 1459 2601 videntur
1483 2558 1547 2601 non
1571 2545 1694 2600 temere
1716 2535 1763 2598 ita
1784 2536 1918 2614 sentire,
1940 2536 2016 2618 quia
2039 2557 2105 2602 nou
2130 2536 2216 2603 male

205 2633 336 2705 peterat
356 2621 536 2686 multorum
559 2621 687 2700 animis,
710 2620 776 2701 Qut
798 2621 868 2685 fieri
889 2642 1029 2703 unquam
1055 2623 1184 2704 poterit,
1236 2623 1388 2688 eonvenit
1410 2621 1490 2687 haee
1512 2641 1629 2687 oausae
1650 2619 1789 2687 redditio
1813 2623 1845 2684 si
1869 2621 1999 2705 longius
2028 2632 2216 2706 repetamus

205 2717 243 2772 ut
265 2707 356 2773 Dens
379 2728 437 2772 nos
458 2706 599 2790 oolligat,
629 2719 799 2790 postquam
823 2707 868 2770 ita
890 2727 1003 2772 sumus
1026 2707 1184 2790 dispersi?
1236 2708 1323 2791 quod
1345 2708 1429 2772 dixit
1444 2707 1613 2789 propheta,
1637 2726 1754 2788 nempe
1776 2705 1916 2772 reditum
1932 2705 2064 2774 Iudaeis
2079 2709 2216 2773 minime

206 2793 519 2944 ltltttltltt
541 2791 1184 2962 lltttlstl„lttttalth
1235 2791 1442 2946 bblbllb
1456 2813 1562 2961 2⁸th
1576 2792 1645 2960 ‘tt
1669 2790 1851 2959 ἓῗιέἶῗὲίῗέι
1868 2795 2078 2960 tttttt
2098 2794 2213 2962 ,ibib

205 2964 274 3028 illie
296 2975 485 3048 appareret:
516 2964 572 3030 sed
603 2961 730 3030 disieoti
763 2966 893 3030 fuerant
921 2966 1013 3044 quasi
1041 2965 1183 3029 violento
1238 2965 1324 3032 bilis:
1348 2965 1398 3031 bis
1421 2962 1581 3046 repetitur
1603 2961 1762 3046 particula
1783 2975 1829 3028 ³2:
1853 2963 1961 3044 priore
1980 2963 2049 3030 loeo
2071 2973 2122 3028 est
2140 2983 2215 3028 eau-

205 3050 346 3126 turbine,
371 3070 436 3114 non
459 3071 552 3115 seeus
574 3072 612 3115 aa
634 3050 836 3132 quisquiliae,
858 3062 893 3115 et
913 3051 1006 3116 Deus
1029 3051 1076 3114 its
1097 3051 1184 3133 ipsos
1236 3051 1321 3128 salis,
1351 3048 1492 3114 seeundo
1514 3059 1625 3112 antem
1655 3055 1706 3114 est
1734 3046 1876 3112 illativa:
1910 3055 1943 3112 et
1975 3068 2016 3113 ex
2049 3050 2215 3115 eommuni

206 3136 395 3218 dispulerat,
419 3146 456 3200 ut
471 3135 563 3201 nulla
577 3145 663 3200 esset
678 3156 753 3217 spes
775 3136 985 3202 oolleetionis.
1018 3135 1182 3216 Quoniam
1237 3138 1417 3219 seripturae
1440 3155 1500 3198 usu
1523 3133 1678 3198 iudiainm
1702 3133 1822 3198 facient
1849 3133 1947 3215 periti
1975 3143 2008 3199 et
2035 3135 2216 3215 exereitati,

206 3242 284 3304 ergo
312 3241 367 3286 res
394 3228 466 3285 erat
494 3221 711 3298 ineradibilis,
739 3221 894 3303 populum
923 3223 970 3286 its
1000 3221 1182 3302 dispersum
1236 3222 1324 3287 huno
1346 3220 1528 3303 genuinum
1551 3239 1622 3284 esse
1644 3219 1823 3302 prophetae
1849 3239 1994 3285 sensum.
2040 3218 2132 3286 Disit
2153 3220 2215 3304 igi-

206 3307 370 3390 oolligere,
394 3305 466 3370 ideo
489 3307 649 3389 propheta
670 3307 748 3372 dioit
769 3327 807 3372 err
835 3307 1129 3390 emerentibus,
1157 3312 1184 3372 et
1236 3319 1291 3371 tnr
1321 3305 1456 3371 nimium
1490 3304 1637 3387 desipere
1668 3305 1824 3387 captivos,
1857 3304 1914 3387 qui
1947 3316 2082 3389 sperent
2115 3307 2215 3371 finem

206 3413 245 3458 aa
265 3393 383 3458 sonnis
402 3392 486 3472 lustu
531 3392 577 3456 Et
607 3391 719 3456 eodem
750 3414 849 3458 sensu
879 3396 976 3456 etiam
1008 3392 1126 3457 dieitur
1148 3393 1181 3456 in
1235 3394 1359 3458 instare
1380 3413 1438 3457 sno
1460 3390 1592 3466 exsilio,
1622 3390 1701 3472 quia
1731 3390 1875 3455 habeant
1905 3390 2215 3474 pseudoprophetas,

206 3479 339 3544 Psalmo
362 3478 450 3562 (147,
471 3475 515 3564 2).
556 3477 785 3561 Dispersioues
807 3477 941 3544 Israelis
964 3478 1183 3561 sangregabit.
1235 3479 1291 3562 qui
1314 3478 1394 3560 ipsis
1411 3477 1616 3561 promittant.
1650 3474 1794 3542 Dasea
1810 3496 1889 3559 ergo
1905 3476 1991 3542 vobis
2007 3477 2043 3542 itt
2056 3475 2215 3542 Chaldaea

207 3563 291 3628 Nam
315 3583 415 3646 quum
433 3563 548 3628 Iudaei
570 3574 645 3628 aute
667 3563 777 3629 oetrlos
796 3573 977 3629 statuerent
999 3564 1090 3628 illam
1108 3563 1183 3628 hor·
1234 3566 1323 3632 dotes
1347 3584 1413 3629 esse
1437 3561 1623 3645 propbetas,
1652 3573 1684 3626 et
1706 3560 1816 3626 Deum
1847 3561 1913 3626 illio
1943 3564 2112 3626 misertum
2145 3582 2215 3627 esse

206 3649 343 3714 rendam
373 3649 636 3730 dissipationem,
670 3670 736 3713 nou
772 3659 925 3733 poterant
956 3670 1048 3732 spem
1082 3648 1183 3714 ullam
1235 3651 1347 3727 vestri,
1378 3650 1530 3731 quoniam
1553 3658 1631 3713 sunt
1653 3647 1707 3731 qui
1731 3647 1952 3714 vatieinentur
1982 3646 2021 3711 ds
2043 3647 2150 3712 reditu
2174 3645 2215 3712 ad

206 3737 383 3816 eoueipsre.
428 3733 589 3799 Videmus
612 3754 690 3817 ergo
719 3744 758 3799 ut
780 3737 939 3818 propheta
961 3755 1015 3800 eos
1039 3734 1079 3799 sd
1103 3734 1184 3798 bene
1236 3735 1334 3800 breve
1357 3746 1495 3816 tempus.
1542 3733 1705 3812 Quoniam
1729 3753 1806 3816 ergo
1828 3741 1897 3798 tam
1920 3731 2020 3798 stulte
2042 3733 2122 3798 estis
2143 3753 2215 3798 ere·

206 3819 405 3902 sperandum
429 3819 597 3897 hortetur,
628 3830 660 3884 et
690 3820 801 3886 iubeat
822 3823 910 3902 ipsos
932 3821 1047 3885 luetari
1070 3819 1185 3884 sdver-
1235 3820 1312 3898 doli,
1337 3819 1415 3886 Ideo
1436 3820 1482 3886 aie
1502 3819 1578 3885 dieii
1600 3818 1737 3885 Isbovab
1756 3818 1910 3901 fratribus
1930 3819 2050 3884 restria.
2094 3819 2215 3884 Postea

206 3926 261 3971 sus
295 3904 386 3970 illam
420 3906 644 3971 tentationem.
701 3905 745 3970 Et
779 3905 909 3972 videtur
950 3914 1081 3987 sumpta
1114 3925 1184 3968 esse
1235 3915 1402 3971 eonvertet
1424 3926 1619 3970 sermomem
1641 3904 1680 3970 ad
1697 3905 1786 3987 ipsos
1807 3903 1950 3981 exsules,
1973 3914 2007 3969 et
2028 3904 2215 3970 hortabitur

206 3992 371 4056 sententia
404 4013 446 4056 ex
479 3991 581 4057 Mose.
638 3990 723 4054 Nam
758 3990 836 4057 dieit
867 3990 1102 4057 Deuteronom.
1131 3991 1183 4056 30.
1236 4001 1273 4055 nt
1305 3990 1458 4056 desinant
1488 3999 1604 4074 sponte
1638 4011 1756 4056 errare.
1805 3987 1874 4056 Sed
1907 3989 1961 4057 hie
1994 3988 2127 4074 oblique
2159 4009 2214 4056 eos

207 4074 245 4144 Si
277 4075 444 4158 dispersus
476 4077 578 4142 fueris
618 4096 677 4160 per
710 4087 873 4142 extremas
904 4076 1016 4142 mundi
1060 4076 1183 4159 plagas,
1236 4078 1391 4160 ooarguh,
1414 4075 1499 4159 quod
1515 4099 1579 4142 non
1596 4088 1732 4160 possunt
1749 4077 1835 4141 ferre
1853 4074 2020 4141 meliorem
2041 4077 2218 4153 fortunam,

207 4161 299 4228 Dens
321 4173 431 4226 tamen
455 4172 531 4228 tuus
562 4171 594 4226 te
622 4161 763 4245 eolliget.
807 4162 968 4226 Videmus
992 4161 1105 4226 Mosen
1136 4161 1184 4226 di·
1237 4165 1400 4246 quamsit
1426 4163 1545 4229 residui
1574 4163 1701 4246 populi:
1736 4161 1830 4244 qnasi
1860 4160 2000 4244 ditaret,
2036 4159 2125 4241 Quid
2155 4161 2218 4227 eibi

205 4259 294 4314 serte
312 4247 378 4312 illia
396 4267 573 4331 coarguere
591 4247 700 4330 populi
717 4247 940 4325 diffidentiam,
961 4247 990 4312 si
1005 4247 1046 4311 ds
1062 4247 1184 4313 miseri·
1236 4249 1311 4314 vult
1344 4249 1424 4316 haee
1458 4259 1567 4314 vestra
1602 4248 1831 4329 intemperies,
1870 4247 1955 4330 quod
1990 4269 2091 4331 quum
2126 4247 2219 4314 vobis

206 4333 316 4400 sordis
338 4333 401 4396 Dei
425 4345 458 4397 et
480 4333 588 4398 salute
610 4355 671 4400 sua
694 4333 851 4417 desperet,
878 4334 954 4414 quia
975 4334 1038 4398 erit
1060 4332 1184 4416 disper·
1237 4356 1351 4399 omnes
1374 4336 1448 4400 viae
1471 4335 1539 4400 sint
1560 4333 1708 4410 olausae,
1739 4343 1772 4398 et
1801 4338 1895 4398 tants
1925 4335 1968 4398 sit
1999 4333 2133 4399 viatoris
2161 4354 2219 4416 po-

206 4441 263 4486 sus
296 4427 330 4483 et
362 4417 532 4484 laseratus.
589 4418 743 4484 Ostendit
774 4420 877 4502 igitur
910 4420 971 4486 Dei
1005 4421 1184 4501 potentiam
1238 4421 1341 4484 tentia
1363 4430 1399 4485 ut
1421 4441 1485 4486 non
1505 4420 1635 4502 possitis
1653 4419 1795 4502 digitum
1814 4418 1928 4484 tallere
1950 4418 2013 4484 nisi
2034 4420 2105 4484 eius
2123 4429 2219 4502 nutu,

206 4505 286 4570 satis
309 4524 471 4586 superque
494 4505 604 4571 velare
626 4505 668 4569 sd
690 4507 778 4587 ipsos
800 4504 1062 4588 eoninngeudos,
1085 4507 1183 4570 etiam
1239 4517 1274 4570 ut
1296 4515 1407 4571 tamen
1437 4505 1558 4588 putetis
1588 4525 1646 4569 vos
1673 4505 1743 4570 fore
1770 4503 1890 4572 liberos
1920 4513 1994 4588 post
2023 4505 2218 4570 biennium?

206 4591 234 4655 si
269 4589 393 4655 disieati
435 4600 544 4656 esseut
576 4592 616 4655 sd
651 4591 784 4656 ultimos
821 4590 984 4654 eoelorum
1026 4589 1184 4657 sardinea.
1239 4593 1337 4658 Oerte
1359 4593 1457 4657 etiam
1481 4593 1508 4656 si
1530 4589 1668 4656 antehae
1691 4591 1819 4656 tuentis
1842 4592 1960 4674 essuri,
1983 4611 2072 4656 nune
2089 4589 2220 4654 salami-

205 4676 304 4741 Nuno
327 4686 475 4740 tenemus
491 4675 663 4742 eonsilium
679 4677 868 4758 prophetae.
902 4674 970 4740 Sed
990 4675 1067 4742 hino
1087 4678 1184 4743 etiam
1238 4689 1322 4744 tates
1345 4678 1524 4744 debuerant
1546 4697 1603 4742 vos
1625 4675 1811 4744 humiliare.
1846 4679 1949 4760 Atqui
1971 4677 2089 4741 fratres
2109 4676 2218 4754 vestri,

206 4761 359 4844 eolligers
382 4760 457 4826 lieet
475 4761 585 4826 utilem
602 4760 791 4841 doetrinam,
816 4761 924 4827 Deum
940 4761 1065 4826 seilieet
1088 4764 1185 4828 mira·
1238 4766 1293 4846 qui
1316 4764 1424 4829 adhue
1447 4763 1600 4828 videntur
1621 4783 1693 4829 esse
1714 4761 1854 4846 integri,
1883 4764 2036 4845 quoniam
2067 4760 2219 4826 habitant

206 4846 317 4912 biliter
340 4846 508 4912 eoelesiam
532 4867 642 4925 suam,
672 4847 701 4912 si
734 4847 862 4930 quando
892 4847 1049 4914 distraota
1080 4850 1185 4928 fuerit,
1238 4849 1459 4933 lerosolymse
1499 4847 1600 4934 (solus
1637 4849 1726 4914 enim
1759 4848 1814 4913 ills
1851 4846 1990 4931 populus
2030 4856 2109 4912 tune
2150 4857 2219 4912 erat

206 4931 369 5014 belligare,
392 4933 560 4998 utiterum
584 4933 743 4998 ooalessat
757 4934 790 4998 in
808 4953 911 4998 unum
927 4954 1053 5016 eorpus,
1077 4955 1186 5014 quam·
1238 4935 1417 5018 superstes)
1442 4935 1561 4999 fratres
1583 4955 1662 5018 ergo
1684 4935 1788 5001 vestri
1816 4935 1982 5017 patientur
2010 4932 2107 5016 longe
2129 4941 2218 4998 atro·

206 5018 259 5082 vis
282 5037 402 5081 nomen
426 5018 467 5082 ad
491 5029 619 5102 tempus
642 5018 820 5102 perdiderit
845 5029 880 5084 et
902 5019 1040 5084 formam
1071 5019 1185 5102 ipsam.
1237 5023 1323 5087 oiora
1348 5041 1444 5103 quam
1468 5039 1528 5086 ses
1549 5022 1638 5103 passi
1667 5021 1803 5086 fueritis.
1847 5020 1945 5085 Nune
1974 5026 2125 5084 tenemus
2156 5040 2218 5102 quo

206 5103 252 5168 Et
282 5102 381 5168 huius
410 5105 457 5168 rei
485 5106 746 5187 experimentum
778 5104 908 5186 aliquod
943 5105 1045 5170 edidit
1076 5117 1186 5172 nostro
1238 5107 1371 5173 oonsilio
1394 5106 1563 5189 propheta,
1589 5115 1761 5190 postquam
1782 5106 1888 5188 eoepit
1917 5104 2038 5188 alloqui
2061 5105 2219 5188 eaptivos,

207 5199 363 5270 tempore.
409 5186 492 5268 Quis
521 5191 607 5254 enim
642 5210 785 5272 unquam
820 5191 888 5256 fore
921 5200 1068 5272 putasset
1099 5192 1184 5273 quod
1238 5192 1415 5257 transferat
1437 5213 1620 5258 sermonem
1643 5215 1738 5258 suum
1760 5190 1801 5256 sd
1824 5211 1935 5274 regern
1956 5188 2162 5268 Zedeohiam,
2186 5203 2220 5256 et

207 5295 295 5340 nuno
317 5273 421 5341 oeulis
440 5275 562 5340 nostris
584 5276 771 5343 oernimus'l
793 5297 912 5360 nempe
927 5275 1037 5342 Deum
1060 5278 1185 5342 oseulta
1237 5278 1278 5342 ad
1301 5277 1441 5344 Iudaeos
1463 5279 1517 5361 qui
1530 5277 1636 5346 adhue
1658 5277 1747 5344 domi
1769 5277 1954 5352 manebant,
1978 5274 2032 5342 vel
2050 5278 2083 5341 in
2104 5278 2218 5361 patria,

207 5361 337 5426 ratione
369 5370 645 5442 eongregatnrum
686 5383 759 5430 esse
796 5383 910 5428 omnes
947 5382 1023 5429 suos
1057 5362 1183 5443 eleetos,
1239 5385 1354 5447 nempe
1388 5374 1425 5430 ut
1459 5365 1536 5430 hino
1568 5373 1746 5448 agneseant
1779 5362 1902 5447 eaptivi
1935 5373 2059 5444 quanta
2092 5365 2135 5429 sit
2164 5362 2219 5429 de·

969 5469 974 5478 .
1960 5463 2011 5518 38·
