5118 6136
194 413 260 480 ‚637
900 412 950 477 IN
973 411 1223 478 luauulstt.
1268 411 1365 479 OAP.
1387 409 1501 476 XXX.
2138 417 2203 485 638

198 627 240 670 an
267 602 429 687 quispiam
460 624 535 668 eum
565 603 721 686 attigerit.
767 599 833 668 Sed
862 621 927 665 non
958 599 1071 665 dubito
1100 621 1174 683 pro-
1227 600 1340 666 statim
1374 603 1493 666 iterum
1528 599 1687 678 dioemus,
1720 600 1819 666 simul
1849 621 1887 668 ao
1916 601 2075 684 plaouerit
2105 607 2203 672 eorda

197 692 332 776 phetam
362 687 424 754 hoo
446 688 481 753 in
504 707 633 754 summa
655 686 749 753 velle.
793 686 892 752 Prius
923 685 1022 764 dixit,
1055 687 1176 768 fotium
1228 686 1399 751 hominum
1421 685 1463 752 ad
1486 707 1521 751 se
1543 684 1685 750 trahere.
1723 685 1790 752 Sed
1813 707 1913 768 quum
1935 687 2068 769 diaeret,
2090 712 2203 774 oppro-

198 797 269 844 etmt
288 775 548 859 appropinquare
575 777 610 838 at
631 773 674 840 od
694 793 743 838 me
765 772 898 838 αοοοᾱαι.
942 771 1014 836 Iam
1038 772 1175 853 exposui
1221 773 1382 854 pinquore
1402 773 1509 853 ipsam
1529 771 1661 855 fudam,
1693 781 1820 837 tantum
1843 772 1883 837 de
1906 785 2045 840 externa
2066 779 2202 843 reatitu-

198 871 325 947 partam
349 861 439 926 illam
463 859 503 924 de
525 858 653 942 populo,
680 859 738 940 qui
758 858 866 922 fuerat
889 857 1002 941 prooul
1024 859 1174 924 reieotus.
1228 858 1315 922 tione
1352 857 1507 940 loquutus
1539 865 1607 922 est:
1643 876 1732 922 nuno
1764 867 1873 923 autem
1907 859 2058 945 adiungit
2093 866 2202 945 queri·

198 948 291 1015 Deus
313 967 391 1032 ergo
410 943 633 1012 oolleotiouem
656 942 710 1009 hio
728 943 908 1026 promittit:
931 944 1023 1026 quasi
1042 942 1174 1022 diceret,
1228 944 1386 1021 moniam,
1417 941 1504 1026 quod
1532 943 1655 1008 soilioet
1677 943 1790 1010 Iudaei
1813 944 1957 1028 maligne
1979 947 2202 1028 repudiabunt

199 1034 252 1100 Ad
275 1043 406 1116 tempus
428 1051 489 1115 ego
512 1029 648 1112 dispersi
672 1029 738 1095 huo
761 1041 793 1094 at
816 1028 894 1094 illuo
921 1028 1079 1113 populum
1102 1040 1175 1093 tan·
1228 1029 1314 1094 hano
1331 1031 1482 1113 gratiam,
1501 1029 1580 1111 quia
1598 1049 1694 1094 nemo
1713 1049 1769 1094 oor
1786 1049 1882 1094 auum
1902 1030 2037 1113 aptabit.
2068 1033 2202 1101 Interea

198 1139 297 1204 quam
319 1117 524 1201 quisquilias:
560 1136 648 1181 nuno
677 1134 794 1180 rursus
820 1115 973 1199 oolligam
1002 1114 1087 1180 hane
1109 1112 1174 1179 dis·
1227 1114 1379 1181 videmus
1400 1114 1491 1180 reiiui
1513 1123 1614 1180 totam
1637 1114 1765 1198 eulpam
1788 1116 1822 1179 in
1845 1115 1996 1197 Iudaeos,
2025 1118 2111 1201 quod
2133 1122 2200 1203 pri·

197 1205 391 1289 persiouem,
420 1209 573 1268 uterunt
595 1199 655 1266 sub
677 1201 834 1266 fidemus
857 1211 890 1266 et
913 1199 1031 1278 tutela,
1061 1219 1173 1282 quem·
1229 1201 1325 1265 vandi
1356 1209 1466 1265 essent
1496 1201 1609 1282 patria
1660 1201 1735 1265 Nou
1764 1201 1854 1266 enim
1882 1222 1945 1284 per
1969 1202 2078 1269 Deum
2108 1207 2201 1272 stetit

198 1289 373 1357 admodum
405 1287 492 1352 olim.
537 1287 715 1369 Postquam
750 1286 812 1352 hoe
845 1286 945 1362 dixit,
979 1306 1068 1350 nuno
1101 1306 1173 1368 por·
1227 1287 1404 1369 quominus
1426 1288 1687 1369 restituerentur,
1716 1289 1773 1352 ssd
1795 1287 1868 1371 ipsi,
1898 1297 1936 1352 ut
1957 1298 2052 1354 erant
2080 1291 2201 1358 addiuti

197 1377 337 1459 stringit.
366 1374 427 1440 hae
459 1372 717 1457 interrogatione
748 1371 860 1455 populi
892 1371 1173 1455 ingratitudinem,
1228 1373 1367 1438 terrenis
1388 1373 1458 1438 suis
1480 1371 1718 1454 voluptatibus,
1745 1373 1930 1455 pronihilo
1960 1375 2127 1442 duxerunt
2148 1398 2199 1442 re·

200 1461 281 1544 Quia
302 1466 347 1526 est
367 1461 423 1542 qui
444 1458 488 1524 ud
507 1478 557 1524 me
584 1457 734 1524 modat?
764 1457 820 1541 qui
848 1458 965 1522 formet
994 1477 1050 1522 oor
1075 1477 1173 1521 suum
1228 1456 1307 1535 dire,
1341 1465 1375 1523 ot
1403 1458 1528 1524 oeusori
1558 1459 1592 1521 in
1623 1458 1741 1540 populo
1763 1457 1838 1524 Dei.
1882 1459 2065 1526 Consilium
2097 1463 2200 1546 igitur

196 1557 235 1612 ut
256 1546 339 1611 mihi
365 1543 616 1611 reoouoilietur‘l
651 1543 744 1608 Haeo
773 1544 875 1626 igitur
903 1542 1077 1607 admiratio
1108 1563 1171 1608 nou
1227 1542 1406 1628 prophetae
1440 1549 1506 1622 est,
1540 1543 1724 1610 adsoribere
1757 1543 1889 1611 Iudaeis
1921 1556 2023 1612 totam
2058 1549 2200 1631 eulpam,

195 1633 232 1698 in
254 1631 356 1697 olium
378 1631 477 1696 finem
500 1629 607 1694 tendit
631 1629 693 1693 uisi
717 1638 753 1694 ut
774 1629 921 1695 sentiant
942 1626 1055 1694 Iudaei
1084 1628 1173 1692 dam·
1226 1629 1312 1711 quod
1338 1629 1445 1713 gratia
1467 1628 1530 1694 Dei
1559 1651 1624 1694 non
1654 1632 1876 1712 penetraverit
1905 1652 2009 1715 usquo
2038 1633 2079 1698 ad
2101 1634 2198 1716 ipsos,

196 1718 269 1782 nari
299 1737 392 1782 suam
421 1714 574 1781 duritiem
597 1723 631 1778 et
652 1713 852 1798 sooordiam,
885 1713 972 1797 quod
1002 1714 1057 1780 ubi
1079 1713 1172 1779 Deus
1227 1715 1278 1780 vel
1302 1735 1367 1779 non
1389 1715 1492 1779 fuerit
1512 1715 1628 1781 effieax
1650 1718 1684 1779 iu
1706 1715 1821 1780 maiori
1843 1725 1947 1799 parto,
1976 1717 2053 1800 quia
2075 1719 2200 1785 seilioet

196 1813 266 1869 tam
288 1802 433 1870 suaviter
454 1802 541 1883 ipsos
562 1801 698 1879 invitat,
729 1804 888 1883 respuant
918 1800 987 1865 eius
1015 1801 1172 1882 gratiam:
1227 1820 1292 1865 non
1316 1810 1470 1883 aptarent
1490 1821 1548 1867 eor
1567 1822 1673 1879 suum,
1697 1801 1750 1867 vel
1773 1801 1958 1880 formarent,
1983 1815 2018 1868 ut
2038 1803 2077 1868 ad
2090 1803 2199 1870 Deum

197 1909 296 1973 quum
326 1887 436 1970 oupiat
463 1887 551 1969 ipsos
584 1886 736 1968 ampleoti
765 1886 834 1951 suis
860 1884 965 1968 ulnis,
999 1883 1173 1970 diffugiant
1226 1887 1427 1966 eooederent,
1458 1884 1519 1952 hoo
1542 1893 1601 1967 eet,
1629 1898 1666 1952 ut
1688 1898 1852 1970 uompotes
1874 1888 1992 1954 fierent
2013 1891 2199 1956 inaestima-

195 1973 320 2059 proonl.
364 1973 433 2039 Sed
454 1978 564 2056 posset
585 1971 681 2037 obiioi
702 1971 859 2053 quaestio,
889 1971 958 2036 Cur
989 1991 1068 2054 ergo
1098 1991 1171 2053 pro·
1226 1970 1299 2037 bilis
1321 1972 1410 2036 illius
1433 1972 1507 2036 boui
1530 1973 1614 2055 quod
1637 1972 1782 2037 oblatum
1805 1974 1920 2039 fuerat.
1965 1974 2062 2055 Quod
2087 1985 2199 2042 autem
2237 1987 2242 1996 '

196 2061 285 2126 misit
307 2061 400 2126 Deus
431 2079 467 2124 se
494 2057 659 2124 fauturum
690 2063 728 2122 ut
748 2056 863 2122 Iudaei
895 2055 1073 2122 aoeedaut?
1106 2055 1172 2121 Re·
1225 2058 1372 2140 papietas
1400 2058 1563 2141 arripiunt
1585 2058 1674 2123 huno
1696 2057 1814 2135 looum,
1846 2068 1884 2122 ut
1905 2061 2042 2145 probent
2069 2080 2141 2128 esse
2162 2062 2199 2127 in

196 2147 340 2230 spondeo
374 2145 476 2211 variis
511 2143 617 2210 modis
653 2142 716 2209 hoo
752 2141 861 2207 Deum
899 2151 1081 2224 praestare,
1119 2140 1172 2207 vel
1226 2143 1327 2209 libero
1359 2143 1500 2208 hominis
1529 2143 1665 2209 arbitrio
1692 2143 1734 2208 ad
1762 2143 1870 2209 Deum
1901 2145 2064 2225 aooodere,
2098 2149 2198 2214 nimis

195 2232 360 2313 oomplsro
381 2230 468 2296 hano
489 2230 748 2313 promissionem.
790 2227 905 2293 Potuit
926 2227 1014 2292 enim
1033 2226 1172 2293 Iudaeos
1225 2227 1397 2294 ridiculum
1428 2239 1487 2295 est.
1531 2229 1615 2294 Nam
1645 2231 1772 2313 quoties
1802 2227 1895 2296 Deus
1924 2230 2058 2296 damnat
2088 2234 2198 2317 populi

196 2317 236 2382 ad
259 2337 295 2383 ee
317 2335 435 2382 vooare
456 2331 596 2382 externe
617 2313 823 2389 invitatione,
854 2313 949 2379 siouti
972 2313 1049 2380 feeit
1070 2333 1171 2396 quum
1225 2313 1387 2396 duritiem,
1417 2323 1505 2380 oerte
1528 2335 1592 2379 uon
1616 2313 1761 2399 disputat
1781 2335 1940 2398 quaenam
1963 2319 2006 2383 sit
2027 2317 2197 2384 hominum

196 2401 273 2467 data
294 2403 357 2468 fuit
376 2400 511 2467 libertae
536 2399 712 2466 redeundi:
747 2421 785 2465 ao
807 2409 887 2465 tuno
915 2399 1010 2482 pauoi
1040 2398 1171 2482 quidem
1224 2399 1371 2483 leonites,
1406 2421 1447 2465 an
1474 2400 1635 2467 flexibiles
1664 2401 1732 2466 sint
1759 2403 1799 2464 ad
1831 2401 1914 2466 bene
1946 2403 2120 2488 agendum,
2154 2425 2197 2470 an

194 2509 237 2554 ex
259 2487 391 2553 Iudaeis
419 2486 481 2552 hao
504 2487 611 2572 gratia
632 2485 685 2551 usi
706 2495 799 2565 sunt,
827 2505 942 2550 omnes
964 2505 1042 2550 vero
1065 2485 1170 2550 Israe—
1224 2487 1348 2569 possint
1370 2485 1465 2552 oordn
1487 2507 1547 2551 sua
1569 2486 1726 2572 dirigere:
1749 2486 1832 2552 illud
1855 2498 1903 2552 est
1926 2489 2025 2553 nimis
2047 2489 2196 2557 stultum.

194 2572 275 2639 litae
296 2575 361 2638 iam
392 2574 566 2640 assuefaoti
594 2571 716 2638 delitiis
749 2571 881 2636 illarum
911 2570 1082 2655 regionum
1112 2592 1171 2656 pro
1224 2571 1335 2653 Quum
1367 2573 1487 2638 dieitur
1511 2575 1547 2637 in
1569 2573 1702 2638 Psalmo
1731 2571 1796 2658 (95,
1819 2571 1867 2658 8),
1897 2573 2006 2639 Hodie
2033 2576 2061 2640 si
2084 2595 2196 2640 voeom

194 2658 300 2726 nihilo
330 2659 499 2724 duxeruut
532 2657 616 2741 quod
646 2656 739 2722 Deus
772 2657 981 2741 promiserat:
1014 2657 1063 2721 ita
1090 2677 1171 2739 pau·
1224 2662 1295 2723 eius
1316 2657 1495 2738 audieritis,
1519 2680 1560 2723 ue
1582 2658 1749 2724 obduretis
1771 2659 1869 2724 eorda
1891 2671 2012 2737 vostra,
2035 2660 2120 2726 sieut
2143 2682 2197 2745 pa·

194 2745 318 2812 oissimi
339 2745 464 2811 reversi
486 2754 565 2810 sunt
587 2744 621 2808 iu
644 2744 801 2826 patriam,
831 2752 863 2808 et
885 2743 1086 2825 uontomptui
1109 2741 1172 2806 fuit
1224 2752 1291 2810 tros
1314 2746 1413 2809 vestri
1441 2744 1476 2808 iu
1500 2743 1646 2812 deserto:
1680 2764 1721 2809 an
1752 2746 1827 2827 quia
1856 2744 2020 2809 obdurent
2047 2745 2197 2814 homines

194 2830 253 2896 illa
272 2831 445 2907 restitutio,
468 2828 509 2895 de
526 2850 590 2912 qua
610 2837 779 2911 tantopere
801 2830 931 2892 fuerant
953 2828 1045 2913 prius
1067 2813 1170 2894 auxii:
1223 2828 1319 2895 eorda
1342 2848 1401 2895 sua
1423 2829 1568 2894 dieamus
1591 2850 1661 2894 esse
1682 2829 1844 2895 flexibiles
1865 2829 1901 2893 in
1919 2830 1998 2913 ipsis
2020 2841 2135 2910 motus,
2158 2839 2197 2898 ut

193 2915 288 2982 Deus
317 2926 427 2981 tamen
458 2927 535 2982 tuno
557 2915 818 2998 appropinquare
847 2915 924 2978 feoit
945 2914 986 2980 ad
1008 2933 1044 2978 se
1066 2933 1169 2997 popu·
1223 2915 1348 2999 possint
1370 2934 1429 2998 pro
1447 2914 1582 2980 arbitrio
1603 2935 1666 2981 suu
1680 2914 1801 2997 eligere
1822 2914 1954 2992 bonum,
1978 2916 2032 2982 vel
2048 2915 2195 2982 maluml

192 3002 273 3067 lum.
317 3001 402 3066 Nam
426 3001 573 3084 porrexit
595 2998 730 3066 braohia
751 3000 843 3082 quasi
865 2999 968 3065 vellet
989 3000 1076 3082 ipsos
1105 2999 1169 3063 eol·
1222 2999 1303 3066 illud
1324 3009 1377 3066 est
1399 3021 1465 3065 nou
1487 3000 1559 3066 dioo
1583 3001 1718 3083 puerile,
1739 2999 1797 3065 sed
1819 3001 1917 3066 nimie
1937 3001 2096 3083 putidum.
2136 3003 2196 3067 Vi·

192 3088 311 3171 ligere,
345 3096 379 3153 st
406 3087 517 3153 fovere
546 3086 607 3152 sub
636 3086 697 3151 alis
725 3088 804 3168 suis.
847 3085 983 3152 Interea
1014 3085 1169 3167 quoniam
1223 3086 1337 3151 demus
1356 3106 1433 3170 ergo
1450 3087 1594 3169 papistaa
1612 3106 1682 3151 esse
1697 3085 1850 3169 indignos
1868 3086 2074 3164 refutatione,
2096 3109 2196 3171 quum

193 3174 299 3239 maior
329 3193 405 3255 pare
432 3174 558 3256 sprevit
590 3170 861 3238 inaestimabilem
895 3171 985 3236 illam
1018 3173 1170 3256 gratiam,
1222 3171 1342 3238 talibus
1364 3173 1559 3236 testimoniis
1581 3172 1698 3237 volunt
1726 3170 1865 3236 liberum
1895 3193 1992 3237 suum
2021 3172 2196 3240 arbitrium

192 3261 311 3324 merito
332 3258 387 3323 hio
408 3258 620 3341 oouqueritur
642 3256 734 3323 Deus
756 3257 797 3322 do
816 3264 911 3322 tanta
932 3257 1110 3338 impietate,
1137 3266 1169 3321 et
1222 3258 1369 3341 probare.
1409 3255 1637 3324 Obtenderent
1658 3257 1788 3340 quidem
1811 3256 1933 3339 aliquid
1956 3258 2072 3324 eoloris
2094 3261 2122 3324 si
2146 3279 2196 3325 re·

193 3345 286 3427 quasi
308 3365 368 3427 per
389 3342 639 3408 admirationem
667 3342 846 3418 exolamat‚
875 3343 1024 3424 quonum
1046 3347 1092 3408 ost
1109 3343 1170 3408 islo
1220 3345 1384 3426 uiperetur
1406 3363 1519 3408 eorum
1542 3343 1713 3426 expositio.
1758 3343 1815 3408 Sio
1837 3346 1924 3407 enim
1951 3344 2080 3429 legunt,
2110 3344 2196 3425 Quia

192 3431 322 3512 quitor
342 3449 437 3494 staua
463 3429 589 3512 formai,
617 3433 652 3492 ul
672 3429 715 3494 ud
735 3447 784 3494 tae
810 3427 959 3494 aueum?
993 3426 1029 3494 Si
1053 3427 1169 3493 fuisset
1220 3439 1270 3496 est·
1292 3431 1363 3515 iste,
1391 3431 1483 3513 quasi
1507 3429 1598 3494 Deus
1623 3428 1771 3493 laudaret
1792 3428 1878 3493 hune
1901 3428 2195 3512 promptitudinem

189 3515 385 3599 simplieiter
419 3515 554 3592 dietum,
590 3513 752 3594 Quisnam
787 3518 837 3580 est
870 3515 931 3579 iste
960 3515 1017 3597 qui
1047 3513 1088 3578 ad
1115 3534 1168 3578 me
1219 3515 1376 3594 fidelium,
1400 3516 1456 3598 qui
1472 3525 1588 3597 sponte
1606 3535 1678 3581 sose
1694 3514 1847 3592 offerunt,
1872 3529 1905 3578 et
1922 3516 2064 3580 formant
2087 3516 2193 3582 eorda.

191 3602 335 3678 aooedat,
358 3601 473 3666 fuisset
489 3599 656 3667 obseurior
674 3619 791 3665 senem
807 3611 939 3683 propter
958 3599 1167 3666 brevitatem:
1220 3600 1287 3667 Sed
1320 3612 1484 3685 repugnat
1517 3609 1607 3665 totus
1643 3601 1822 3684 prophetae
1860 3610 2042 3666 oontextus.
2098 3600 2196 3667 Unde

191 3688 250 3753 sed
270 3685 363 3752 Deus
390 3685 444 3752 hio
466 3687 547 3752 satis
575 3685 663 3751 olore
692 3684 865 3768 distinguit
893 3687 979 3750 inter
1004 3685 1085 3751 duos
1114 3707 1167 3752 ae·
1219 3699 1355 3770 apparet
1377 3685 1438 3752 hoo
1461 3706 1531 3751 esee
1553 3686 1806 3751 remotissimum
1830 3706 1849 3750 a
1869 3685 2005 3750 oonsilio
2024 3685 2195 3771 Ieremias,

189 3792 310 3838 uessus.
354 3771 439 3837 Nam
467 3772 557 3855 prior
587 3789 737 3836 aeueesue
767 3776 839 3836 erat
868 3789 971 3854 quum
1001 3770 1077 3836 data
1104 3772 1166 3836 fuit
1218 3773 1303 3855 quod
1328 3773 1417 3838 Deus
1440 3770 1552 3837 laudet
1573 3773 1702 3853 piorum
1724 3771 1960 3836 obedientiam:
1984 3773 2064 3854 quin
2086 3773 2195 3856 potius

190 3858 325 3924 libertas
346 3859 476 3940 populo,
507 3865 542 3924 et
563 3857 669 3922 edioto
693 3855 776 3940 Gyri
820 3857 993 3922 ermiasum
1015 3857 1080 3921 fuit
1100 3856 1166 3921 illis
1218 3857 1270 3924 hio
1286 3857 1603 3941 peradmirationem
1619 3857 1791 3930 exolamat‚
1808 3855 2080 3939 quemadmodum
2096 3877 2193 3941 quum

190 3945 349 4026 templum
373 3954 407 4008 et
429 3944 543 4009 urbem
567 3953 746 4008 exstruere.
826 3962 885 4006 ene
906 3961 985 4024 ergo
1007 3950 1087 4007 tuno
1109 3963 1164 4024 ap·
1218 3944 1298 4009 dioit
1320 3944 1422 4009 isaias
1445 3942 1509 4028 (53,
1535 3941 1577 4028 1),
1600 3942 1685 4023 Quis
1707 3940 1845 4008 eredidit
1866 3943 1991 4007 auditui
2014 3951 2137 4020 nostru,
2160 3951 2194 4009 et

189 4031 410 4114 propinquare
442 4031 530 4113 ipsos
562 4029 657 4112 feoit,
693 4040 731 4093 ut
762 4027 962 4094 aooederent.
1017 4027 1083 4092 Hio
1115 4036 1166 4093 eet
1219 4029 1387 4095 braohium
1420 4027 1556 4092 Domini
1590 4029 1641 4093 nui
1675 4029 1856 4092 revelatum
1890 4027 1964 4093 est?
2002 4040 2092 4094 uerte
2125 4049 2192 4094 uon

190 4117 281 4199 prior
303 4137 460 4182 aouesaus.
496 4114 563 4182 Sed
586 4115 649 4179 iam
674 4113 833 4196 adiungit,
855 4109 995 4178 Iudaeos
1017 4133 1082 4178 nou
1104 4115 1165 4178 for·
1217 4115 1383 4198 praedioat
1418 4113 1565 4179 fidelium
1601 4114 1809 4197 obsequium,
1847 4113 1934 4195 quod
1970 4124 2123 4198 prompto
2158 4123 2191 4180 et

189 4221 298 4266 messe
319 4223 377 4268 oor
398 4217 513 4266 snum:
545 4199 689 4282 loquitur
718 4199 849 4281 quidem
877 4198 917 4263 do
938 4197 1051 4264 futuro
1081 4211 1164 4264 tem·
1217 4201 1317 4266 alaori
1340 4201 1448 4264 animo
1468 4199 1671 4283 evangelium
1690 4199 1880 4281 suscipiant,
1900 4199 1957 4264 sed
1973 4201 2082 4283 potius
2098 4201 2190 4282 quasi

190 4307 278 4369 pore,
301 4286 358 4351 sed
381 4298 489 4351 tamen
513 4296 643 4351 auousat
663 4285 944 4368 ingratitudinem.
979 4282 1072 4364 Quae
1094 4295 1165 4350 tan·
1217 4297 1402 4369 portentum
1426 4287 1590 4368 exhorret,
1612 4284 1696 4368 quod
1720 4285 1864 4351 mundus
1886 4285 1985 4349 fidem
2007 4306 2074 4350 non
2092 4285 2191 4352 habe·

189 4373 263 4437 dem
285 4393 345 4436 suo
368 4383 512 4453 tempore
536 4372 596 4435 fuit
620 4372 790 4454 patefaota.
835 4369 925 4435 Dieit
953 4370 1062 4454 igitur,
1092 4373 1165 4453 quie
1218 4371 1264 4436 bit
1293 4372 1477 4455 evangelio,
1507 4392 1606 4454 quum
1636 4381 1747 4435 temen
1773 4369 1841 4436 illio
1870 4370 2027 4435 offeratur
2055 4381 2191 4437 aeterna

188 4459 320 4540 telleia
342 4463 378 4522 at
400 4456 550 4522 ucosdut?
574 4455 636 4522 hoo
658 4467 716 4534 est,
740 4475 801 4540 ego
823 4457 962 4520 el'fioiam
984 4457 1163 4523 utiterum
1217 4459 1286 4522 vita
1307 4468 1342 4522 et
1363 4458 1461 4522 salus.
1506 4458 1564 4522 Sin
1592 4457 1692 4522 etiam
1721 4456 1783 4522 hoo
1812 4456 1892 4536 looo,
1926 4456 2073 4538 quisnam
2103 4456 2189 4522 isto?

189 4543 372 4609 ooalesoant
389 4543 424 4606 in
443 4563 542 4606 unum
562 4562 688 4625 eorpus,
707 4550 741 4606 et
760 4562 811 4606 me
829 4542 991 4621 inrooent,
1013 4543 1165 4607 fruantur
1217 4544 1293 4627 quid
1317 4544 1404 4609 onim
1427 4544 1530 4626 magis
1551 4543 1727 4624 optandum
1747 4542 1809 4606 fuit
1827 4562 1924 4628 quam
1939 4542 2080 4608 utDeus
2097 4542 2190 4623 quasi

188 4649 250 4694 sua
272 4627 482 4694 haereditate.
520 4624 576 4693 Sit
594 4630 695 4712 igitur
718 4628 780 4693 hoe
802 4627 983 4710 praestabo,
1006 4633 1041 4693 uf
1057 4629 1100 4694 ud
1116 4649 1165 4693 me
1217 4631 1361 4698 extentis
1389 4630 1531 4694 hraohiis
1554 4627 1695 4693 Iudaeos
1717 4626 1758 4692 ad
1781 4649 1816 4693 se
1838 4629 1971 4692 tandem
1997 4625 2189 4711 colligeret?

188 4715 349 4781 amadati:
370 4713 426 4780 sed
449 4714 576 4778 interea
597 4713 693 4778 multi
716 4712 905 4778 residebunt
926 4714 1048 4778 insuia
1070 4715 1165 4779 faeti·
1218 4716 1289 4798 Ego
1311 4715 1385 4780 volo
1407 4726 1442 4780 ut
1466 4715 1506 4778 ad
1530 4735 1582 4779 me
1604 4714 1885 4797 appropinquetis,
1915 4713 2021 4777 fuistis
2043 4714 2084 4776 ad
2108 4723 2189 4778 tem·

188 4802 268 4879 bue,
300 4811 334 4870 et
366 4801 553 4882 praeferent
585 4799 804 4882 Chaldaeum,
837 4809 871 4864 et
902 4799 981 4864 alias
1014 4801 1164 4883 regiones
1216 4822 1278 4883 pus
1301 4802 1393 4882 quasi
1415 4821 1435 4864 a
1458 4821 1509 4864 me
1532 4800 1672 4880 exsules,
1695 4820 1755 4882 ego
1776 4819 1836 4864 voe
1859 4800 2039 4864 abieceram
2062 4799 2095 4862 iu
2119 4798 2190 4862 lon-

188 4887 311 4970 templo
333 4896 365 4952 et
383 4886 542 4968 religioni.
572 4887 662 4969 Ergo
684 4885 780 4950 multi
802 4894 901 4950 erunt
918 4887 974 4968 qui
993 4904 1049 4949 oor
1067 4907 1163 4950 suum
1217 4887 1356 4970 ginqoas
1380 4899 1501 4951 terras:
1531 4887 1621 4967 atqui
1644 4906 1733 4950 nuno
1760 4899 1894 4968 paratus
1922 4905 1994 4949 sum
2017 4905 2078 4949 vos
2100 4883 2190 4960 oollie

188 4994 255 5038 nou
279 4971 468 5037 formabunt
490 4982 528 5036 ut
549 4971 591 5037 ad
614 4992 667 5035 me
689 4970 853 5036 aooedant.
893 4971 990 5036 Nuuo
1012 4983 1163 5036 tenemus
1216 4993 1304 5056 gere.
1351 4973 1462 5053 Quum
1496 4992 1574 5054 ergo
1608 4970 1698 5035 Deus
1731 4981 1798 5035 tam
1832 4971 1975 5034 suaviter
2007 4979 2040 5034 et
2073 4970 2189 5035 blande

188 5079 322 5124 sensum
352 5057 537 5140 prophetae.
583 5058 653 5122 Iam
678 5077 754 5122 vero
775 5056 873 5121 simul
904 5058 1080 5121 tenendum
1104 5067 1162 5134 est,
1216 5059 1304 5140 ipsos
1326 5060 1366 5122 ed
1389 5079 1424 5123 se
1446 5056 1605 5134 alliceret,
1635 5057 1697 5121 fuit
1719 5069 1807 5122 uerte
1837 5055 2036 5120 detestabilis
2059 5065 2092 5119 et
2113 5075 2189 5137 pro·

189 5164 292 5226 quum
330 5164 434 5224 nuper
470 5143 593 5208 dietum
631 5143 711 5220 fuit,
753 5143 1010 5224 appropinquare
1043 5143 1163 5225 fusium
1217 5145 1341 5227 digiosa
1363 5145 1444 5210 haee
1468 5142 1679 5226 ingratitudo,
1710 5140 1796 5224 quod
1818 5141 1926 5222 potius
1948 5141 2010 5205 alio
2033 5141 2189 5206 disoeeee·

188 5234 202 5294 i
263 5248 295 5293 m
316 5233 351 5294 ul
372 5229 415 5294 ad
436 5249 484 5294 me
503 5230 634 5308 uoeedut,
656 5228 763 5294 Deum
785 5250 850 5293 non
870 5228 1039 5310 loquutum
1062 5229 1162 5294 fuisse
1217 5231 1291 5308 rint,
1322 5241 1355 5294 et
1377 5243 1506 5314 tergum
1534 5229 1736 5295 obverterint
1759 5227 1830 5291 Deo
1852 5236 1920 5290 tam
1942 5226 2079 5291 uomiter
2100 5226 2188 5314 ipsos

189 5250 369 5381 mrtem
398 5314 532 5398 spiritus
555 5315 605 5378 sui
628 5314 779 5380 effioeoia.
824 5314 910 5380 Nam
939 5314 1010 5380 eius
1032 5324 1097 5392 est,
1126 5323 1164 5379 ut
1216 5315 1356 5384 rosanti.
1390 5316 1481 5400 Ergo
1502 5336 1602 5399 quum
1626 5312 1784 5397 propheta
1801 5312 1856 5378 hio
1874 5311 2034 5377 duntaxat
2055 5312 2189 5378 damnet
