5118 6136
188 500 251 566 553
867 497 916 563 IN
940 497 1189 563 quuulsst.
1235 495 1332 562 OAP.
1356 493 1504 561 XXVII.
2122 501 2186 568 554

188 710 301 755 eorum
330 688 525 771 superbiam.
578 686 652 752 Non
681 700 729 752 εει
760 687 861 770 igitur
891 706 1092 770 supervaona
1121 685 1164 750 lo·
1216 686 1243 750 si
1267 686 1400 769 pergitis
1422 682 1579 750 adversus
1603 683 1712 750 Deum
1734 704 1805 750 esse
1834 695 2041 754 oontumaoes
2070 699 2103 755 et
2131 690 2186 756 ob·

188 775 317 858 quutio,
339 795 442 856 quum
464 773 555 838 iubet
576 773 727 838 omnibus
749 771 925 838 Chaldaeis
947 771 1085 838 Iudaeos
1108 793 1163 854 pa·
1215 772 1337 837 stinati.
1393 768 1553 836 Videmus
1590 792 1667 855 ergo
1708 769 1792 835 nihil
1833 793 1852 838 a
1884 772 2043 858 propheta
2083 776 2186 844 fuisse

187 883 276 939 rere,
302 861 380 943 quia
406 860 453 924 sio
474 858 638 926 exoaeoati
660 859 794 923 fuerant
822 879 976 942 perverso
1000 860 1098 938 fastu,
1127 866 1165 922 ut
1216 859 1389 938 omissum,
1423 864 1460 921 ut
1489 854 1626 922 Iudaeos
1654 858 1800 924 flenteret
1829 859 1869 923 ad
1899 859 2087 943 obsequium
2110 863 2184 943 Dei,

188 947 286 1032 longo
308 958 455 1029 tempore
476 953 592 1010 eontra
613 943 722 1009 Deum
750 955 784 1008 et
804 946 876 1009 eius
898 942 1072 1027 prophetas
1094 965 1163 1008 ma·
1215 952 1249 1008 et
1271 942 1447 1009 adduoeret
1468 940 1509 1008 ad
1532 943 1799 1025 resipisoentiam.
1844 943 1954 1026 Quum
1977 946 2125 1029 loquitur
2146 949 2185 1015 de

188 1048 306 1100 nerent
339 1032 431 1116 quasi
464 1029 625 1096 indomiti.
669 1030 789 1096 Postea
822 1028 952 1095 additur
981 1029 1162 1113 promissio,
1213 1029 1330 1114 plodio,
1352 1035 1381 1095 et
1399 1029 1493 1111 fame,
1522 1032 1663 1114 apere,
1689 1029 1851 1113 signifieat
1873 1030 2001 1097 nullum
2024 1032 2095 1099 lore
2117 1054 2185 1099 mo-

188 1117 233 1185 Et
256 1120 378 1200 vireis,
407 1137 490 1200 quae
519 1117 689 1183 oonfirmat
717 1115 898 1181 doetriuam
927 1114 1035 1194 illam,
1064 1135 1161 1197 quam
1215 1117 1303 1199 dum,
1326 1113 1428 1180 donee
1452 1114 1582 1197 penitus
1604 1115 1791 1199 consumpti
1812 1115 1934 1182 luerint
1950 1117 2012 1183 Dei
2030 1118 2183 1196 vindiota,

187 1226 294 1288 nuper
317 1203 428 1288 attigi,
462 1222 580 1284 nempe
609 1202 670 1266 hoo
698 1203 855 1283 optimum
884 1221 955 1267 esse
983 1201 1162 1265 remedium
1214 1201 1276 1267 nisi
1301 1202 1388 1283 passi
1410 1201 1545 1280 fuerint,
1574 1200 1847 1282 quemadmodum
1871 1202 2025 1283 diximus,
2046 1214 2184 1286 paterna

188 1289 336 1357 levandis
357 1289 468 1372 malis,
499 1289 555 1354 ubi
583 1287 789 1370 agnoscimus
816 1307 876 1352 nos
908 1288 1025 1352 merito
1054 1286 1161 1370 plsoti,
1213 1288 1283 1354 eius
1312 1286 1486 1351 elementia
1513 1308 1549 1351 ee
1581 1287 1628 1352 ita
1660 1287 1830 1372 castigari,
1865 1299 1902 1354 ut
1935 1289 1996 1356 hoo
2029 1292 2072 1356 sit
2103 1291 2183 1375 ipsis

188 1389 221 1443 et
243 1374 455 1442 humiliamus
477 1395 537 1440 nos
567 1374 627 1439 sub
656 1373 735 1438 lorti
758 1371 821 1437 Dei
844 1394 953 1438 manu.
998 1371 1052 1436 Ita
1073 1374 1161 1437 enim
1212 1373 1363 1439 salutare.

187 1463 235 1543 fit,
257 1471 296 1528 ut
317 1481 439 1546 poenae
461 1468 632 1526 vertantur
653 1459 687 1523 in
711 1458 899 1536 medisinae,
920 1469 954 1524 ει
977 1458 1039 1523 hoo
1067 1457 1162 1522 modo

187 1551 255 1616 sint
276 1548 369 1614 nobis
391 1545 544 1612 salubres.
591 1544 756 1628 Quidquid
786 1564 965 1627 poenarum
995 1543 1087 1608 nobis
1109 1545 1160 1608 in·
1299 1541 1453 1609 Diximus
1475 1542 1561 1621 heri,
1590 1544 1666 1627 quia
1691 1543 1823 1611 videbat
1844 1545 2005 1630 propheta
2027 1567 2181 1632 magnam

187 1634 314 1719 fligitur
336 1633 377 1698 ob
401 1643 545 1714 peooata,
568 1631 665 1697 siouti
687 1632 819 1714 signnm
842 1641 892 1695 est
913 1631 982 1694 iras
1005 1628 1086 1708 Dei,
1114 1627 1162 1695 ita
1213 1651 1284 1695 εεεε
1306 1628 1483 1695 socordiam
1506 1630 1541 1693 in
1563 1628 1702 1710 Iudaeis,
1731 1640 1770 1695 ut
1789 1632 1856 1696 fere
1879 1632 2062 1714 pronihilo
2085 1632 2182 1701 duee·

188 1714 1019 1804 quodammodomortemponuntnobisanteooulos.
1033 1715 1162 1780 Poenae
1213 1728 1286 1780 rent
1309 1736 1422 1781 omnes
1444 1713 1508 1780 Dei
1530 1717 1771 1798 promissiones,
1793 1718 2001 1783 ooniunxisse
2024 1726 2182 1786 terrorem

188 1807 290 1891 igitur
311 1826 369 1888 per
390 1825 427 1870 se
449 1803 644 1868 naturaliter
665 1802 749 1866 nihil
777 1800 865 1867 aliud
896 1809 1034 1884 possunt
1063 1821 1159 1884 quam
1213 1822 1279 1866 una
1311 1821 1385 1866 oum
1419 1819 1476 1882 spe
1504 1802 1757 1868 miserioordiae:
1790 1802 1862 1867 ideo
1894 1802 2036 1883 dioebat,
2070 1807 2183 1887 utquid

187 1893 334 1958 inoutere
362 1903 538 1963 terrorem,
572 1890 638 1953 imo
666 1889 802 1954 obruere
834 1907 893 1952 nos
927 1886 1161 1969 desperatione.
1208 1887 1363 1970 peribitis,
1393 1892 1427 1952 tu
1448 1891 1476 1951 et
1499 1888 1640 1970 popalus
1660 1888 1755 1952 taus?
1800 1889 1914 1972 Neque
1936 1890 2023 1955 enim
2047 1890 2182 1957 dubium

187 1979 321 2061 Loquor
343 1976 396 2041 vel
426 1976 466 2040 de
489 1975 603 2059 poeuis
629 1974 811 2056 quibusque
842 1973 1025 2039 levissimis.
1069 1972 1160 2038 Nihil
1213 1985 1263 2038 est
1284 1973 1363 2056 quin
1385 1983 1514 2039 eoaetus
1540 1972 1597 2038 illa
1624 1975 1815 2040 necessitate
1844 1975 1941 2040 tuerit
1963 1976 2004 2041 ad
2027 1975 2113 2042 hano
2135 1978 2181 2042 lo-

188 2065 273 2128 snim
297 2063 440 2145 patimur
460 2060 546 2145 quod
569 2080 635 2124 non
664 2059 838 2125 admoneat
865 2078 925 2124 nos
952 2058 991 2123 de
1012 2059 1107 2141 eulpa
1129 2071 1161 2122 ει
1212 2058 1332 2142 quendi
1354 2059 1503 2142 formam,
1533 2080 1615 2142 quae
1645 2071 1695 2125 est
1723 2060 1875 2142 asperior,
1905 2060 2035 2144 quando
2061 2061 2182 2130 blanda

188 2159 299 2229 reatu,
332 2148 424 2231 quasi
457 2148 572 2212 uitaret
605 2167 665 2210 nos
694 2145 785 2210 Deus
811 2144 851 2208 ad
881 2165 976 2210 snum
1009 2143 1159 2209 tribunal.
1211 2144 1269 2209 illa
1291 2144 1485 2226 exhortatio,
1513 2166 1576 2227 qua
1597 2145 1688 2229 prius
1710 2146 1815 2210 fuerat
1842 2168 1932 2226 usus,
1964 2147 2072 2214 minus
2094 2149 2181 2215 rale-

187 2236 260 2302 Hoe
282 2253 478 2314 veroquam
502 2232 658 2297 horribile
681 2243 731 2294 εει
753 2232 931 2305 sustinere,
960 2236 994 2294 et
1017 2230 1160 2296 insidere
1213 2230 1281 2296 bat:
1305 2240 1339 2297 et
1361 2239 1471 2296 tamen
1488 2229 1579 2296 Deus
1595 2231 1750 2297 minando
1765 2232 1864 2298 simul
1879 2234 2022 2298 ostendit
2044 2247 2181 2318 quanto·
2203 2259 2205 2263 ’

187 2323 221 2387 in
243 2340 363 2386 manus
384 2319 448 2383 Dei
470 2316 635 2384 viventis?
659 2317 750 2401 Ergo
772 2318 800 2383 si
822 2315 875 2381 vel
898 2316 1034 2381 minimo
1058 2315 1160 2400 digito
1211 2338 1288 2399 pere
1317 2316 1432 2401 diligat
1458 2317 1629 2401 populum,
1660 2319 1737 2400 quia
1766 2317 1927 2399 condolet,
1955 2319 2052 2385 siauti
2083 2321 2180 2386 etiam

187 2428 247 2473 nos
268 2407 361 2470 Deus
383 2403 535 2488 attingat,
560 2405 676 2469 mento
699 2423 777 2485 prae
799 2423 920 2485 pavore
943 2401 1157 2468 oonoidemus.
1211 2401 1286 2467 alibi
1315 2401 1451 2483 dieitur,
1480 2402 1588 2486 ipsum
1619 2403 1705 2469 nolle
1727 2413 1866 2469 mortem
1898 2405 2092 2488 peeoatoris,
2123 2407 2180 2472 sed
2233 2459 2238 2470 .

189 2493 254 2560 Sed
277 2494 339 2558 hoe
361 2491 513 2556 solatium
536 2489 629 2554 nohis
653 2488 793 2566 additur,
816 2508 935 2570 nempe
957 2509 1078 2572 poenas
1101 2509 1157 2552 no·
1210 2509 1363 2572 quaerere
1387 2498 1423 2554 ut
1444 2488 1637 2572 resipiscant
1654 2489 1710 2573 qui
1728 2498 1821 2554 erant
1842 2490 1908 2556 fere
1932 2491 2059 2574 perditi,
2083 2500 2181 2575 atque

187 2579 236 2645 bis
255 2577 417 2661 prodesse,
441 2596 524 2658 quae
542 2574 739 2640 naturaliter
756 2574 874 2639 noxiae
891 2581 995 2649 erant,
1017 2586 1048 2638 et
1067 2575 1157 2656 quasi
1210 2575 1256 2638 ita
1286 2574 1413 2640 vivant.
1466 2573 1558 2640 Idem
1592 2597 1681 2642 nune
1713 2575 1866 2660 colligere
1894 2577 1970 2642 lieet
1999 2598 2041 2641 ex
2071 2578 2181 2645 verbis

186 2665 342 2731 lethales:
379 2661 536 2746 siquidem
567 2660 770 2726 admittimus
798 2659 906 2724 Deum
938 2660 1092 2742 iudicem,
1126 2670 1158 2724 et
1210 2660 1396 2744 prophetae,
1426 2681 1525 2743 quum
1549 2662 1638 2727 Deus
1661 2663 1796 2745 suseipit
1823 2662 1964 2728 hominis
1987 2662 2027 2727 ad
2050 2684 2180 2730 suoour-

188 2751 293 2833 parati
326 2769 439 2814 sumus
475 2747 619 2829 perferre
656 2746 813 2829 quidquid
847 2745 878 2810 ei
910 2747 1018 2810 visum
1052 2746 1156 2810 luerit.
1209 2747 1345 2812 rendum
1369 2748 1473 2829 parati
1498 2768 1668 2828 personam
1691 2761 1723 2812 st
1740 2749 1939 2829 compatitur
1961 2749 2100 2815 miseriis
2123 2771 2179 2831 po·

186 2837 260 2902 Hoo
291 2835 456 2919 signifieat
488 2833 663 2916 propheta,
699 2853 800 2916 quum
830 2833 992 2914 promittit
1021 2831 1158 2896 Iudaeos
1209 2833 1290 2916 puli,
1313 2852 1408 2916 quem
1431 2832 1520 2898 videt
1542 2833 1588 2896 ita
1610 2834 1645 2897 in
1668 2855 1763 2898 suum
1782 2834 1918 2898 exitium
1941 2855 2046 2899 ruere.
2083 2835 2180 2902 Nuno

185 2924 332 3001 visuros,
355 2921 383 2986 si
405 2919 474 3003 regi
497 2917 669 3002 babylonio
691 2940 726 2984 se
749 2917 960 2983 subieoerint:
985 2939 1048 2982 non
1072 2918 1157 2998 quod
1209 2920 1362 3002 sequitur,

185 3029 246 3074 sua
267 3007 449 3073 obedientia
469 3005 573 3070 vitam
596 3007 760 3088 potuerint
783 3005 911 3083 mereri,
932 3002 1156 3086 sedquoniam

185 3093 266 3161 haee
299 3115 366 3158 una
398 3103 449 3158 est
481 3093 564 3155 ratio
597 3111 662 3173 qua
691 3089 798 3155 Deum
832 3089 1091 3169 renonciliemus,
1124 3097 1156 3154 at
1295 3090 1345 3152 14.
1368 3085 1412 3154 Et
1433 3109 1471 3154 ae
1493 3090 1634 3156 audiatis
1663 3091 1757 3156 verbo
1780 3090 2016 3176 prophetarum,
2048 3093 2103 3174 qui
2131 3093 2179 3159 di-

184 3178 360 3246 reddamus
390 3176 483 3243 nobis
511 3177 618 3257 ipsum
653 3175 832 3259 planatum,
867 3173 921 3240 ubi
951 3184 1066 3257 sponte
1096 3194 1156 3240 nos
1208 3180 1280 3241 aar
1308 3174 1392 3240 vobis
1421 3173 1491 3260 (qui
1512 3176 1691 3258 loquuntur
1713 3176 1891 3257 vobisoum,
1915 3177 2074 3264 dioendo),
2097 3179 2180 3264 'Noa

184 3267 272 3349 ipsos
294 3264 485 3330 iudioamus.
530 3262 602 3327 Hoo
625 3263 714 3326 enim
737 3269 786 3326 est
814 3269 1020 3326 antevertere
1050 3271 1156 3325 extre·
1208 3261 1348 3327 servietis
1376 3262 1442 3345 rapi
1465 3260 1655 3346 Babylonia:
1688 3265 1765 3346 quio
1792 3265 1987 3330 mendacium
2017 3265 2081 3346 ipsi
2104 3285 2179 3348 pro

183 3373 276 3417 mum
309 3352 380 3416 eius
412 3350 570 3432 rigorem,
612 3346 886 3430 quemadmodum
921 3346 1000 3413 dioit
1032 3346 1155 3414 Paulus
1202 3347 1333 3428 paeane
1352 3347 1445 3414 vobis.

183 3438 228 3525 (1.
253 3436 327 3504 Gor.
352 3436 407 3515 11,
432 3435 505 3515 31),
539 3433 577 3499 si
611 3455 669 3499 nos
702 3435 790 3516 ipsos
820 3433 1056 3509 iudiearemus,
1090 3453 1156 3498 nou

182 3523 403 3590 iudiearemur
426 3543 445 3586 a
466 3519 547 3585 Deo.
590 3519 686 3586 Unde
709 3521 797 3584 enim
820 3520 856 3584 fit
878 3529 915 3584 ut
936 3517 1028 3584 Deus
1051 3499 1184 3586 tanto-l
1293 3517 1426 3602 Repetit
1448 3519 1561 3584 eadem
1583 3520 1684 3585 rerba
1714 3540 1795 3604 quae
1824 3531 1900 3588 ante
1922 3521 2077 3588 vidimus:
2105 3521 2178 3587 ideo

183 3631 262 3695 pere
284 3607 440 3675 exardeat
469 3616 581 3671 eontra
609 3606 739 3689 impios,
770 3606 832 3671 nisi
860 3606 935 3687 quia
956 3605 1079 3671 vellent
1101 3606 1156 3671 ab·
1208 3626 1275 3670 non
1298 3625 1379 3687 opus
1403 3615 1453 3670 est
1475 3605 1528 3669 hio
1549 3605 1678 3690 longius
1701 3607 1860 3673 insistere.
1906 3608 1979 3672 Non
1998 3617 2049 3674 est
2070 3618 2179 3673 tamen

183 3695 270 3763 solvi
292 3695 328 3760 in
345 3693 413 3760 suis
433 3690 551 3758 malis?
574 3691 635 3757 hoo
652 3701 760 3757 autem
784 3703 834 3757 εει
856 3691 1028 3757 detrahere
1049 3691 1156 3774 ipsum
1208 3711 1413 3775 supervacua
1434 3691 1593 3775 repetitio,
1616 3693 1693 3774 quia
1715 3691 1845 3759 difficile
1866 3693 1898 3758 ei
1919 3705 2085 3759 esttamen
2108 3703 2179 3758 erat

183 3803 203 3848 ε
226 3802 285 3847 ειο
307 3780 397 3858 εοΙὶο,
419 3780 496 3861 quia
518 3798 584 3843 non
608 3787 694 3842 esset
714 3777 813 3843 iudex
836 3775 951 3843 mundi
973 3778 1001 3842 si
1022 3777 1157 3860 impune
1208 3798 1284 3844 oum
1305 3776 1396 3842 falsis
1418 3775 1594 3859 prophetis,
1617 3779 1674 3860 qui
1695 3779 1760 3844 iam
1781 3779 1887 3862 adepti
1907 3788 2003 3844 eraut
2024 3799 2178 3864 magnam

183 3865 365 3934 evaderent·
396 3865 506 3948 impii,
543 3871 576 3928 at
610 3862 756 3928 riderent
791 3883 904 3928 omnes
937 3863 1008 3928 eius
1039 3866 1155 3930 minas.
1208 3862 1426 3929 autoritatem.
1472 3861 1635 3943 Quoniam
1658 3884 1736 3949 ergo
1763 3887 1848 3931 unus
1870 3864 2026 3929 Ieremias
2050 3866 2176 3931 turbam

184 3953 243 4020 Sia
266 3953 364 4017 etiam
386 3973 428 4016 ex
445 3952 594 4035 opposito
618 3949 671 4014 ubi
693 3968 769 4016 oum
792 3969 870 4014 vera
892 3949 1076 4014 humilitate
1098 3971 1157 4015 nos
1207 3947 1297 4014 illam
1321 3947 1582 4031 aggrediebatur,
1612 3950 1720 4034 potuit
1745 3951 1849 4016 maior
1868 3971 1945 4033 pars
1974 3949 2113 4016 obiicere
2142 3951 2178 4015 in

182 4039 351 4106 offerimus
380 4037 451 4102 Deo
480 4035 700 4119 eastigandos,
733 4036 845 4100 statim
877 4032 969 4099 nobis
998 4035 1154 4117 pleoatur.
1207 4034 1304 4099 rebus
1322 4034 1494 4119 perplexis,
1517 4035 1601 4101 nihil
1619 4057 1690 4102 esse
1707 4037 1787 4102 oerti
1804 4035 1855 4101 vel
1874 4035 1999 4119 liquidi.
2033 4037 2178 4101 Proinde

183 4126 274 4191 Hine
294 4123 398 4210 igitur
419 4121 488 4187 vita
510 4122 602 4188 ouius
624 4123 661 4187 lit
683 4121 737 4186 hio
758 4120 892 4186 mentio.
937 4117 1103 4203 Sequitur,
1207 4119 1374 4203 quianon
1397 4120 1490 4188 faoile
1513 4131 1584 4188 erat
1604 4120 1744 4188 Iudaeos
1766 4122 1970 4206 persuadere,
1992 4123 2049 4205 qui
2071 4124 2178 4205 potius

1206 4205 1383 4271 eredebant
1403 4207 1705 4293 pseudoprophetis,
1728 4207 1799 4274 ideo
1820 4229 1951 4274 neeesse
1969 4209 2031 4274 fuit
2049 4211 2178 4292 saepius

273 4297 323 4362 13.
360 4294 465 4376 Qttore
489 4291 633 4375 peribitis
661 4298 696 4358 tu
723 4298 751 4358 et
773 4292 913 4376 populas
942 4298 1014 4356 tasse
1039 4290 1155 4376 plodio,
1205 4291 1292 4358 idem
1311 4290 1427 4371 disere,
1450 4293 1722 4376 quemadmodum
1744 4303 1856 4378 postea
1871 4295 1967 4362 etiam
1985 4293 2176 4362 videbimus.

181 4385 268 4467 forne
297 4388 325 4448 et
348 4385 451 4464 pesa,
487 4378 741 4462 quemadmodum
778 4379 923 4460 loquutus
950 4382 995 4443 eal
1016 4377 1156 4443 Iahovob
1207 4377 1292 4442 Nam
1315 4377 1452 4458 subiioit,

182 4489 281 4554 asper
300 4471 429 4553 gestem,
452 4487 532 4550 quoe
553 4485 615 4531 noa
636 4466 777 4530 εενιιιειίι
797 4465 864 4548 rapi
886 4462 1085 4547 Babylonis?

1294 4548 1344 4616 15.
1373 4549 1455 4632 Quia
1471 4570 1531 4616 aon
1545 4550 1621 4616 mia
1638 4571 1697 4633 eos,
1718 4552 1794 4618 dicit
1809 4551 1952 4636 Iehooob,
1974 4557 2001 4618 et
2022 4553 2088 4634 ipsi
2102 4573 2178 4634 pre

272 4638 337 4703 Hio
358 4637 490 4703 additur
512 4635 729 4715 eomminatio,
762 4635 866 4702 modis
896 4634 981 4700 snim
1005 4634 1156 4699 omnibus
1202 4633 1388 4716 pietantia
1409 4638 1533 4702 nombre
1553 4655 1618 4702 meo
1640 4637 1682 4702 od
1702 4638 1900 4704 mendacium
1926 4637 1972 4724 (id
1995 4651 2055 4719 est,
2083 4638 2175 4703 falla-

182 4724 330 4809 oportnit
351 4724 490 4790 Iudaeos
522 4743 589 4787 non
624 4731 746 4787 tantum
782 4722 933 4798 invitari,
967 4718 1024 4786 sed
1057 4720 1155 4785 etiam
1207 4720 1314 4801 eiam),
1343 4726 1377 4786 ut
1398 4741 1451 4787 eos
1480 4722 1612 4806 atteiam,
1645 4729 1673 4792 et
1700 4725 1917 4805 pereatisque
1946 4729 1973 4790 et
1999 4723 2176 4807 prophetoe,

183 4810 346 4878 stimulari
369 4809 410 4874 ad
437 4809 705 4892 resipiseentiam.
750 4807 916 4893 Propheta
943 4806 1060 4872 obtulit
1089 4805 1154 4872 illis
1207 4808 1263 4888 qai
1278 4806 1464 4889 prophetam
1485 4807 1582 4875 vobis.

183 4897 326 4975 veniam,
349 4896 376 4960 si
398 4905 589 4978 paterentur
611 4914 646 4958 se
668 4893 880 4959 elementata
897 4892 970 4958 Deo
992 4891 1153 4976 eastigari.

184 4971 277 5048 Haeo
299 4980 391 5048 vobis
413 4981 475 5045 erit
496 4980 574 5058 vita,
599 4979 733 5061 dioebat,
754 4980 783 5046 si
805 4979 967 5046 Dominus
988 4999 1047 5045 suo
1069 4978 1153 5045 arbi·
1293 4977 1474 5044 Confirmat
1491 5000 1581 5045 suam
1597 4979 1867 5061 exhortationem,
1889 4978 1975 5063 quod
1997 5001 2062 5045 non
2084 4979 2178 5046 missi

183 5069 248 5135 trio
278 5087 399 5152 poenas
427 5065 467 5130 de
496 5065 588 5132 vohis
618 5075 734 5131 sumat.
778 5065 877 5130 Nune
905 5067 1057 5148 quoniam
1089 5085 1154 5130 non
1205 5065 1328 5130 fuerint
1349 5085 1369 5129 a
1390 5064 1470 5130 Deo.
1503 5064 1641 5132 Summa
1664 5075 1774 5132 autem
1796 5067 1861 5132 hue
1883 5064 1977 5143 redit,
1999 5087 2041 5130 ne
2063 5066 2177 5131 Iudaei

183 5163 335 5239 poterant
349 5151 407 5217 illa
421 5151 592 5218 duloedine
607 5153 688 5218 satis
701 5153 835 5231 moveri,
850 5151 1008 5236 adiungit,
1022 5151 1153 5216 Videte:
1206 5149 1362 5235 quidquid
1391 5150 1456 5216 illis
1489 5154 1691 5235 propositum
1722 5152 1821 5218 fuerit
1848 5152 1908 5217 sub
1937 5150 2001 5217 Dei
2035 5154 2177 5230 nomine,

184 5241 250 5307 nisi
287 5240 374 5305 enim
414 5239 556 5322 reeipitis
599 5240 702 5304 sitam
747 5259 829 5322 quae
875 5238 964 5305 vobis
1008 5237 1153 5322 otientur,
1207 5247 1329 5303 temere
1356 5238 1537 5319 exeipiant,
1567 5239 1623 5304 sed
1653 5238 1797 5304 adhibito
1824 5236 1943 5302 iudioio
1977 5247 2010 5304 et
2039 5237 2176 5304 deleotu.

183 5324 388 5410 pereundum
414 5324 504 5392 vohis
527 5332 576 5390 est
597 5333 723 5407 sponte.
768 5325 859 5410 Ergo
882 5333 917 5389 tn
939 5323 1099 5389 Zedeehia
1122 5333 1154 5388 te
1206 5322 1268 5388 Eat
1290 5331 1398 5389 autem
1428 5323 1482 5389 hie
1510 5325 1600 5391 loona
1628 5335 1743 5391 notatu
1777 5322 1907 5407 dignus,
1940 5325 2017 5409 quia
2049 5345 2177 5408 semper

182 5412 379 5497 praecipitas
406 5411 441 5476 in
464 5419 634 5477 aeternum
664 5410 803 5477 exitium
836 5430 908 5478 eum
939 5407 1057 5494 populo
1088 5419 1153 5490 tuo,
1178 5423 1181 5461 ι
1207 5408 1354 5475 diabolus
1388 5407 1470 5474 ielso
1503 5412 1665 5493 praetexit
1687 5411 1751 5476 Dei
1785 5428 1922 5476 nomen:
1955 5419 1987 5476 et
2020 5409 2176 5494 quidquid
