5118 6136
178 453 240 518 621
879 447 926 511 IN
949 445 1199 516 luauulatt.
1245 446 1344 514 oaP.
1368 445 1481 512 XXX.
2103 453 2181 520 ’622

180 639 293 723 Quid?
328 659 388 724 ego
418 638 577 704 traiioiam
608 657 710 719 mare,
743 644 781 700 ut
809 634 877 700 illic
906 634 1039 700 vivam?
1073 634 1154 700 mihi
1207 636 1488 701 continuationem
1525 635 1651 720 gratiae
1686 655 1766 701 suae
1799 635 1853 702 hio
1886 639 2046 720 promittit
2079 641 2180 708 Dans.

178 726 282 793 satius
301 737 351 790 est
368 724 422 788 bie
437 723 581 790 tenuiter
600 722 721 800 vivere,
744 741 840 803 quam
858 720 926 786 illio
943 742 1014 787 esse
1032 741 1153 804 regem.
1207 719 1274 786 Sed
1298 742 1398 803 quum
1422 721 1483 786 hoo
1503 720 1637 786 ludaeis
1659 741 1723 786 non
1747 724 1930 806 eontigerit,
1952 725 2071 790 iterum
2095 727 2181 792 eolli-

180 813 270 895 Ergo
304 809 457 893 quoniam
492 807 666 875 difficultas
700 815 828 889 poterat
857 805 988 872 Iudaeis
1015 808 1153 883 obstare,
1206 807 1314 890 gimus
1348 827 1414 871 uon
1447 827 1540 888 posse
1573 808 1692 889 exponi
1725 808 1914 874 vaticinium
1951 811 2011 876 hoc
2046 811 2108 876 nisi
2140 813 2180 878 de

181 917 284 982 quum
308 895 460 961 viderent
482 917 516 960 sa
547 895 726 960 abstractos
756 912 827 958 esse
855 891 888 956 in
920 893 1154 958 remotissimas
1207 891 1333 958 Christi
1362 912 1472 975 regno.
1525 893 1569 956 Ει
1594 891 1715 957 Daniel
1745 895 1885 975 optimus
1916 896 1977 960 fuit
2006 897 2104 962 huius
2132 899 2179 963 rei

180 982 304 1069 plagas,
337 981 411 1046 ideo
440 979 532 1044 addit
560 978 717 1062 propheta
749 978 783 1042 id
816 998 882 1040 non
916 977 983 1042 iore
1017 977 1153 1059 impedi·
1206 977 1378 1059 interpres.
1438 975 1529 1043 Dicit
1568 980 1654 1043 enim
1698 979 1852 1060 populum
1896 981 1962 1046 iore
2001 981 2178 1048 obnoxium

179 1077 300 1144 mento,
323 1067 498 1149 quominus
521 1066 611 1130 Deus
633 1072 742 1130 servet
764 1063 921 1146 populum
945 1083 1050 1128 suum.
1085 1061 1155 1146 Epo
1207 1062 1319 1127 multis
1346 1063 1486 1130 miseriis
1507 1073 1541 1128 ιι
1562 1063 1802 1130 calamitatibus
1828 1076 1999 1148 postquam
2028 1089 2179 1135 reversus

181 1155 282 1238 igitur
310 1157 338 1218 te
365 1151 492 1218 servabo
518 1149 733 1233 elonqiaqtso:
761 1148 853 1230 quasi
883 1148 1006 1213 diceret
1035 1167 1153 1212 manus
1207 1148 1314 1225 luerit,
1343 1170 1404 1214 nee
1425 1149 1623 1232 sperandum
1652 1171 1732 1232 esse,
1762 1160 1799 1214 ut
1821 1151 1979 1233 templum
2009 1162 2043 1218 et
2065 1154 2178 1220 urbem

180 1240 244 1306 sibi
266 1258 338 1304 esse
359 1238 440 1302 satis
462 1236 585 1319 longas.
609 1244 645 1300 ut
667 1233 770 1317 possit
785 1255 841 1298 eas
856 1233 1034 1299 extendere
1051 1252 1155 1313 usque
1207 1234 1387 1311 aedificent,
1410 1235 1473 1300 nisi
1491 1235 1526 1299 in
1543 1235 1697 1299 maximis
1714 1237 1883 1317 angustiis.
1918 1236 2057 1319 Semper
2077 1240 2180 1322 igitur

180 1326 215 1388 in
238 1321 451 1402 Chaldaeum,
481 1319 612 1385 atinde
634 1340 688 1385 eos
710 1318 910 1384 abstrahere.
954 1320 1072 1384 Postea
1101 1318 1155 1382 ad·
1207 1321 1356 1384 exterriti
1379 1320 1514 1384 fuerunt
1535 1319 1658 1385 Iudaei.
1704 1318 1833 1386 Scimus
1855 1323 1952 1386 etiam
1978 1343 2077 1404 quum
2097 1337 2178 1389 tem·

181 1410 238 1486 dit,
262 1407 430 1474 Et-semea
450 1411 539 1472 mam
560 1427 576 1471 e
597 1410 680 1470 terra
700 1405 892 1487 captivitatis
920 1423 1044 1470 coram:
1075 1424 1154 1486 quo·
1207 1405 1297 1486 plum
1321 1405 1540 1484 aedificarent,
1565 1406 1708 1470 tenuisse
1731 1406 1863 1470 trullam
1888 1427 1953 1472 una
1974 1429 2083 1488 maan,
2108 1409 2179 1492 gla-

181 1497 268 1560 niam
297 1493 396 1577 longa
421 1504 491 1558 erat
521 1489 718 1573 exspectatio
745 1492 953 1574 septuaginta
982 1509 1155 1571 annorum,
1208 1490 1297 1555 dium
1321 1512 1398 1557 vero
1420 1490 1531 1556 altera.
1574 1491 1658 1555 Nam
1681 1489 1818 1556 subinde
1841 1493 2050 1575 patiebantur
2072 1495 2177 1560 incur·

180 1581 254 1645 ideo
277 1579 369 1645 Deus
391 1579 433 1643 ad
454 1597 567 1644 semen
594 1577 751 1641 transfert
780 1574 864 1658 quod
895 1575 1065 1658 promittit.
1110 1575 1155 1640 Et
1207 1575 1315 1642 aiones
1336 1575 1492 1641 hostium.
1537 1575 1646 1656 Quum
1674 1576 1776 1659 igitur
1797 1597 1927 1659 semper
1949 1579 2178 1661 inquietudine

181 1665 318 1730 minime
351 1663 485 1728 dubium
518 1671 567 1726 est
601 1663 680 1745 quin
711 1661 871 1744 propheta
899 1661 1071 1726 admoneat
1103 1660 1155 1724 lu·
1207 1663 1319 1726 vexati
1350 1663 1473 1728 luerint
1494 1661 1609 1726 Iudaei
1637 1681 1741 1742 usque
1771 1663 1811 1727 ad
1834 1663 1957 1729 Christi
1987 1666 2176 1733 adventum.

181 1749 286 1824 dacos,
316 1751 478 1831 patienter
505 1746 760 1828 exspectandum
791 1767 862 1812 esse
892 1761 1020 1829 tempus
1042 1766 1060 1808 a
1082 1745 1154 1811 Dec
1207 1749 1297 1831 Ergo
1328 1747 1520 1813 beneficium
1551 1746 1677 1829 dequo
1701 1747 1753 1812 hio
1782 1750 1979 1814 vaticinatur
2009 1751 2176 1833 propheta,

180 1834 384 1918 praefixum,
426 1833 508 1899 siout
540 1833 726 1908 Abraham,
767 1843 802 1896 et
833 1831 943 1911 Isaac,
981 1841 1014 1896 ιι
1047 1831 1153 1904 Iacob.
1207 1833 1371 1916 peculiare
1393 1840 1443 1900 est
1466 1853 1566 1916 regno
1586 1833 1721 1898 Christi.
1755 1831 1852 1898 Nunc
1873 1835 2024 1916 quoniam
2048 1857 2089 1900 ex
2113 1857 2178 1918 quo

180 1921 332 2004 quamvis
361 1921 483 1988 seirent
511 1940 545 1984 se
572 1921 641 1984 lore
668 1917 847 2000 inquilinos
874 1919 909 1983 in
939 1926 1027 1983 terra
1057 1936 1153 1998 quam
1208 1918 1362 1985 Christus
1379 1918 1545 1984 exhibitus
1562 1917 1770 1997 fuitmundo,
1787 1917 2064 1985 videmusorbem
2081 1922 2180 1988 fuisse

179 2005 273 2069 Deus
295 2005 361 2071 illis
383 2005 586 2088 promiserat,
616 2015 724 2069 tamen
753 2004 825 2068 ideo
852 2024 920 2068 non
947 2011 1154 2084 spreverant,
1180 2015 1183 2152 q
1207 2006 1368 2088 agitatum
1398 2003 1510 2069 multis
1538 2004 1706 2085 procellis,
1740 2007 1804 2068 imo
1836 2006 1945 2070 omnia
1978 2005 2045 2070 iere
2079 2006 2180 2073 luisse

180 2091 232 2155 vel
267 2111 327 2174 pro
359 2090 462 2156 nihilo
502 2090 669 2156 duxerunt
702 2089 896 2155 beneficium
930 2088 1022 2153 illud.
1072 2090 1155 2153 Am·
1207 2091 1353 2156 confusa:
1376 2090 1523 2172 sequitur
1541 2109 1605 2154 nou
1626 2108 1718 2171 posse
1736 2088 1821 2154 hano
1841 2092 2036 2156 seutentiam
2059 2093 2180 2176 exponi

179 2175 297 2259 plexus
329 2187 379 2242 est
410 2174 578 2240 Abraham
611 2184 701 2240 certa
729 2175 792 2239 tide
820 2174 905 2256 quod
934 2171 1085 2240 audierat
1113 2193 1154 2236 ex
1208 2175 1247 2242 de
1277 2185 1413 2241 externo
1441 2176 1564 2256 quiete,
1595 2175 1647 2240 vel
1679 2177 1852 2240 securitate
1886 2183 2026 2241 terrena.
2072 2178 2179 2242 Debet

179 2282 235 2326 ore
257 2261 331 2339 Dei,
353 2261 449 2327 Dabo
473 2261 531 2326 tibi
563 2270 683 2326 terram
714 2261 815 2324 hauc:
845 2269 878 2324 et
901 2269 1011 2324 tamen
1034 2259 1155 2324 sciebat
1207 2262 1308 2346 igitur
1329 2260 1565 2326 accommodari
1584 2259 1625 2324 ad
1644 2271 1795 2324 naturam
1814 2261 1908 2343 regni
1926 2263 2037 2344 ipsius,
2068 2261 2178 2343 Quum

179 2369 215 2414 se
236 2348 306 2412 iore
336 2347 404 2412 illio
432 2346 644 2430 peregrinum
675 2351 708 2412 et
737 2344 915 2429 hospitem:
949 2344 1060 2409 eadem
1093 2343 1154 2406 fuit
1207 2367 1285 2431 ergo
1317 2344 1486 2428 spirituale
1519 2347 1562 2410 sit
1595 2346 1721 2412 Christi
1753 2367 1907 2430 regnum,
1944 2349 2093 2429 sequitur
2125 2350 2179 2413 hie

178 2433 342 2516 patientia
379 2433 413 2497 in
453 2433 524 2498 eius
563 2432 649 2497 tiliis.
712 2431 785 2496 Into
823 2430 1009 2495 admonitus
1048 2429 1155 2494 luerat
1207 2433 1353 2517 promitti
1388 2443 1507 2498 statum
1542 2431 1755 2513 tranquillum
1789 2445 1820 2496 et
1851 2435 2012 2514 quietum,
2047 2455 2112 2499 non
2144 2444 2180 2498 ut

180 2518 350 2584 Abraham
385 2518 425 2584 de
458 2516 650 2600 longissima
682 2536 788 2596 mora,
821 2536 922 2598 quam
954 2515 1047 2580 Deus
1080 2535 1153 2597 pro·
1206 2519 1290 2583 nulli
1319 2519 1386 2584 siut
1415 2515 1527 2582 hostes
1556 2518 1611 2599 qni
1635 2537 1695 2582 nos
1724 2517 1891 2593 infestent,
1921 2517 1975 2582 vel
1998 2519 2090 2584 uobis
2112 2520 2180 2583 sint

179 2603 366 2670 nuntiasset
387 2624 497 2668 semen
522 2603 591 2668 eius
614 2603 683 2668 iore
710 2603 878 2685 captivum
907 2600 1072 2682 usquead
1096 2619 1154 2664 an·
1206 2603 1349 2668 molesti:
1381 2600 1438 2668 sed
1461 2602 1537 2684 qaia
1566 2603 1709 2668 maxime
1731 2623 1770 2667 ea
1791 2605 1899 2684 quiete
1925 2603 2070 2668 fruemur
2093 2603 2179 2686 apud

178 2710 241 2756 nos
257 2689 524 2772 quadringentos.
562 2689 653 2772 Ergo
671 2687 724 2754 hic
746 2689 896 2752 hortatur
917 2688 1077 2769 propheta
1098 2705 1153 2768 po·
1207 2689 1326 2769 Deum,
1352 2697 1385 2754 ιι
1406 2689 1475 2752 vita
1496 2689 1594 2752 etiam
1619 2697 1730 2752 nostra
1752 2689 1785 2750 in
1811 2699 1881 2752 tuto
1904 2690 1976 2766 erit,
2006 2690 2083 2770 quia
2106 2711 2177 2771 pro·

177 2775 293 2859 pulum
316 2775 434 2840 aetatis
456 2794 544 2856 suae,
573 2787 609 2837 ιιι
632 2775 714 2839 bene
736 2784 844 2855 speret
873 2773 1022 2855 exemplo
1051 2772 1153 2854 patris
1207 2784 1338 2858 tegetur
1365 2795 1466 2838 manu
1495 2784 1529 2838 et
1555 2773 1717 2858 praesidio
1739 2771 1812 2837 Dei.
1856 2772 2048 2855 Spiritualis
2078 2775 2180 2858 igitur

179 2863 241 2946 sui,
271 2881 376 2944 neque
407 2859 479 2924 ideo
502 2859 682 2943 vilipendat
708 2858 772 2924 Dei
802 2858 951 2942 gratiam,
982 2857 1060 2939 quia
1088 2877 1152 2921 non
1207 2860 1430 2941 tranquillitas
1452 2858 1506 2924 hic
1528 2858 1667 2940 intelligi
1690 2858 1795 2939 debet,
1826 2859 1917 2922 cuius
1941 2860 2081 2925 tractum
2106 2880 2178 2941 per·

179 2950 291 3012 statim
314 2952 471 3028 appareat
492 2945 636 3012 effectus.
681 2944 850 3010 Abrabam
874 2945 960 3008 enim
983 2963 1047 3008 non
1070 2943 1151 3023 poti·
1206 2946 1331 3027 cipiunt
1353 2943 1466 3011 fideles
1488 2945 1524 3008 in
1547 2943 1616 3008 suis
1639 2943 1855 3021 conscientiis,
1878 2945 2027 3024 quamvis
2049 2965 2179 3026 semper

179 3039 232 3099 tus
265 3043 315 3096 est
344 3040 434 3096 terra
466 3029 621 3113 quamdiu
652 3029 754 3094 vixit:
788 3041 821 3093 et
854 3042 964 3094 tamen
998 3026 1154 3110 praetulit
1206 3031 1349 3096 mundus
1393 3033 1480 3112 ipsos
1524 3038 1711 3112 oppugnet:
1761 3028 2035 3110 quamadmodum
2080 3031 2178 3095 etiam

179 3137 253 3182 eam
282 3118 408 3199 patriae
434 3138 529 3182 suae:
559 3116 645 3184 idem
675 3116 751 3180 tecit
779 3116 889 3180 Isaac:
918 3123 1075 3194 sequutus
1104 3119 1154 3176 est
1204 3116 1358 3181 Christus
1381 3115 1468 3194 dicit,
1511 3115 1630 3180 Pacem
1654 3135 1759 3180 meam
1783 3114 1824 3178 do
1846 3113 1938 3180 vobis
1961 3137 2026 3180 non
2049 3115 2178 3196 qualem

179 3203 364 3286 exemplam
387 3214 518 3283 patrum
541 3221 676 3266 suorum
695 3199 801 3266 Iacob.
835 3199 927 3264 Haeo
948 3199 1047 3282 igitur
1068 3197 1152 3261 ratio
1204 3201 1347 3266 mundus
1369 3200 1443 3265 dat:
1474 3199 1602 3277 deinde,
1631 3201 1665 3265 in
1689 3199 1811 3264 mundo
1833 3199 2036 3265 sustinebitis
2057 3200 2180 3268 multas
2227 3205 2229 3208 ’

177 3300 228 3355 ιιι
249 3310 308 3355 our
331 3288 491 3370 propheta
509 3298 741 3351 commemoret
758 3305 887 3350 semen:
910 3284 1003 3366 quasi
1021 3281 1152 3361 diceret,
1203 3287 1385 3352 molestias:
1420 3285 1475 3351 sed
1509 3286 1678 3366 confidite,
1711 3305 1773 3369 ego
1801 3285 1866 3350 vici
1898 3285 2066 3351 mundam.
2118 3285 2179 3352 Se·

178 3373 290 3440 Etiam
312 3374 343 3438 si
365 3372 407 3438 ad
431 3393 488 3438 vos
511 3391 576 3436 non
600 3374 771 3454 perveniat
799 3371 933 3436 effectus
962 3368 1153 3449 redemptio-
1203 3374 1323 3454 quitur,

178 3461 240 3537 nis,
274 3458 365 3524 Deus
400 3469 510 3523 tamen
543 3479 607 3522 non
640 3455 731 3522 fallet
763 3476 854 3539 spem
888 3462 1042 3530 vestrum,
1076 3453 1152 3536 quia

177 3544 300 3628 posteri
334 3544 436 3608 vestri
470 3543 613 3608 sentient
645 3545 752 3625 ipsum
783 3542 880 3606 luisse
911 3561 1068 3605 veracem.
1114 3537 1152 3604 Si
1291 3544 1341 3607 11.
1374 3542 1530 3624 Qaasium
1551 3561 1606 3624 epo
1627 3546 1740 3622 ιιιιιιιι,
1769 3540 1846 3606 dicit
1869 3539 2018 3620 lebussi,
2046 3542 2089 3606 ud
2110 3561 2178 3608 aar·

178 3631 250 3712 quis
269 3637 347 3694 tunc
368 3628 557 3713 excepisset,
581 3626 669 3708 Quid
687 3626 748 3692 hoo
765 3625 804 3691 ad
825 3625 900 3691 me?
924 3635 994 3691 erat
1012 3624 1153 3691 absurda
1203 3627 1341 3694 vendam
1371 3633 1415 3693 te:
1447 3645 1523 3692 aum
1552 3627 1671 3710 faciam
1703 3627 1962 3706 coemptionem
1994 3627 2031 3689 ιιι
2060 3629 2178 3693 caudis

177 3715 325 3781 obiectio.
371 3713 441 3781 Cur
463 3714 550 3778 enim
581 3713 743 3796 pollicitus
772 3711 879 3777 iuerat
902 3712 992 3778 Deus
1014 3711 1152 3795 posteris
1202 3713 1361 3797 pentibus,
1395 3714 1436 3778 ud
1464 3732 1545 3794 qaue
1574 3713 1754 3794 dispergam
1784 3716 1812 3776 te
1840 3711 1932 3776 illac:
1963 3711 2051 3792 atqssi
2080 3717 2178 3777 tectim

177 3801 322 3866 reditum
344 3801 379 3865 in
402 3798 566 3882 patriam?
594 3820 700 3865 nonne
730 3803 767 3862 ιιι
789 3797 849 3863 boo
872 3799 967 3864 modo
996 3805 1151 3862 testatum
1204 3818 1264 3863 noa
1284 3798 1403 3881 focium
1424 3799 1693 3879 coemptiones,
1714 3803 1743 3862 et
1764 3795 1920 3878 castigabo
1943 3800 1971 3859 te
1992 3797 2029 3866 ia
2049 3797 2177 3880 iudicio,

177 3888 299 3952 laceret
338 3906 483 3950 amorem
524 3905 620 3949 suum
663 3903 741 3966 erga
779 3882 889 3966 ipsos?
928 3882 1015 3948 unde
1054 3883 1150 3946 etiam
1204 3883 1434 3949 amandando
1461 3904 1524 3948 aaa
1551 3884 1706 3948 mandabo
1730 3886 1758 3946 te
1790 3880 1975 3966 (purgando
2004 3902 2069 3947 non
2100 3903 2177 3965 pur·

177 3972 314 4038 libertas
342 3969 422 4038 illa?
453 3980 487 4036 et
513 3970 601 4036 unde
627 3977 785 4053 paternus
814 3989 905 4034 amor
928 3968 989 4032 Dei
1019 3967 1083 4031 uisi
1111 3988 1151 4032 ex
1204 3971 1288 4052 gabo
1311 3975 1353 4049 te,
1383 3970 1434 4035 vel
1457 3969 1654 4034 succidendo
1677 3989 1743 4032 non
1766 3967 1932 4033 succidam
1955 3977 2003 4030 te:
2034 3968 2178 4033 dicemus

177 4055 328 4123 foedere?
368 4056 528 4122 Videmus
557 4077 635 4142 ergo
664 4055 802 4121 salutem
825 4065 954 4136 patrum
979 4051 1081 4116 luisse
1102 4053 1151 4114 in·
1205 4065 1320 4136 postea
1341 4055 1382 4120 de
1404 4054 1524 4139 verbo).

178 4142 303 4208 clusam
324 4143 358 4207 in
381 4143 442 4208 hoc
470 4141 637 4218 beneficio,
664 4161 727 4225 quo
758 4139 850 4221 potiti
873 4147 952 4203 sunt
980 4136 1039 4200 filii
1069 4137 1153 4218 ipso·

176 4249 261 4294 rum.
304 4229 354 4294 Ao
376 4227 512 4311 proinde
534 4227 664 4293 tametsi
688 4227 798 4291 fruitio
820 4225 890 4306 ipsa
916 4222 1037 4288 visibili
1058 4223 1153 4287 modo
1292 4225 1427 4308 Repetit
1449 4225 1522 4290 aliis
1544 4223 1654 4290 verbis
1677 4221 1851 4304 quodiam
1874 4220 2034 4287 diximus:
2061 4221 2118 4285 sed
2141 4229 2178 4286 ut

179 4334 244 4379 non
269 4315 330 4378 luit
354 4334 453 4396 penes
479 4323 599 4397 patres,
630 4325 738 4378 tamen
766 4323 893 4393 partem
923 4311 1048 4372 fructus
1076 4308 1153 4374 inde
1207 4311 1351 4394 trepidos
1373 4321 1407 4376 ιι
1425 4310 1616 4384 vacillantes
1638 4311 1765 4374 animos
1787 4307 1906 4372 melius
1930 4307 2052 4372 fulciat.
2086 4305 2179 4371 Deus

177 4400 344 4482 percipere
368 4409 528 4482 poterant,
550 4398 625 4480 quia
647 4395 876 4464 hoceratillis
892 4395 1152 4474 certum,Deum
1206 4418 1284 4479 ergo
1314 4397 1477 4478 promittit
1505 4416 1539 4459 se
1566 4397 1635 4460 tore
1665 4405 1867 4476 praesentem
1896 4393 2014 4475 populo
2043 4413 2111 4473 suo,
2141 4397 2180 4455 ut

178 4487 212 4550 in
237 4485 307 4566 ipsa
337 4494 442 4548 morte
471 4483 540 4548 fore
570 4483 679 4565 populi
707 4482 758 4548 sui
786 4482 1005 4548 liberatorem.
1050 4479 1153 4544 Addit
1207 4503 1280 4546 eum
1302 4492 1421 4552 servet.
1459 4481 1624 4563 Quoniam
1648 4493 1756 4544 autem
1780 4479 1841 4544 hoc
1864 4492 1934 4544 erat
1956 4477 2088 4544 difficile
2110 4498 2178 4542 ere-

178 4570 266 4653 quod
299 4589 463 4636 summum
497 4573 548 4634 est
577 4570 611 4632 in
646 4567 740 4633 beata
769 4569 853 4644 vita,
883 4587 1001 4648 nempe
1029 4567 1154 4648 quietos
1207 4567 1288 4646 ditu,
1317 4567 1433 4632 deinde
1460 4569 1488 4634 si
1510 4567 1622 4630 intuiti
1651 4577 1761 4630 essent
1783 4567 1944 4630 duntaxat
1972 4573 2178 4647 praesentem

178 4655 247 4720 lore
265 4663 299 4720 et
316 4654 520 4740 tranquillos,
543 4663 580 4718 ut
598 4673 693 4718 nemo
712 4662 887 4718 exterreat.
920 4651 1007 4716 Nam
1029 4652 1154 4716 reditus
1207 4663 1329 4717 statum
1349 4652 1471 4726 ludaei,
1496 4661 1645 4734 poterant
1667 4670 1800 4732 prorsus
1822 4649 1978 4716 delicere:
2000 4650 2072 4714 ideo
2094 4667 2178 4714 eom-

177 4741 212 4804 in
236 4739 373 4823 patriam
397 4741 512 4806 fuisset
534 4760 600 4803 non
623 4739 736 4821 magui
767 4737 939 4814 momenti,
969 4737 1032 4801 nisi
1063 4747 1153 4800 tran·
1209 4741 1408 4820 parationem
1431 4737 1577 4820 adiungit
1606 4735 1766 4817 propheta
1788 4736 1875 4799 inter
1896 4755 1950 4800 eos
1972 4747 2005 4800 et
2026 4734 2178 4815 profanas

178 4824 282 4909 quilla
310 4826 424 4892 luisset
453 4826 524 4892 eius
547 4823 716 4908 possessio.
762 4823 939 4906 Postquam
970 4842 1049 4904 ergo
1072 4822 1155 4885 dixit
1207 4833 1331 4906 gentes.
1376 4824 1460 4889 Nam
1484 4823 1693 4905 septuaginta
1720 4820 1814 4885 annis
1840 4821 1999 4885 florebant
2021 4819 2180 4884 Chaldaei

177 4910 337 4996 propheta
354 4910 465 4975 Deum
488 4915 663 4976 venturum
688 4909 721 4971 in
745 4909 884 4973 salutem
907 4908 1016 4989 populi
1040 4907 1100 4985 sui,
1121 4915 1156 4970 et
1209 4920 1241 4972 et
1263 4910 1394 4993 Assyrii
1416 4910 1505 4976 omni
1528 4907 1704 4990 opulentia,
1728 4905 1855 4985 delitiis,
1883 4906 2014 4979 honore,
2038 4903 2178 4987 denique

177 4998 392 5081 longinquam
412 4995 602 5062 distantiam
620 5015 685 5058 non
702 4993 770 5058 iore
786 4993 961 5074 obstaculo,
980 4992 1155 5074 quominus
1209 4993 1291 5058 nihil
1325 4995 1391 5060 illis
1423 4996 1536 5060 deerat
1567 4993 1606 5058 ad
1642 4992 1830 5058 felicitatem
1863 4999 2038 5054 terrenam.
2090 4989 2179 5069 Quid

201 5092 323 5148 raestet
345 5101 383 5146 ac
404 5081 568 5162 compleat
590 5079 674 5163 quod
699 5079 857 5162 promisit,
886 5098 974 5142 nuno
1004 5077 1156 5160 adiungit
1209 5100 1287 5163 ergo
1309 5093 1460 5162 poterant
1482 5092 1632 5162 reputare
1653 5078 1740 5161 apud
1763 5099 1798 5142 se
1820 5075 1947 5154 ludaei,
1976 5076 2041 5140 nisi
2070 5076 2179 5140 felices

177 5105 373 5234 beneficium
398 5166 459 5232 hoe
482 5167 551 5230 lore
574 5165 700 5242 stabile,
723 5163 904 5248 quiaDeas
926 5184 991 5228 non
1014 5165 1156 5246 amplius
1210 5185 1280 5229 esse
1302 5167 1485 5232 incredulos
1507 5177 1540 5230 et
1565 5165 1624 5229 Dei
1647 5163 1767 5241 hostes,
1797 5183 1906 5226 secum
1930 5173 2040 5226 autem
2062 5163 2180 5226 misere

177 5255 347 5336 permittet
376 5261 413 5318 ut
442 5250 543 5316 alieni
573 5252 737 5318 abducant
764 5248 906 5316 Iudaeos
933 5249 968 5312 in
990 5250 1155 5334 exsilium,
1210 5252 1272 5334 agi,
1295 5254 1447 5334 quoniam
1468 5264 1695 5334 premerentur
1713 5249 1794 5314 dura
1813 5247 1868 5311 illa
1885 5249 2050 5325 servitute,
2072 5246 2180 5311 obruti

178 5339 230 5406 vel
262 5339 435 5424 tyrannice
464 5335 529 5403 illis
560 5335 780 5412 dominentur,
810 5346 846 5399 ut
868 5336 1020 5400 fecerant.
1066 5336 1156 5420 Ergo
1210 5337 1323 5402 multis
1351 5335 1582 5405 contumeliis?
1617 5336 1735 5400 deinde
1757 5334 1945 5400 victitarent
1966 5332 2118 5413 tenuiter,
2146 5339 2181 5396 et
