5134 6124
206 435 270 502 333
923 438 971 503 333
994 438 1244 508 manuus.
1289 439 1390 508 333.
1412 440 1491 508 nu.
1828 417 1829 422 ‘
2150 455 2217 520 333

291 627 345 692 Ex
369 628 431 693 boo
453 627 518 693 Dei
539 647 697 712 responso
720 628 836 693 melius
859 626 1024 712 colligitur
1042 629 1181 712 propbe-
1233 649 1339 696 eoram
1359 649 1417 695 333.
1461 628 1533 694 Iam
1556 630 1715 714 sequitur,
1739 631 1777 698 81
1797 634 1982 704 discreveris
1997 642 2212 724 3333133333

206 715 261 778 333
283 713 466 790 consilium,
488 713 596 780 331313
618 717 705 780 euim
729 713 869 790 Iudaeis,
893 722 931 778 ut
953 715 1070 781 melius
1092 717 1182 798 ipsos
1233 715 1305 794 oili,
1338 716 1403 781 eris
1434 717 1529 798 quast
1561 737 1595 783 os
1625 737 1738 784 mcum.
1794 720 1960 804 Exprimit
1998 746 2087 792 nunc
2122 729 2214 796 Deus

207 807 334 900 teneret
358 801 545 900 Ι3333313333,
582 802 673 884 quasi
707 802 768 866 sub
800 798 902 866 oculis
935 821 1056 884 ponere
1087 822 1181 902 suam
1234 819 1333 884 quam
1366 806 1508 884 speciem
1543 804 1766 871 conversionis
1797 807 1909 890 exigat
1949 830 1969 875 3
2010 831 2104 879 33333
2144 834 2213 896 333,

205 885 1183 1056 1113ν33131113313338331131ῗ11133031113138333883133331333013331
1233 908 1275 1040 dte
1276 899 1419 1038 ι13331131
1433 886 1856 1058 333333033331οΓ3331333
1858 894 1935 1057 (133111
1956 907 2067 1048 331313Β
2068 909 2214 1052 ι3111331333

206 1057 316 1140 aliquo
339 1056 483 1124 humano
505 1057 633 1138 affeetu,
660 1065 812 1142 poterant
835 1058 941 1124 ridere
964 1059 1057 1142 quasi
1080 1061 1182 1142 stupi-
1234 1058 1377 1124 mundus
1399 1072 1568 1143 repugnet.
1613 1061 1754 1145 Oblique
1776 1064 1877 1148 igitur
1902 1069 2098 1152 perstringit
2121 1072 2213 1138 Deus

208 1143 285 1209 3333
310 1143 361 1210 331
382 1145 575 1210 freneticum
600 1145 775 1210 hominem.
821 1144 884 1221 He,
909 1146 1090 1228 31333333
1113 1165 1181 1223 nos,
1233 1146 1326 1211 illum
1351 1145 1502 1210 timorem
1526 1145 1703 1225 Ieremias,
1735 1168 1799 1232 quo
1821 1151 1869 1216 313
1891 1153 1997 1218 133333
2024 1176 2211 1238 concussus,

206 1250 313 1312 noque
335 1235 441 1295 totum
464 1230 576 1296 orbam
599 1243 701 1310 curat,
724 1231 876 1313 quoniam
899 1231 1044 1315 agitatur
1065 1231 1182 1314 spiritu
1236 1240 1271 1298 ut
1292 1231 1474 1314 ambigeret
1495 1230 1573 1314 quid
1596 1234 1658 1298 sibi
1681 1244 1766 1300 esset
1793 1237 1966 1318 agendum.
2012 1241 2104 1308 Deus
2133 1263 2212 1327 3333

206 1317 363 1382 fanatico:
397 1316 670 1399 quemadmodum
705 1316 852 1382 ridemus
881 1315 1037 1400 superbos
1067 1315 1182 1380 mundi
1234 1317 1427 1402 prophetam
1449 1337 1546 1382 suum
1574 1319 1741 1402 obiurgat,
1776 1330 1810 1386 et
1841 1321 1985 1388 ostendit
2016 1347 2082 1392 non
2118 1349 2212 1410 posse

207 1403 254 1466 ita
275 1410 308 1467 et
337 1401 426 1486 loqui
457 1414 489 1466 et
519 1403 642 1468 sentire
671 1402 711 1468 de
739 1400 889 1467 fidelibus
913 1401 1037 1468 Ohristi
1066 1402 1181 1467 333313.
1234 1404 1328 1468 aliter
1350 1412 1449 1486 stare,
1471 1423 1565 1484 quam
1586 1404 1617 1468 31
1638 1405 1795 1472 ammas
1810 1410 1984 1489 3333133333
2006 1433 2028 1477 3
2048 1413 2118 1479 otti.
2158 1414 2211 1479 Ita

205 1487 338 1554 Vocant
359 1487 445 1553 enim
467 1488 737 1568 melancholicos,
769 1497 887 1554 333333
910 1488 1058 1554 homines
1080 1489 1182 1571 stupi·
1234 1489 1420 1556 excluditur
1441 1491 1550 1554 omnis
1573 1488 1725 1556 33313313.
1770 1492 1872 1558 Vetat
1899 1495 2001 1579 igitur
2022 1496 2117 1563 Deus
2139 1519 2213 1582 pro·

206 1573 280 1652 dos,
315 1573 471 1656 quoniam
499 1594 606 1657 neque
634 1583 772 1639 mortem
801 1573 973 1652 horreant,
1008 1594 1113 1657 33333
1137 1585 1182 1638 te·
1234 1577 1367 1660 phetam
1390 1595 1487 1640 suum
1510 1573 1628 1641 blande
1650 1595 1748 1660 agera
1770 1598 1845 1644 cum
1863 1583 1992 1664 populo,
2016 1583 2211 1651 3313333331

206 1667 349 1725 neantur
371 1661 456 1725 vitae
477 1658 654 1726 illecebris:
678 1669 795 1744 putant
816 1659 880 1728 hoc
901 1659 991 1725 33331
1014 1659 1123 1743 333133
1141 1681 1182 1725 ex
1234 1661 1303 1726 nlla
1325 1661 1440 1745 gratia,
1464 1670 1503 1725 ut
1524 1661 1614 1727 vitiis
1635 1662 1815 1748 indulgeat,
1845 1687 1887 1730 33
1908 1666 1993 1749 3333
2016 1681 2138 1735 rectum
2161 1681 2210 1737 333

205 1745 302 1810 133333
324 1743 466 1829 quadam
493 1746 650 1812 barbarie.
695 1745 732 1812 81
763 1767 840 1830 3333
869 1745 1029 1828 propheta
1057 1745 1182 1828 simpli·
1233 1755 1364 1812 tueatur
1385 1767 1449 1829 qua
1471 1745 1564 1814 33333
1583 1749 1684 1812 animi
1704 1750 1906 1817 fortitudine.
1949 1753 2013 1818 Η13
2034 1775 2113 1839 3333
2135 1777 2211 1824 333-

206 1831 288 1897 31333
309 1832 430 1915 egisset
452 1842 561 1915 partes
582 1831 665 1912 illas,
693 1839 846 1915 33333333
866 1832 959 1915 impii
982 1831 1088 1897 ridere
1110 1833 1182 1897 eius
1233 1835 1283 1900 bia
1305 1833 1451 1899 breviter
1472 1834 1758 1916 comprehenditur
1775 1837 1918 1902 officium
1934 1838 2003 1904 3331
2019 1842 2208 1925 3333133333,

206 1918 432 1984 securitatem:
461 1916 517 1984 sed
541 1917 643 1985 voluit
662 1937 846 2002 proponere
867 1918 902 1983 13
925 1916 1068 1983 medium
1092 1918 1181 1982 13113-
1234 1939 1352 2000 nempe
1372 1930 1410 1983 ut
1432 1919 1542 1985 oculos
1564 1930 1693 1985 avertat
1717 1922 1757 1987 ab
1787 1923 1988 2005 bominibus,
2022 1945 2088 1990 non
2119 1941 2213 1994 ouret

205 2003 353 2068 mitatem
376 2023 484 2082 suam,
513 2013 548 2069 et
576 2025 653 2070 suos
682 2004 825 2082 dolores,
856 2024 933 2069 suos
955 2013 1077 2085 metus,
1104 2024 1182 2070 3333
1234 2005 1286 2071 331
1309 2006 1453 2070 savorem
1478 2004 1531 2070 331
1552 2005 1680 2071 odium:
1714 2006 1772 2072 333
1795 2021 1923 2074 tantum
1954 2008 2085 2078 defixus
2110 2014 2212 2080 sitin

205 2091 406 2170 anxietates,
434 2091 480 2154 ita
502 2100 540 2156 33
561 2089 738 2156 adduceret
759 2088 899 2156 Iudaeos
922 2091 956 2155 in
986 2111 1056 2154 rem
1086 2110 1181 2172 proe-
1233 2093 1304 2174 1333
1326 2092 1482 2156 veritate:
1515 2090 1602 2174 quod
1626 2099 1748 2157 rectum
1772 2107 1910 2159 estnon
1933 2106 2063 2163 3333333
2085 2100 2211 2181 probet,

205 2187 341 2241 sentem.
386 2176 492 2241 Debet
513 2177 614 2260 igitur
636 2177 792 2259 coniungi
816 2176 877 2242 hoc
898 2175 964 2242 Dei
987 2196 1179 2259 responsum
1232 2177 1289 2244 sed
1312 2178 1411 2243 stiam
1434 2177 1588 2242 33133333
1607 2179 1694 2244 31333
1715 2199 1794 2244 3333
1815 2182 1972 2266 periculo,
2003 2183 2120 2249 331333
2143 2205 2211 2250 333

205 2281 280 2327 cum
304 2260 486 2345 prophetae
509 2263 727 2344 querimonia:
762 2261 893 2327 atinde
922 2262 1030 2345 3311131
1053 2281 1182 2327 summa
1233 2263 1382 2347 ignoscat
1404 2264 1501 2342 vitiis,
1525 2263 1582 2329 sed
1605 2263 1704 2329 libere
1726 2285 1765 2330 33
1780 2277 1945 2350 coarguat.
1981 2267 2077 2349 Quod
2099 2281 2210 2336 autem

205 2349 252 2412 rei
276 2349 387 2414 totius.
431 2349 470 2414 In
493 2348 581 2414 13333
603 2349 692 2413 enim
722 2348 855 2413 modum
882 2351 1057 2432 respondet
1081 2348 1180 2424 Deus,
1232 2350 1371 2423 subiicit,
1394 2351 1459 2415 eris
1480 2351 1574 2430 quasi
1595 2367 1629 2414 cs
1650 2371 1761 2428 mcum,
1790 2352 1923 2435 quidam
1948 2354 2212 2439 interpretantur

206 2431 245 2498 ss·
261 2453 426 2500 3333333333
440 2435 552 2518 imis,
575 2455 628 2519 ego
644 2439 819 2500 3333333333
835 2440 872 2514 tc,
890 2434 1008 2517 inquit,
1027 2439 1062 2498 ut
1075 2453 1181 2499 333333
1233 2437 1324 2519 33331
1347 2436 1470 2500 dictum
1493 2445 1588 2516 esset,
1611 2435 1685 2500 Tibi
1704 2439 1835 2503 3333133
1851 2438 2009 2522 33133313
2026 2461 2098 2507 sum
2115 2442 2211 2526 polli-

204 2537 253 2584 me
279 2525 356 2585 stes:
392 2521 528 2603 perinde
561 2535 610 2586 est
643 2539 681 2586 33
713 2521 742 2584 31
774 2520 895 2586 diceret
928 2539 964 2586 se
996 2530 1181 2602 correptum
1232 2524 1333 2600 citus,
1368 2521 1419 2586 331
1443 2521 1615 2606 promissio
1638 2542 1710 2588 mea
1733 2531 1765 2587 te
1788 2544 1851 2588 non
1876 2523 2097 2592 frustrabitur.
2144 2525 2211 2593 Sed

204 2604 306 2672 fuisse
328 2626 347 2671 a
369 2604 531 2680 Domino,
561 2606 645 2690 quod
668 2608 884 2672 fluctuaretur
905 2606 992 2672 inter
1014 2605 1088 2671 illos
1110 2625 1179 2670 mo·
1232 2606 1313 2673 illud
1345 2607 1477 2672 videtur
1505 2617 1676 2673 remotum.
1724 2608 1926 2693 Simpliciter
1955 2611 2057 2695 igitur
2087 2613 2211 2696 accipio

204 2697 260 2758 333
290 2691 414 2775 populi,
448 2692 721 2777 quamadmodum
755 2693 874 2758 similis
906 2692 975 2758 1333
1006 2692 1096 2758 locus
1130 2697 1182 2757 333
1205 2689 1208 2772 Ι
1233 2694 1325 2776 quasi
1348 2693 1470 2758 dictum
1494 2703 1589 2772 33333,
1613 2693 1684 2778 Ego
1706 2705 1738 2758 te
1756 2714 1929 2778 agnoscam
1949 2717 2064 2763 varum
2082 2708 2116 2762 33
2134 2696 2213 2764 1133-

204 2776 311 2843 133133
343 2781 449 2860 333133
481 2790 597 2845 333333
629 2777 749 2864 (3.12.
780 2778 842 2865 16).
897 2777 983 2843 Nam
1015 2776 1181 2843 Dominus
1232 2779 1463 2856 13333333333,
1493 2780 1670 2844 sitantum
1694 2779 1860 2846 discernas
1891 2783 1978 2863 quod
2008 2785 2130 2848 iustum
2161 2796 2212 2848 333

203 2863 271 2930 11113
295 2865 487 2948 prophetam
510 2865 662 2930 bortatur
685 2873 721 2929 ut
742 2885 777 2930 33
806 2886 827 2929 3
854 2863 974 2947 populo
1003 2862 1181 2947 disiungat,
1234 2864 1275 2930 ab
1296 2866 1425 2949 iniquo:
1455 2865 1482 2929 si
1506 2885 1565 2947 pro
1588 2865 1725 2930 veritate
1745 2877 1936 2933 constanter
1957 2889 2100 2952 pugnes,
2130 2869 2211 2934 31313

204 2969 310 3033 neque
331 2951 495 3035 conspiret
515 2971 589 3017 cum
613 2950 686 3029 11113,
709 2950 766 3034 331
788 2950 882 3017 133113
903 2947 1040 3016 subinde
1056 2949 1181 3016 turbari
1233 2961 1342 3016 autem
1365 2950 1467 3015 libere
1489 2961 1523 3014 et
1544 2969 1702 3034 coarguas
1730 2961 1763 3015 et
1792 2951 1937 3018 damnes.
1983 2953 2124 3020 8333333
2150 2963 2212 3035 333,

203 3042 363 3118 poterant,
387 3037 465 3119 qnia
487 3058 552 3103 non
575 3036 762 3102 residebant
776 3037 811 3101 in
826 3038 897 3102 eius
912 3036 1029 3102 verbo:
1054 3034 1180 3113 deinde,
1234 3057 1288 3102 eos
1321 3036 1452 3101 demum
1485 3036 1610 3102 3333331
1647 3055 1756 3102 coram
1791 3038 1862 3103 Deo
1902 3038 2015 3106 fideles
2055 3039 2211 3105 ecelesiae

204 3119 310 3206 Signa
332 3122 438 3206 legem
461 3144 567 3189 meam
600 3123 767 3207 discipulis
795 3124 892 3199 meis,
922 3122 1061 3206 obsigna
1090 3122 1181 3186 testi·
1234 3133 1390 3207 pastores,
1412 3122 1468 3204 qui
1492 3143 1555 3186 333
1579 3133 1754 3188 morentur
1776 3132 1927 3206 respectu
1951 3126 2129 3203 hominum,
2155 3127 2211 3209 qui

204 3210 369 3273 monium:
403 3214 494 3292 quasi
518 3209 655 3286 diceret,
691 3207 783 3273 Nihil
812 3209 876 3274 iam
906 3207 964 3273 tibi
992 3207 1115 3291 negotii
1138 3208 1182 3272 sit
1234 3228 1301 3273 non
1324 3217 1403 3275 sunt
1424 3208 1586 3273 flexibiles
1616 3209 1650 3273 in
1678 3208 1764 3276 bano
1797 3209 1850 3276 331
1881 3211 1915 3276 13
1948 3211 2039 3276 illam
2073 3222 2210 3294 partem,

204 3314 277 3359 oum
300 3303 369 3360 tam
397 3315 553 3379 perverso
583 3294 712 3378 populo.
758 3292 816 3361 813
843 3295 941 3359 etiam
970 3314 1058 3359 nunc
1087 3291 1181 3358 Deus
1234 3294 1290 3359 ssd
1313 3304 1400 3361 recte
1422 3294 1577 3374 iudicant,
1599 3302 1631 3360 ct
1652 3295 1785 3379 exlege
1803 3296 1875 3362 Dei.
1911 3296 1997 3362 Nam
2016 3296 2094 3362 hino
2111 3298 2210 3362 etiam

203 3379 356 3464 loquitur,
382 3380 420 3446 81
434 3400 598 3447 concusso
617 3381 729 3463 suuis,
753 3380 815 3447 hoo
830 3390 889 3455 333,
913 3380 940 3443 31
956 3399 1021 3444 333
1038 3379 1181 3462 pendeas
1235 3379 1409 3446 discrimen
1443 3381 1537 3446 nobis
1569 3380 1766 3446 sumendum
1800 3392 1851 3447 est
1884 3383 2015 3464 pretiosi
2059 3393 2092 3447 et
2123 3382 2209 3448 31113.

205 3467 246 3531 ab
269 3466 390 3549 iniquis
412 3467 542 3533 iudiciis
563 3467 694 3551 populi,
725 3485 785 3532 333
807 3466 945 3532 moreris
974 3465 1051 3550 quid
1082 3464 1122 3530 de
1150 3477 1181 3532 ts
1235 3465 1310 3532 Non
1332 3468 1420 3532 enim
1443 3486 1555 3532 sumus
1578 3466 1687 3532 idonei
1710 3467 1833 3534 iudices
1855 3469 1918 3534 nisi
1941 3467 2046 3551 quoad
2069 3466 2211 3534 subscri·

203 3551 389 3636 loquantur,
412 3554 469 3619 sed
492 3553 707 3619 1333133311133
722 3563 921 3632 contemnas,
944 3563 978 3617 33
993 3571 1182 3634 3333333333
1235 3553 1342 3618 bimus
1374 3552 1521 3635 loquanti
1553 3551 1635 3618 Deo.
1687 3552 1760 3618 Lex
1790 3554 1892 3637 igitur
1923 3555 1993 3619 sola
2025 3565 2090 3631 333,
2125 3573 2212 3636 quae

203 3637 239 3704 in
263 3639 319 3705 illa
341 3639 548 3719 dissessione,
569 3638 681 3724 Egotc
698 3643 878 3718 3333333333,
901 3639 1018 3721 inquit,
1041 3637 1103 3704 boo
1121 3648 1181 3718 est,
1234 3640 1389 3704 discernit
1415 3639 1501 3702 inter
1531 3639 1708 3721 pretiosum
1743 3648 1775 3704 et
1808 3638 1882 3705 3113.
1928 3639 1973 3704 Et
2005 3639 2063 3722 qui
2096 3649 2211 3704 tenent

205 3745 265 3810 ego
287 3735 320 3790 te
341 3727 458 3808 spiritu
483 3747 553 3791 meo
575 3727 622 3792 sio
643 3726 842 3792 confirmabo
872 3737 909 3790 ut
936 3725 1080 3790 sentiant
1108 3733 1181 3788 tan·
1234 3724 1320 3791 hano
1342 3724 1489 3808 regulam
1513 3723 1612 3790 simul
1634 3725 1733 3789 etiam
1755 3725 1841 3790 iuste
1865 3723 2021 3790 damnant
2049 3724 2146 3807 alios,
2176 3729 2211 3788 et

204 3811 277 3876 dem
301 3819 335 3876 te
357 3811 438 3876 mihi
460 3811 589 3877 fidelem
613 3831 684 3877 esse
703 3831 846 3877 33333333.
882 3810 1003 3877 Postea
1021 3811 1181 3960 adiungiti
1235 3811 1314 3875 alios
1337 3811 1491 3894 probant:
1527 3830 1644 3893 nempe
1666 3811 1744 3892 quia
1766 3821 1845 3876 sunt
1873 3821 2002 3876 tantum
2025 3809 2088 3876 Dei
2118 3829 2211 3892 prae-

211 3896 252 3964 Ur
271 3901 332 3964 3133
352 3917 457 3964 cuum
478 3917 542 3964 me:
564 3907 598 3962 et
619 3898 696 3963 bino
717 3897 834 3961 melius
856 3898 1081 3980 cognoscimus
1103 3898 1158 3979 qui
1234 3915 1340 3974 onnes,
1364 3893 1619 3980 necquidquam
1642 3897 1704 3962 sibi
1726 3898 1892 3979 proprium
1911 3909 2080 3979 usurpant.
2121 3895 2211 3960 Hinc

204 3982 349 4049 voluerit
364 4005 422 4066 per
437 3984 572 4049 verbum
588 3983 789 4060 accommodi,
813 3983 898 4066 quod
915 3984 1025 4065 posuit
1039 3981 1181 4048 3333333
1234 3985 1383 4065 33331333
1406 4003 1446 4046 ex
1469 3983 1626 4065 opposito,
1649 4004 1714 4048 333
1739 4003 1811 4048 esso
1834 3981 1897 4047 Dei
1919 4003 2052 4066 organa,
2074 4001 2134 4046 nec
2152 3981 2211 4045 mi·

203 4068 284 4153 loco,
308 4088 426 4152 nempe
447 4081 484 4134 ut
507 4069 667 4154 propheta
688 4089 782 4134 snum
806 4069 947 4134 officium
970 4066 1043 4133 Deo
1065 4068 1181 4151 proba·
1235 4069 1365 4145 nistros,
1394 4089 1455 4134 nco
1477 4068 1594 4151 313333
1616 4069 1715 4133 etiam
1739 4068 1808 4132 ullo
1830 4067 1963 4146 honora,
1991 4070 2047 4150 qui
2076 4085 2210 4149 perver-

204 4165 271 4240 ret,
302 4157 449 4238 quamvis
471 4156 586 4222 ludaei
608 4156 862 4238 obstreperent:
896 4153 1048 4238 quamvis
1080 4155 1181 4220 3313333
1234 4164 1310 4219 3333
1339 4155 1385 4220 313
1418 4154 1500 4219 31313
1532 4164 1566 4219 33
1597 4154 1754 4234 virtutes,
1787 4163 1826 4218 ut
1858 4154 1968 4220 dicant
2002 4153 2106 4219 lucem
2141 4173 2211 4218 esse

203 4243 407 4307 tumultuose
428 4243 640 4325 insurgerent
665 4242 826 4308 33333333
856 4241 983 4324 ipsum,
1016 4245 1051 4306 33
1080 4245 1182 4306 tamea
1234 4241 1404 4320 tenebras,
1437 4249 1470 4305 33
1502 4239 1652 4306 tenebras
1681 4241 1797 4306 lucem.
1842 4239 1883 4304 In
1907 4259 2036 4304 summa
2058 4237 2211 4323 colligere

203 4329 301 4394 ectu
322 4347 428 4394 333333
455 4347 511 4392 333.
558 4328 619 4392 1333
646 4331 734 4393 enim
762 4329 815 4394 hic
846 4325 1069 4392 subaudienda
1098 4329 1182 4392 snti-
1235 4327 1311 4393 11333
1333 4347 1374 4392 ex
1396 4325 1457 4392 hoc
1475 4327 1554 4401 looo,
1579 4346 1643 4390 non
1662 4327 1811 4390 sulficere
1828 4327 2042 4400 vocationem,
2066 4324 2117 4390 331
2136 4326 2211 4389 titu-

205 4415 308 4480 thesis
336 4415 372 4479 in
404 4413 503 4478 verbo
530 4413 656 4479 standi:
691 4412 775 4498 quod
809 4413 934 4479 33111333
965 4412 993 4478 31
1024 4411 1182 4479 obruatur
1234 4412 1313 4493 lum,
1335 4413 1397 4477 3131
1418 4412 1474 4495 331
1497 4414 1600 4478 vocati
1624 4412 1690 4476 sint
1707 4410 1848 4476 fideliter
1864 4409 2060 4493 impendant
2076 4430 2210 4493 operam

204 4500 363 4583 propbeta
400 4501 564 4582 perversis
601 4497 769 4565 hominum
809 4499 1032 4578 sermonibus,
1070 4505 1181 4564 tamen
1234 4520 1326 4565 suam
1350 4497 1431 4564 Deo.
1476 4499 1565 4580 Ergo
1587 4497 1742 4579 sequitur,
1765 4519 1820 4562 eos
1842 4496 2034 4579 omnesqui
2057 4496 2109 4561 vel
2141 4516 2211 4560 am·

205 4583 297 4650 Deus
317 4585 409 4650 illum
433 4587 546 4652 fulciet
569 4594 602 4651 33
619 4587 802 4652 sustinebit.
836 4585 977 4668 Reliqua
994 4585 1182 4651 differemus
1235 4585 1350 4650 bitiose
1372 4593 1507 4668 captant
1529 4585 1672 4649 13333333
1696 4584 1877 4659 1333313333,
1901 4582 2088 4648 3311333333
2111 4581 2209 4659 313113,

204 4670 240 4735 13
263 4669 347 4737 diem
370 4674 560 4739 crastinum.
862 4743 864 4746 ,
1234 4683 1267 4737 33
1288 4672 1382 4737 31333
1403 4669 1603 4752 corruptelas
1626 4668 1792 4734 blanditiis
1811 4671 1888 4745 suis,
1911 4688 1981 4734 esse
1999 4668 2208 4750 impostores:

1234 4759 1310 4841 quia
1332 4757 1544 4839 quantumvis
1561 4755 1745 4840 glorientur
1765 4775 1800 4820 33
1817 4775 1888 4822 csse
1903 4753 1966 4818 Dei
1985 4770 2116 4819 servos:
2140 4752 2210 4834 ipse

293 4841 469 4927 Coepimus
491 4865 655 4929 exponere
678 4843 764 4909 hano
785 4849 1000 4925 sententiam,
1029 4843 1084 4909 ubi
1107 4841 1181 4908 hor·
1234 4855 1344 4909 tamen
1376 4843 1569 4925 pronuntiat
1599 4861 1666 4906 non
1697 4840 1815 4906 debers
1844 4841 1972 4907 conseri
2000 4840 2035 4903 in
2064 4836 2119 4902 illo
2147 4858 2210 4902 nu·

204 4935 297 4994 tatur
334 4929 427 4994 Deus
466 4932 659 5016 prophetam
700 4949 796 4995 suum
836 4929 878 4996 ad
918 4928 1180 5014 magnitudinem
1234 4949 1332 4995 mero.
1377 4928 1496 4992 Postea
1517 4926 1682 5011 adiungit,
1714 4924 1933 4993 Oouoertcntur
1954 4925 2018 5006 ipsi
2040 4923 2082 4988 od
2103 4927 2149 5003 tc,
2176 4928 2211 4988 333

205 5015 316 5082 animi.
346 5015 460 5082 Utitur
478 5019 609 5099 quidem
621 5036 700 5083 voce
715 5016 953 5082 conversionis:
972 5015 1028 5082 ssd
1044 5015 1181 5099 perinde
1234 5020 1337 5080 333333
1358 5033 1421 5078 noo
1441 5014 1569 5078 33333313
1590 5013 1633 5079 ud
1655 5033 1721 5090 eos,
1751 5013 1803 5078 331
1833 5033 1899 5077 333
1929 5011 2078 5076 33333313.
2123 5009 2210 5074 Nam

205 5102 366 5168 3333331
390 5102 526 5181 diceret,
556 5123 622 5168 non
645 5105 724 5168 33313
746 5103 925 5187 prudenter
949 5103 1057 5186 ipsum
1079 5101 1180 5166 33311-
1234 5100 1334 5167 verba
1366 5098 1470 5165 133331
1503 5099 1660 5183 temporis
1692 5120 1752 5182 pro
1784 5097 1984 5180 imperativis
2024 5105 2209 5161 sumuntur.

203 5184 304 5266 lasse,
340 5191 416 5271 quia
439 5208 504 5253 non
527 5188 686 5255 debuerat
715 5189 781 5253 ullo
811 5187 906 5253 modo
935 5187 1108 5254 deflectere
1140 5186 1181 5252 ab
1233 5187 1331 5252 Nunc
1354 5187 1526 5251 confirmat
1548 5185 1746 5268 superiorem
1769 5185 1960 5262 doctrinam,
1983 5181 2070 5265 quod
2087 5180 2211 5246 33111333

204 5273 319 5355 3111313,
338 5275 615 5357 quamvisludaei
635 5275 798 5342 obstinate
812 5273 1012 5340 resisterent.
1044 5272 1182 5340 Summa
1235 5271 1439 5338 3333313333
1467 5271 1534 5338 illis
1561 5291 1685 5336 morem
1717 5291 1848 5355 gerere,
1882 5267 1933 5333 331
1963 5267 2119 5343 blandiri,
2153 5265 2211 5331 sed

205 5357 1100 5444 1313331313,8113333333333,3313333333333333,31
1120 5363 1182 5424 ates
1235 5376 1347 5424 eorum
1381 5358 1564 5442 praefracta
1593 5359 1726 5442 ingenia
1758 5355 1928 5437 subigere,
1961 5353 2065 5421 donoc
2096 5353 2210 5436 iugum
