5038 6118
369 434 410 502 se
1177 424 1564 495 ruauuuomouus
2132 371 2134 376 ’
2321 421 2360 486 el

369 629 524 692 ooaotum.
549 621 617 687 Alii
634 620 754 688 reotius
771 625 950 702 exponunt,
968 625 1007 682 ut
1023 617 1204 692 inveniant,
1224 631 1342 697 nempe
1394 621 1474 693 tum,
1497 621 1530 679 et
1553 613 1673 697 alioqui
1691 621 1864 679 oontextus
1882 612 2004 696 optime
2025 612 2113 677 fluit:
2136 610 2221 694 qnod
2242 611 2361 677 soilioat

370 707 541 793 quasillis
563 708 659 772 toties
690 706 824 771 fuerunt
850 702 1024 788 praedicta.
1070 701 1224 766 Diximus
1253 701 1341 765 enim
1393 699 1554 785 propbeta
1576 699 1630 766 lrio
1652 699 1823 764 admoneat
1847 699 2018 782 populares
2039 718 2116 764 euos
2140 717 2203 780 quo
2226 696 2360 762 debeant

369 802 572 878 oontemptoe
604 793 703 858 fuisse
736 789 912 876 prophetae
942 809 1017 856 oum
1049 787 1200 852 omnibns
1234 785 1341 864 minis,
1394 805 1466 850 esse
1481 785 1610 862 affeetu,
1632 783 1687 850 ubi
1702 788 1885 868 agnoeonnt
1898 783 2008 848 Deum
2027 783 2087 850 sibi
2105 803 2176 849 esse
2189 783 2360 850 inlensnm.

369 881 522 964 quoniam
554 877 776 944 obduruerant
804 873 919 941 Iudaei
948 874 989 938 ad
1017 873 1234 956 impietatem:
1264 891 1342 954 ergo
1395 869 1508 954 Neque
1530 872 1620 936 enim
1642 870 1777 936 dubium
1804 881 1863 946 eat,
1894 871 1974 952 quin
2000 869 2131 951 oblique
2157 868 2265 934 adhue
2293 889 2360 951 per-

368 963 544 1051 probabilis
565 975 615 1029 est
635 962 693 1028 illa
721 961 957 1045 interpretatio.
1003 957 1069 1025 Sed
1091 958 1177 1022 malo
1205 976 1342 1040 genara-
1395 958 1537 1040 stringat
1567 977 1678 1022 eorum
1709 955 1902 1034 eonordiam,
1930 955 2006 1038 quia
2035 955 2143 1039 palam
2171 975 2207 1020 se
2235 963 2361 1019 exserat

368 1051 444 1118 liter
465 1051 621 1135 aoeipere,
649 1048 873 1124 etinveniunt,
903 1065 1020 1127 nempe
1042 1043 1128 1127 qnod
1157 1050 1340 1127 naptarunt.
1394 1061 1513 1107 manns
1541 1042 1605 1107 Dei
1636 1041 1677 1106 ad
1703 1041 1777 1107 illos
1805 1038 2026 1124 uestigandos:
2058 1041 2121 1125 ipsi
2154 1051 2264 1105 autem
2297 1060 2360 1104 non

368 1137 455 1204 Nam
487 1144 743 1219 provooarersnt
775 1132 886 1197 multis
919 1141 953 1196 et
983 1131 1085 1196 variis
1122 1128 1225 1193 modis
1257 1129 1342 1191 iram
1395 1127 1572 1211 respitiant
1604 1147 1738 1192 manum
1772 1127 1992 1210 perentientie.
2047 1125 2125 1192 Ideo
2157 1126 2258 1190 refert
2287 1126 2361 1207 quid

370 1224 443 1290 Dal.
477 1220 632 1306 Oportuit
652 1220 754 1304 igitur
771 1239 826 1284 eos
847 1217 980 1282 tandem
998 1217 1119 1282 sentire
1138 1212 1215 1296 quid
1233 1212 1343 1295 adepti
1396 1212 1536 1278 debeant
1557 1211 1643 1298 apud
1666 1234 1702 1278 ae
1719 1213 1873 1296 rogitare,
1896 1211 1952 1277 ubi
1970 1212 2062 1278 Dens
2082 1211 2177 1295 signa
2198 1211 2265 1276 irae
2287 1231 2361 1276 suae

370 1318 481 1375 essent
509 1306 674 1392 perversis
694 1306 762 1370 suis
784 1303 918 1370 studiis:
948 1300 1220 1389 quemadmodem
1243 1301 1341 1364 etiam
1396 1298 1605 1377 demonstrat,
1634 1318 1753 1381 nempe
1778 1310 1816 1362 ut
1836 1309 2016 1383 agnoeoant
2036 1297 2123 1363 bano
2143 1318 2215 1364 esee
2235 1297 2361 1380 plagam

370 1393 491 1460 dieitur
521 1393 626 1458 Isaiae
655 1390 924 1474 quinquagesimo
955 1387 1092 1472 septimo
1122 1384 1167 1471 (v.
1191 1382 1255 1470 10).
1285 1384 1343 1448 In·
1396 1404 1501 1461 suam,
1531 1394 1565 1449 et
1586 1384 1659 1450 ideo
1687 1383 1854 1450 ferendam
1882 1403 1962 1449 asse
2005 1383 2098 1448 Haeo
2125 1384 2213 1448 enim
2242 1383 2362 1466 optima

370 1479 506 1545 venient
528 1479 667 1544 frustum
687 1477 816 1541 viarum
834 1495 979 1540 enarum.
1014 1472 1104 1538 Nihil
1128 1472 1236 1536 minus
1254 1470 1342 1534 vole·
1396 1481 1446 1534 eet
1467 1470 1506 1534 ad
1530 1471 1763 1552 poenitentiam
1787 1468 1999 1552 praeparatio,
2020 1468 2075 1533 ubi
2098 1479 2246 1552 peooator
2266 1489 2363 1552 agno·

369 1563 450 1630 baut
481 1563 595 1629 Iudaei
628 1582 726 1646 quam
760 1579 926 1627 aeaereere
958 1559 1020 1624 eibi
1059 1556 1203 1634 sladem,
1244 1575 1343 1637 quam
1396 1557 1456 1621 soit
1475 1576 1509 1620 se
1527 1557 1597 1620 iure
1620 1556 1730 1638 pleuti:
1755 1554 1872 1619 deinde
1894 1554 1948 1621 ubi
1969 1554 2069 1619 etiam
2092 1553 2233 1620 libenter
2254 1555 2362 1637 iugum

370 1648 526 1716 Ieremias
544 1649 729 1714 denuntiat:
751 1647 808 1722 sed
830 1665 865 1710 re
884 1647 955 1727 ipsa
972 1643 1029 1709 diu
1047 1643 1110 1709 boo
1127 1643 1342 1727 quaesierant,
1396 1638 1520 1722 resipit.
1549 1639 1587 1706 Si
1605 1662 1683 1725 ergo
1703 1642 1870 1723 hueusque
1888 1639 2041 1724 progredi
2059 1640 2230 1724 quisquam
2248 1650 2362 1722 potest,

370 1737 445 1820 quia
467 1736 609 1819 oportuit
630 1730 764 1816 rependi
786 1731 851 1796 illis
876 1730 1057 1797 meroedem
1087 1749 1221 1794 suorum
1244 1726 1343 1793 soele·
1396 1726 1462 1791 iam
1486 1725 1621 1792 dimidia
1643 1735 1696 1792 eet
1716 1726 1774 1791 illa
1794 1727 1974 1792 conversio.
2019 1725 2109 1809 Ergo
2131 1725 2291 1810 propheta
2312 1724 2364 1791 hio

370 1841 453 1887 rum.
498 1822 589 1905 Ergo
611 1824 650 1885 nt
671 1818 852 1899 inveniant,
875 1836 993 1899 nempe
1010 1813 1194 1880 meroedem
1209 1831 1343 1896 operum
1397 1810 1489 1877 donet
1510 1812 1645 1876 unioum
1668 1831 1838 1895 superesse
1860 1810 2039 1876 remedium
2058 1810 2199 1888 Iudaeis,
2221 1820 2259 1876 ut
2277 1823 2364 1877 nerto

371 1926 514 1984 snorum,
537 1906 584 1971 ita
605 1903 774 1970 subaudio.
820 1901 986 1985 Sequitur,
1397 1901 1602 1962 statuentes
1624 1899 1756 1965 meritos
1779 1917 1848 1962 esse
1871 1916 1952 1979 quae
1974 1897 2137 1963 suadeant
2158 1917 2288 1980 poenae,
2312 1897 2363 1962 de-

1397 1982 1482 2059 inde,
1512 1993 1548 2048 ut
1569 1985 1732 2066 patienter
1753 2005 1789 2049 sa
1811 1981 1988 2048 subiioiant
2007 1983 2128 2048 iudioio
2150 1982 2231 2048 Dei:
2253 2003 2364 2066 quem·

460 2078 511 2143 19.
533 2075 597 2142 Hei
617 2074 697 2140 nati
717 2093 810 2156 areper
831 2071 1011 2140 ommam
1029 2091 1109 2152 maa,
1130 2070 1232 2137 dolore
1248 2070 1346 2151 pletas
1397 2068 1572 2134 admodum
1595 2068 1681 2134 filius
1704 2069 1759 2152 qui
1780 2069 1962 2151 obsequens
1984 2077 2034 2134 est
2051 2070 2136 2152 patri
2154 2089 2221 2146 sno,
2243 2069 2365 2150 patitur

373 2169 420 2230 est
445 2162 609 2245 pomerio
636 2181 723 2226 meo:
752 2165 781 2224 et
808 2180 861 2243 epo
890 2158 970 2238 otri,
1002 2155 1088 2224 (lette
1113 2155 1189 2242 (vel,
1219 2154 1344 2240 utique)
1398 2176 1432 2219 se
1454 2156 1607 2237 saetigeri
1628 2175 1728 2238 quum
1753 2153 1898 2237 deliquit.
1943 2153 2074 2219 Psalmo
2097 2155 2136 2219 tu
2160 2152 2204 2239 (u.
2224 2154 2279 2239 11)
2301 2153 2364 2218 alio

372 2249 446 2320 bueo
462 2247 560 2332 pleps
581 2267 660 2330 uteo,
681 2251 710 2311 at
728 2246 832 2327 faram
852 2264 930 2310 eom.
1397 2261 1496 2305 sensa
1525 2239 1654 2324 dieitur,
1683 2239 1796 2305 Meum
1819 2245 1870 2304 est
1890 2239 2045 2306 oaoidere.
2088 2239 2155 2306 Hie
2184 2240 2262 2305 dioit
2291 2259 2364 2321 pro-

1398 2324 1499 2408 pheta
1527 2327 1598 2393 bn:
1632 2326 1699 2390 illio
1731 2336 1841 2390 autem
1874 2336 1924 2390 eet
1952 2310 2052 2394 'ntbt't
2099 2325 2203 2390 Varie
2235 2324 2364 2407 quidem

457 2419 530 2485 Non
561 2416 697 2483 dubium
730 2425 780 2482 est
808 2415 887 2498 quin
920 2413 1081 2497 propheta
1109 2411 1163 2478 bio
1189 2411 1346 2493 suseipiat
1398 2413 1574 2494 exponitur
1595 2412 1686 2478 loeus
1707 2411 1771 2486 ille,
1801 2409 1858 2475 sed
1880 2410 2013 2476 videtur
2036 2430 2194 2476 vorasse
2216 2411 2365 2494 despera·

372 2525 546 2591 personam
568 2503 669 2567 totius
686 2501 807 2586 populi,
830 2501 906 2583 quis
920 2498 1052 2566 ridebat
1074 2497 1202 2562 nullum
1221 2497 1344 2562 moveri
1397 2497 1498 2562 tionis
1516 2516 1618 2580 quum
1638 2497 1726 2577 dioit,
1748 2497 1859 2563 Meum
1880 2505 1931 2562 eet
1947 2497 2103 2570 oooidere,
2124 2496 2158 2560 id
2175 2501 2236 2579 eet,
2259 2506 2364 2561 aetum

373 2603 440 2658 tam
463 2590 618 2674 grauibus
636 2600 669 2653 et
687 2587 810 2653 severis
832 2587 940 2650 minis.
982 2585 1028 2649 Et
1051 2583 1131 2649 haee
1152 2583 1259 2666 figura
1279 2585 1344 2647 iam
1399 2583 1437 2647 de
1460 2603 1511 2647 me
1539 2593 1597 2648 est.
1642 2581 1707 2649 Hie
1735 2595 1843 2646 autem
1875 2582 2034 2664 propheta
2060 2581 2205 2647 ostendit
2234 2583 2365 2647 initium

373 2677 454 2744 satie
476 2683 555 2741 nota
576 2693 648 2740 esee
670 2672 775 2752 debet,
801 2672 954 2754 quoniam
977 2670 1058 2736 haee
1084 2666 1235 2752 loquendi
1263 2667 1345 2732 ratio
1397 2668 1638 2750 reeipisoentiae
1664 2668 1725 2735 boe
1747 2689 1827 2746 esse,
1856 2670 1884 2733 ei
1905 2667 2020 2733 Iudaei
2048 2667 2294 2752 intelligentes
2317 2666 2365 2730 di·

372 2763 452 2828 trita
474 2772 523 2828 eet
550 2757 701 2828 omnibus
730 2756 906 2842 prophetis
949 2753 1157 2837 compellant
1185 2753 1272 2818 enim
1296 2752 1344 2817 di·
1396 2774 1478 2837 gnos
1507 2773 1577 2819 esee
1610 2754 1706 2839 plaga
1733 2754 1799 2818 illa.
1844 2753 1929 2818 Nam
1963 2752 2052 2817 haud
2086 2753 2183 2818 dubie
2213 2754 2251 2818 lit
2278 2772 2373 2818 oom·.

370 2856 461 2916 reete
482 2846 649 2932 populum.
693 2842 760 2910 Sed
783 2842 838 2908 ubi
860 2841 975 2907 uident
1001 2861 1036 2906 se
1065 2840 1148 2904 nihil
1178 2840 1344 2920 profitere,
1397 2839 1523 2921 paratio
1544 2838 1656 2920 eulpae
1679 2851 1712 2903 et
1734 2859 1855 2921 poenae
1877 2841 1912 2902 in
1932 2837 1993 2904 hoo
2015 2839 2100 2904 looo:
2128 2839 2221 2920 quasi
2243 2837 2366 2905 dieeret

371 2955 431 3018 per
445 2932 577 2999 modum
592 2929 826 3015 indignationis
841 2947 877 2994 sa
893 2929 981 3012 ipsos
998 2925 1165 3011 eolligunt,
1184 2933 1217 2990 et
1234 2943 1344 2988 senum
1396 2925 1563 3007 propbeta,
1586 2925 1654 2990 Nos
1676 2926 1723 2988 ita
1745 2944 1856 2990 sumus
1879 2923 2061 3008 promeriti:
2084 2924 2176 2989 Deus
2198 2945 2276 3008 ergo
2297 2925 2364 2989 ius-

372 3022 552 3103 loquuntnr
574 3019 666 3101 quasi
687 3036 795 3082 eoram
814 3015 901 3080 Deo:
925 3015 973 3077 ita
990 3012 1189 3095 exprobrant
1207 3010 1344 3075 homini·
1396 3021 1464 3075 tam
1487 3010 1637 3093 rependit
1658 3009 1839 3075 mercedem
1858 3011 1998 3092 peonatis
2016 3010 2146 3076 nostris.
2174 3010 2247 3075 Hoo
2264 3029 2365 3076 unum

372 3105 433 3170 bus
453 3103 606 3169 duritiem
624 3123 662 3168 ao
679 3100 868 3167 sooordiam.
903 3097 958 3166 Sin
976 3118 1054 3182 ergo
1072 3116 1158 3163 nuno
1176 3096 1343 3174 Ieremias,
1396 3106 1454 3176 aet,
1476 3117 1592 3179 nempe
1614 3094 1691 3162 dare
1709 3095 1781 3160 Deo
1803 3095 1950 3179 gloriam,
1974 3105 2006 3159 et
2028 3095 2123 3162 fateri
2145 3095 2239 3161 illum
2261 3096 2365 3160 iustas

373 3189 436 3255 Hei
462 3188 542 3253 mibi
569 3207 663 3269 super
691 3187 870 3252 conubium
897 3205 975 3249 asso.
1026 3183 1100 3248 Non
1131 3183 1260 3248 dolebat
1285 3202 1344 3247 sua
1396 3202 1517 3266 poenas
1546 3183 1686 3266 exigere.
1730 3181 1798 3248 Sed
1827 3181 1974 3246 nondum
2003 3181 2064 3247 hoo
2093 3183 2271 3259 suffioeret,
2301 3181 2365 3246 nisi

371 3272 739 3426 ttttttitstl
757 3267 1344 3438 tttttttltm.lt¹l.‘⁰tt⁰tt
1395 3265 1973 3418 ttttttlttlttt'fttt
1995 3266 2267 3420 t‘t‘tltt
2287 3268 2366 3418 :tt

370 3446 449 3530 pulo
478 3453 511 3511 et
541 3453 652 3509 tamen
682 3441 793 3508 nullus
822 3451 900 3506 erat.
953 3437 1065 3520 Quum
1094 3457 1171 3521 ergo
1199 3437 1245 3502 ita
1278 3457 1344 3502 uon
1395 3438 1566 3515 soelerum,
1601 3450 1710 3504 tamen
1733 3439 1878 3503 fremunt
1906 3403 2065 3504 adve’rsus
2087 3439 2237 3516 iudioem,
2268 3447 2366 3522 atque

372 3540 502 3598 tantum
526 3528 649 3612 stupidi
671 3539 791 3606 essent,
819 3525 877 3591 sad
899 3524 1037 3608 superbe
1059 3522 1204 3588 riderent
1225 3521 1343 3600 Deum,
1395 3524 1493 3588 etiam
1516 3523 1784 3589 tumultuantur.
1842 3522 2010 3606 Propheta
2047 3525 2148 3609 igitur
2185 3524 2249 3590 duo
2285 3524 2366 3590 bueo

371 3628 405 3683 et
427 3637 540 3683 omnes
563 3615 632 3680 eins
652 3615 769 3694 minas,
790 3611 950 3695 propbeta
966 3609 1020 3676 hio
1042 3609 1136 3692 qnasi
1157 3610 1192 3672 in
1214 3608 1345 3690 spaoulo
1395 3608 1491 3674 simul
1515 3610 1691 3693 ooninugit,
1715 3628 1833 3692 nempe
1849 3611 2082 3676 eonfeesionsm
2101 3611 2225 3694 eulpae,
2247 3608 2366 3675 deiude

370 3703 436 3769 illie
457 3701 609 3778 ostendit,
638 3719 735 3784 qnam
764 3698 874 3781 gravis
905 3709 939 3762 et
960 3696 1095 3762 aoerbns
1124 3695 1231 3760 luotus
1258 3695 1345 3776 ipsos
1395 3693 1611 3773 tolerantiam,
1641 3694 1719 3759 dum
1742 3694 1864 3759 seilioet
1891 3694 2015 3777 plaoide
2037 3696 2212 3761 subiioiunt
2235 3715 2271 3761 se
2292 3694 2366 3760 Deo

371 3799 512 3854 maneat.
546 3784 739 3852 uouendum
761 3783 943 3866 igiturest,
965 3780 1159 3866 prophetam
1181 3779 1235 3844 hio
1256 3778 1344 3861 loqui
1396 3781 1450 3862 qui
1473 3787 1583 3844 tamen
1605 3780 1822 3862 experiantur
1843 3779 1913 3845 eius
1936 3782 2090 3864 rigorem,
2121 3781 2277 3863 quamdiu
2307 3781 2366 3846 ad-

371 3893 437 3940 non
462 3894 503 3938 ex
526 3893 625 3938 sensu
648 3870 769 3956 populi,
799 3868 955 3952 quoniam
984 3869 1030 3932 sio
1056 3867 1276 3948 obtorpuerat,
1307 3875 1345 3929 ut
1397 3885 1510 3931 versus
1533 3885 1588 3930 eoe
1611 3876 1740 3930 exeroet
1770 3865 1912 3932 olfioium
1945 3864 2069 3932 iudioie.
2112 3867 2233 3932 Postea
2264 3865 2366 3944 addit,

370 3959 454 4026 nihil
476 3978 610 4043 prorsus
632 3959 785 4022 sentiret:
814 3953 871 4019 sed
900 3953 986 4036 loqui
1013 3972 1057 4017 ex
1079 3973 1114 4017 ro
1136 3952 1220 4033 ipsa:
1251 3950 1345 4032 quasi

371 4045 503 4122 dioeret,
539 4041 577 4108 Si
612 4063 678 4125 qua
705 4051 791 4108 esset
822 4043 857 4104 in
890 4037 982 4102 vobis
1014 4045 1109 4121 gutta
1141 4035 1345 4119 prudentiae,
1481 4035 1533 4101 20.
1554 4035 1804 4103 Tabernaeulum
1824 4057 1927 4102 meum
1946 4041 2103 4102 amatum
2119 4041 2164 4101 ast
2184 4036 2260 4124 (vel,
2280 4037 2366 4102 diru-

370 4151 484 4197 omnes
506 4128 653 4195 oertatim
676 4126 834 4192 deflerent
863 4123 1079 4208 propinquam
1108 4121 1246 4187 eladem:
1278 4123 1343 4203 pri·
1396 4121 1490 4208 tum),
1513 4127 1662 4188 almas
1682 4124 1775 4204 [anm
1796 4124 1858 4188 mai
1873 4122 1961 4204 rupti
1977 4127 2064 4187 aaut:
2083 4122 2145 4204 fitia·
2167 4125 2229 4188 mai
2250 4123 2367 4207 wetti

371 4217 445 4282 dem
470 4213 627 4280 iuditium
651 4213 713 4278 Dei
742 4213 847 4294 eoepit
875 4209 1064 4276 inoumbere
1085 4209 1201 4274 vestris
1230 4207 1342 4289 eapiti·
1394 4212 1577 4272 montom
1599 4209 1770 4291 (particula
1792 4221 1816 4274 u
1839 4206 2033 4272 tantundem
2057 4209 2144 4273 valet
2166 4210 2312 4289 aeuum)
2337 4213 2366 4272 et

371 4301 448 4367 bue:
478 4319 574 4366 nemo
604 4307 713 4364 autam
743 4306 902 4363 movetur.
954 4295 1070 4377 Itaque
1098 4293 1187 4358 solua
1215 4292 1343 4376 lugebo,
1393 4291 1474 4357 melli
1495 4297 1569 4357 soret
1587 4291 1660 4378 (hoe
1679 4302 1737 4369 eet,
1760 4291 1845 4357 nulli
1866 4302 1990 4358 restant
2010 4295 2177 4379 amplius),
2198 4315 2287 4361 aare
2308 4295 2365 4375 qai

370 4387 427 4454 sed
453 4393 566 4451 vestra
595 4403 701 4450 eausa.
753 4383 885 4448 Interea
914 4381 1049 4446 dubium
1082 4398 1150 4442 non
1182 4389 1233 4444 est
1262 4378 1343 4461 quin
1394 4377 1537 4442 madet
1557 4379 1696 4461 anplius
1722 4377 1954 4444 tabernaculum
1978 4400 2088 4460 meum,
2118 4387 2146 4445 et
2166 4382 2268 4464 erigat
2296 4378 2363 4465 (vel

370 4472 511 4538 veluerit
538 4477 667 4536 tentare
695 4468 801 4534 modis
829 4467 978 4533 omnibns
1003 4483 1045 4529 an
1072 4471 1205 4548 possent
1234 4465 1344 4528 minae
1395 4461 1558 4548 disponat)
1579 4466 1714 4528 curtim
1734 4483 1831 4530 meos.

371 4558 435 4625 Dei
457 4566 629 4640 penetrare
651 4555 685 4619 in
704 4573 816 4619 eorum
834 4554 968 4618 animos.
1004 4551 1095 4616 Dioit
1109 4549 1344 4631 pensasses

369 4635 1182 4810 ttt‘tttt.t⁸tt²⁰t⁸·f.tttt⁶⁶lttl
1203 4633 1344 4801 Εᾶιξῖἶῗ
1395 4633 2364 4805 ..ttttttt”ttttttttptttttttllt⁰²

371 4813 544 4882 admodum
572 4831 676 4894 nuper
698 4775 776 4888 dix’i,
805 4829 871 4875 non
894 4807 995 4873 refert
1015 4807 1091 4890 qaid
1114 4806 1167 4871 vel
1189 4807 1343 4889 eogitent,
1394 4805 1562 4872 eoelesiam
1585 4816 1775 4888 eomparant
1804 4807 1981 4890 propbetas
2002 4806 2221 4874 tabernaoulo.
2266 4743 2363 4872 Eeb}

370 4901 422 4967 vel
445 4899 622 4981 loquantur
644 4895 772 4963 ludaei:
795 4893 853 4960 sed
874 4893 952 4976 quid
974 4893 1039 4959 illie
1059 4891 1176 4958 debeat
1196 4893 1230 4955 in
1254 4910 1345 4956 men·
1394 4891 1482 4958 euim
1504 4889 1580 4956 alibi
1602 4890 1720 4955 dieitur
1741 4891 1876 4958 lundata
1899 4911 1969 4958 esee
1991 4892 2126 4958 aeoleeia
2142 4893 2177 4958 in
2195 4893 2363 4958 montibus

371 4995 439 5051 tem
462 4984 583 5064 venire,
604 4981 633 5050 ai
651 4981 705 5048 vel
723 4980 887 5046 tantillum
911 4987 1073 5062 saperent.
1118 4974 1260 5057 Quidam
1283 4977 1344 5042 boo
1394 4976 1525 5058 sanetis,
1548 4987 1580 5040 et
1603 4976 1758 5042 tribuitur
1779 4977 1827 5042 illi
1848 4997 1968 5062 magna
1989 4978 2143 5057 soliditas,
2166 4989 2275 5045 tamen
2297 4999 2362 5061 quo

371 5069 508 5136 trahunt
536 5069 578 5134 ad
605 5088 738 5136 versum
767 5073 969 5150 sequentem,
998 5064 1092 5145 quael
1120 5063 1241 5128 diaeret
1270 5082 1343 5144 pro·
1394 5060 1436 5127 ad
1458 5075 1629 5126 externum
1654 5071 1777 5128 statum
1800 5063 1915 5128 merito
1945 5061 2064 5130 dieitur
2085 5063 2295 5130 taberuaoulo
2316 5065 2361 5129 ei·

370 5155 469 5241 pheta
490 5175 526 5220 ee
545 5163 678 5238 putasse
694 5153 845 5220 suffioere
861 5150 902 5216 ad
921 5148 1089 5214 serendam
1111 5147 1266 5224 dolorem,
1287 5146 1344 5212 sed
1393 5145 1490 5226 milia,
1523 5148 1601 5229 quia
1632 5168 1794 5230 nusquam
1825 5147 1895 5213 fixa
1924 5157 1975 5214 est
2004 5149 2101 5214 statio
2129 5149 2206 5214 liliis
2232 5147 2296 5214 Dei
2325 5151 2361 5212 in

372 5243 474 5308 fnisse
507 5240 692 5324 deeeptnm,
732 5239 884 5322 qnoniam
918 5233 1049 5300 tandem
1082 5243 1213 5300 eoaotns
1246 5231 1344 5296 luerit
1393 5241 1490 5296 terra.
1535 5229 1707 5316 (leguntur
1728 5233 1817 5298 enim
1838 5232 1974 5298 subinde
2002 5245 2130 5300 mamre
2156 5234 2271 5304 lenum.
2316 5233 2363 5298 Et

371 5325 589 5395 sueoumbere.
633 5327 736 5408 Atqui
764 5322 845 5390 illud
874 5339 1003 5406 quoque
1025 5319 1123 5384 nimis
1144 5329 1195 5383 ast
1216 5327 1343 5383 oontor·
1393 5315 1467 5381 ideo
1500 5317 1597 5383 etiam
1630 5317 1755 5384 Paulus
1788 5328 1880 5385 voest
1915 5318 2028 5385 fideles
2059 5319 2237 5388 instabiles.
2293 5318 2361 5387 Sed
