5038 6118
394 435 436 501 55
1199 431 1584 502 Paauhuomoults
2340 434 2379 499 bb

394 631 505 690 crant:
529 631 562 689 et
582 641 683 707 quum
706 622 856 688 viderent
878 622 976 687 nimis
997 621 1062 688 late
1084 621 1244 688 dominari
1267 621 1366 689 Obel-
1417 641 1521 688 maces
1547 626 1649 706 pcatcs
1670 641 1736 688 csse
1754 621 1985 704 praeputiatae,
2016 619 2105 686 hand
2127 617 2223 686 dubie
2242 641 2379 704 eompre-

395 709 502 788 dacos,
525 707 680 776 videbant
703 708 802 773 etiem
824 727 859 774 se
876 708 1041 791 expositos
1058 728 1129 773 esse
1146 708 1181 772 in
1196 707 1366 791 praedam:
1417 706 1533 773 hendit
1562 706 1728 773 israelitas
1757 709 1819 774 snb
1847 707 1977 773 nomine
2000 705 2162 790 ceruam:
2192 716 2227 772 et
2248 706 2292 770 ita
2313 727 2378 789 pro

396 795 472 859 binc
512 793 625 874 fiebat,
668 800 704 860 ut
736 791 877 860 libenter
909 814 944 859 ss
977 794 1193 878 adiungerent
1225 794 1366 860 Indaeis.
1418 793 1511 858 brose
1551 792 1656 858 aufert
1697 809 1816 859 nomen
1850 793 1944 860 electi
1976 792 2104 876 populi:
2143 791 2235 874 quasi
2267 790 2380 856 diceret

397 878 509 960 Quam
532 895 610 962 ergo
633 879 711 946 binc
733 880 811 944 inde
831 879 947 944 Iudaei
968 887 1140 964 sperarent
1161 879 1286 946 vicinos
1306 879 1367 945 sibi
1418 878 1573 944 Israelem
1607 880 1653 943 sio
1686 880 1883 961 permixtum
1916 897 1987 943 esse
2019 874 2189 961 gentibus,
2221 885 2259 941 ιιι
2290 878 2380 942 iaciat

395 966 464 1031 iore
497 966 639 1045 auxilio,
672 964 745 1032 ideo
778 964 938 1048 propheta
971 963 1049 1030 dicit
1080 965 1200 1030 instare
1227 965 1369 1032 ommibus
1418 979 1545 1048 partem
1573 963 1743 1029 duntaxat.
1792 963 1976 1048 Negassent
2007 963 2094 1027 enim
2122 962 2243 1045 alioqui
2272 961 2380 1028 Iudaei

395 1051 611 1119 retectam
656 1051 702 1116 lit
730 1049 807 1117 hinc
830 1052 926 1116 etiam
949 1051 1160 1116 confirmetur
1180 1055 1266 1133 qnod
1289 1050 1368 1117 dixi.
1418 1071 1453 1116 sa
1476 1048 1593 1115 debore
1614 1049 1778 1115 numerari
1799 1050 1888 1114 inter
1907 1057 2039 1134 gentes:
2067 1049 2123 1114 sed
2145 1048 2380 1132 prophetabat

395 1136 472 1202 Non
502 1135 590 1203 enim
623 1136 794 1220 distinguit
814 1134 952 1201 Iudaeos
983 1135 1024 1202 ab
1047 1136 1219 1222 Aegyptiis
1240 1145 1274 1202 et
1294 1137 1367 1201 aliis
1419 1136 1628 1202 excusatione
1650 1155 1705 1200 eos
1723 1134 1869 1218 depellit,
1891 1153 1929 1200 ac
1948 1134 2028 1200 dicit
2043 1153 2113 1200 esse
2129 1154 2229 1198 anem
2244 1146 2380 1218 gentem,

395 1222 563 1306 gentibus,
597 1222 654 1288 sad
688 1221 797 1306 potius
830 1220 1101 1303 quemadmodum
1138 1229 1367 1287 contraxerant
1420 1241 1503 1303 quae
1536 1219 1617 1285 nihil
1645 1241 1665 1284 a
1694 1220 1827 1303 rebonis
1852 1218 1989 1284 differat.
2044 1218 2157 1285 Omnes
2186 1239 2256 1302 erpo
2286 1225 2382 1304 pmtcc

395 1308 484 1373 inter
515 1329 550 1374 se
583 1308 712 1383 foedus,
751 1307 797 1372 ite
828 1305 902 1372 vult
935 1327 990 1372 eos
1023 1308 1164 1372 conflare
1196 1308 1229 1372 in
1263 1329 1366 1373 unum
1419 1311 1493 1373 aaut
1513 1306 1757 1373 taarmmmue.
1792 1305 1838 1372 Et
1859 1303 1932 1370 ideo
1949 1312 2055 1388 potest
2077 1318 2187 1380 numm
2210 1318 2233 1371 rt
2255 1304 2380 1370 demon-

396 1409 521 1492 eorpus.
577 1392 715 1491 Vicitcdo
743 1391 844 1491 igitur
872 1412 969 1474 asper
995 1393 1223 1472 cirmmcieam,
1250 1393 1366 1474 inquit,
1418 1393 1591 1458 strativum
1629 1411 1806 1475 pronomen
1842 1391 1943 1474 accipi
1977 1410 2035 1473 pro
2065 1390 2222 1468 relativo,
2261 1388 2380 1454 Omnes

395 1483 624 1629 :ttttttt
648 1477 967 1646 ittttdjtltl
990 1477 1366 1647 tltlttlsgttt
1419 1477 1481 1628 {1¹3⁰
1484 1486 1654 1648 tzitta
1685 1475 2381 1644 successatricum

396 1648 470 1715 aliis
491 1649 652 1733 gentibus.
697 1648 775 1713 Ideo
798 1657 892 1713 vocat
909 1669 964 1712 eos
985 1649 1193 1715 circumcisos
1215 1651 1249 1713 in
1272 1670 1365 1731 pree·
1418 1646 1475 1714 sed
1498 1657 1651 1731 posucrat
1672 1646 1832 1714 Iebudah.
1868 1647 1972 1714 Simul
1995 1667 2072 1730 ergo
2094 1646 2172 1711 dicit
2198 1645 2311 1712 Omnes
2328 1645 2383 1711 bos

396 1734 497 1816 patio,
520 1733 672 1816 qnoniam
689 1733 855 1818 Aegyptii,
876 1744 907 1797 et
923 1732 1081 1814 Idumaei,
1100 1742 1132 1799 et
1147 1735 1365 1813 Ammonitas,
1415 1739 1518 1818 gentes
1538 1751 1602 1799 esec
1622 1735 1872 1799 incircumcisae:
1894 1740 1926 1798 et
1942 1731 2211 1814 quemadmodum
2226 1732 2294 1797 iam
2309 1732 2381 1810 dixi,

395 1824 429 1885 et
450 1819 616 1884 Moabitae
644 1827 739 1884 erant
767 1819 949 1884 circumcisi
978 1828 1110 1903 propter
1137 1819 1249 1885 foedus
1280 1821 1365 1902 quod
1417 1820 1593 1903 exprobret
1614 1818 1738 1899 Israeli,
1767 1818 1853 1903 quod
1876 1838 1976 1901 quum
1999 1817 2090 1884 Deus
2110 1817 2203 1882 illum
2224 1817 2287 1882 sibi
2309 1837 2380 1882 con-

396 1911 631 1971 contraxerant
668 1923 741 1970 cum
774 1903 922 1969 Iudaeis:
963 1915 997 1969 et
1029 1904 1142 1969 Iudaei
1175 1906 1238 1987 ipsi
1272 1916 1366 1969 erent
1417 1911 1592 1982 cessasset,
1622 1917 1731 1969 tamen
1763 1903 1843 1969 nihil
1873 1903 2019 1969 differret
2046 1923 2065 1966 a
2092 1903 2253 1986 gentibus.
2304 1903 2382 1968 Erat

396 1991 605 2074 praeputiati,
627 2007 728 2072 qoam
746 1989 859 2055 relicto
875 1988 947 2054 Deo
965 2009 1035 2055 sese
1050 1992 1097 2055 ita
1112 1991 1364 2073 prostituissent.
1417 1992 1505 2056 enim
1534 1991 1717 2072 promiscua
1742 1992 1902 2070 mixtura,
1930 2008 2013 2072 qnae
2043 1989 2122 2054 alios
2151 1988 2224 2054 aliis
2252 2008 2381 2071 prorsus

396 2075 523 2141 Verum
556 2073 686 2158 quidem
720 2084 782 2154 est,
815 2074 990 2141 Idumaeos
1020 2075 1123 2142 fuisse
1152 2077 1365 2154 circumcisos,
1418 2085 1580 2159 aequaret.
1634 2074 1702 2140 Sed
1743 2077 1896 2157 quoniam
1938 2072 2046 2138 adhuc
2077 2082 2206 2156 poterat
2237 2075 2382 2157 exceptio

397 2160 475 2242 quia
497 2167 590 2225 erent
611 2162 731 2242 posteri
752 2160 857 2226 Esau:
880 2159 1023 2226 ethead
1047 2160 1142 2226 dubie
1164 2161 1367 2227 retinuerant
1418 2161 1525 2244 aliqua
1555 2161 1677 2238 afferri,
1706 2159 1780 2226 ideo
1809 2160 1897 2225 dicit:
1933 2159 2048 2225 Iudaei
2078 2164 2153 2225 aaut
2178 2160 2382 2226 incircumcisi

397 2245 579 2330 symbolum
601 2245 683 2310 illud
703 2255 890 2311 externum:
912 2245 970 2311 sed
988 2247 1187 2312 circumcisio
1202 2247 1260 2312 illa
1273 2267 1365 2330 pror·
1418 2247 1514 2312 corde.
1547 2246 1628 2312 Illos
1650 2246 1780 2329 quidem
1801 2247 1867 2312 iarn
1889 2244 2181 2329 comprehenderat
2202 2245 2263 2310 snb
2281 2246 2381 2328 ganti-

396 2351 452 2397 sus
479 2329 654 2397 ludibrium
685 2342 763 2408 erat,
794 2350 895 2413 quum
917 2331 1008 2397 Esau
1035 2331 1223 2398 descivisset
1252 2334 1292 2397 ab
1315 2350 1366 2399 cc·
1419 2330 1496 2412 bus,
1536 2331 1594 2397 sed
1633 2333 1737 2416 magis
1769 2332 1879 2415 urgeri
1913 2331 2001 2412 ipsos
2033 2331 2190 2412 oportuit,
2232 2332 2381 2412 quoniam

398 2414 497 2481 clesia
515 2415 590 2481 Dei.
634 2413 846 2483 (lireumcisio
869 2421 976 2481 autem
1000 2417 1096 2482 electi
1118 2417 1229 2501 populi
1252 2438 1309 2499 per
1331 2439 1366 2483 se
1418 2417 1618 2483 circumcisio
1652 2426 1779 2500 poterat
1811 2418 1851 2483 ab
1884 2416 1949 2482 illis
1982 2416 2129 2498 proferri.
2184 2414 2277 2481 Dicit
2310 2437 2382 2498 ergo

397 2500 514 2567 efficax
530 2509 610 2577 eret,
625 2501 683 2566 sed
698 2501 852 2584 qnoniam
867 2501 915 2565 illi
929 2502 1053 2585 pariter
1068 2501 1107 2567 ad
1120 2503 1365 2584 superstitiones
1417 2501 1583 2588 propbeta,
1606 2503 1754 2569 etiamsi
1776 2503 1810 2567 in
1833 2522 1931 2568 carne
1952 2501 2137 2585 symbolum
2159 2501 2241 2565 illud
2260 2499 2381 2566 visibile

397 2585 540 2669 prolapsi
572 2591 680 2664 erant,
714 2586 837 2651 similes
868 2596 963 2652 erant
994 2590 1176 2670 praeputio:
1210 2588 1364 2671 quemad·
1417 2598 1559 2670 gestent,
1591 2608 1661 2654 esse
1695 2596 1806 2654 tamen
1839 2586 1935 2654 corde
1963 2586 2218 2664 incircumcisos,
2251 2597 2286 2652 et
2315 2587 2381 2651 ideo

397 2669 532 2735 modum
568 2672 665 2737 etiem
693 2671 819 2736 Paulas
851 2669 930 2738 dicit
961 2691 1020 2754 pro
1053 2673 1155 2738 nihilo
1184 2672 1365 2740 ducendam
1415 2674 1487 2738 inre
1509 2676 1633 2738 censeri
1655 2674 1743 2739 inter
1764 2686 1888 2758 gentes.
1932 2670 2090 2736 Videmus
2112 2680 2149 2737 ut
2170 2673 2278 2738 acrius
2299 2672 2381 2754 ipsos

397 2773 468 2821 csse
490 2755 616 2821 literam
638 2757 900 2834 circumcisionis,
930 2756 991 2824 boc
1012 2768 1072 2837 est,
1100 2770 1270 2824 externam
1292 2779 1364 2841 spe·
1416 2768 1553 2842 promat,
1576 2777 1677 2840 quum
1701 2759 1822 2824 diserte
1843 2758 1885 2824 eb
1902 2758 1975 2824 eliis
1990 2757 2143 2841 gentibus
2157 2775 2212 2821 eos
2227 2777 2380 2840 separans

396 2841 488 2908 ciam.
522 2841 681 2908 Videmus
704 2861 782 2926 ergo
803 2840 936 2909 subesse
956 2862 1022 2908 non
1040 2843 1208 2928 vulgarem
1224 2844 1364 2928 gretiam
1416 2853 1527 2909 tamen
1556 2843 1706 2909 ostendat
1728 2845 1843 2909 merito
1866 2843 1966 2911 stetui
1991 2851 2025 2908 et
2045 2843 2171 2908 censeri
2192 2843 2226 2906 in
2249 2864 2381 2908 numero

396 2927 429 2991 in
459 2926 510 2991 his
540 2928 648 2994 verbis
676 2928 862 3012 prophetea,
891 2948 992 3012 quum
1014 2929 1170 2994 ultionem
1194 2929 1364 2995 denuntiet
1416 2928 1577 3012 gentium,
1608 2931 1682 3010 quia
1711 2928 1802 2996 Deus
1830 2949 1897 2994 non
1926 2937 2071 2994 moretur
2098 2937 2273 2994 externum
2303 2928 2380 2992 illnd

395 3019 464 3077 tem
485 3011 615 3079 Indaeis
645 3032 743 3097 quem
766 3014 954 3098 Aegyptiis:
986 3023 1019 3079 st
1048 3014 1148 3082 simul
1178 3023 1273 3082 vocat
1301 3015 1363 3080 oir-
1416 3013 1614 3100 symbolum,
1659 3013 1716 3080 sed
1756 3015 1907 3098 respiciat
1950 3013 2036 3096 quod
2075 3015 2285 3098 praecipuum
2325 3025 2380 3093 est,

396 3097 554 3162 cumcisos
576 3099 609 3162 io
632 3099 810 3182 praeputio,
832 3101 986 3181 quoniam
1008 3097 1064 3165 alii
1078 3101 1257 3166 attolerent
1271 3121 1363 3184 prae-
1415 3119 1533 3184 nempe
1572 3100 1852 3166 circumcisionem
1889 3099 2005 3165 cerdis.
2058 3099 2121 3165 list
2160 3109 2270 3164 antem
2305 3099 2381 3163 haee

396 3182 538 3264 patiam,
571 3181 626 3248 alii
652 3183 944 3265 circumcisionem,
976 3191 1010 3250 ιι
1033 3185 1080 3249 ita
1107 3188 1364 3270 permiscuerunt
1415 3187 1494 3250 trita
1514 3185 1660 3271 loquutio
1681 3182 1767 3268 apud
1790 3183 1906 3251 Mosen
1928 3197 1961 3249 et
1982 3183 2165 3268 propbetas,
2193 3205 2310 3250 vocare
2332 3203 2381 3250 cor

395 3267 496 3333 sacris
524 3267 669 3349 prolana,
700 3275 738 3333 ιιι
766 3275 875 3332 temen
907 3267 989 3332 nihil
1020 3275 1105 3334 esset
1127 3272 1289 3336 sincerum
1312 3273 1363 3339 vel
1414 3270 1687 3352 incircumcisum,
1715 3273 1920 3355 praeputium
1943 3269 2063 3338 cordis:
2094 3283 2126 3336 st
2148 3290 2264 3336 vocare
2286 3270 2380 3335 etiarn

395 3352 570 3437 integrum.
623 3352 668 3417 Ει
699 3352 774 3418 ideo
802 3353 948 3432 subiicit,
983 3353 1087 3436 Super
1114 3355 1304 3438 Aegyptam,
1336 3362 1365 3421 ct
1414 3357 1572 3440 populum
1612 3358 1875 3426 incircumcisum
1916 3357 2026 3424 corde:
2066 3356 2143 3439 qaia
2173 3355 2381 3432 circumcisio,

393 3457 490 3522 saper
505 3437 659 3514 Ichadat,
680 3444 709 3503 ct
724 3457 818 3520 saper
832 3437 945 3517 Edem,
964 3444 991 3504 et
1011 3459 1106 3521 caper
1120 3439 1205 3521 filios
1218 3443 1362 3520 Ammon,
1414 3460 1597 3524 quanquam
1635 3453 1706 3509 erat
1743 3443 1965 3508 testimonium
2003 3441 2167 3526 gratuitae
2199 3439 2317 3507 salutis
2348 3441 2380 3505 in

394 3529 423 3590 ct
453 3543 549 3607 mcpcr
577 3522 682 3589 Moab.
725 3521 880 3589 Diximus
911 3544 970 3590 cnr
998 3545 1111 3590 omnes
1139 3526 1199 3591 bos
1228 3525 1362 3609 populos
1414 3525 1561 3603 Ohriste,
1596 3538 1703 3592 tamen
1732 3527 1830 3592 simul
1859 3527 1995 3593 debebat
2023 3526 2154 3592 initiare
2182 3524 2322 3592 Iudaeos
2350 3529 2380 3590 in

393 3609 614 3676 enumeravit:
655 3609 732 3691 quia
768 3608 891 3675 scilicet
923 3608 979 3674 elii
1011 3609 1051 3676 ab
1085 3610 1157 3677 eliis
1189 3611 1362 3694 sperabant
1413 3610 1537 3678 cultum
1567 3612 1631 3676 Dei
1659 3624 1692 3677 et
1719 3614 1888 3677 timorem:
1923 3611 2059 3679 debebat
2086 3611 2159 3678 illos
2188 3612 2316 3677 hortari
2343 3611 2378 3676 ad

392 3705 514 3761 certem
536 3713 640 3778 opem,
663 3695 710 3758 ita
732 3700 768 3757 ut
789 3714 901 3759 omnes
918 3693 1018 3760 simnl
1035 3696 1140 3762 Deum
1159 3708 1360 3782 spernerent
1412 3697 1593 3762 novitatem
1609 3697 1714 3764 ritae:
1733 3696 1870 3782 denique
1887 3707 1959 3764 eret
1972 3699 2102 3782 signnm
2118 3704 2152 3764 ct
2166 3699 2380 3781 poenitentiae

391 3777 511 3846 Postea
532 3780 632 3863 addit,
655 3779 700 3845 Et
720 3795 816 3861 seper
834 3797 936 3844 maaca
948 3780 1056 3861 finitos
1070 3784 1105 3848 ιἰι
1119 3782 1240 3867 ampelo.
1275 3783 1360 3849 Nam
1413 3791 1446 3849 et
1479 3783 1563 3849 fidei.
1612 3782 1723 3863 Quum
1757 3802 1836 3867 ergo
1866 3783 1978 3849 Iudaei
2011 3783 2171 3849 duntaxat
2199 3784 2380 3866 proferrent

391 3878 433 3964 γρ
454 3866 615 3949 significet
647 3867 756 3930 tinem.
800 3863 890 3948 Ergo
913 3877 1018 3954 ῠιιιιρ
1041 3867 1205 3952 accipiunt
1226 3866 1279 3934 hic
1301 3890 1360 3952 pro
1412 3869 1543 3953 mgnum
1572 3869 1664 3950 illud,
1693 3869 1810 3934 merito
1840 3868 1937 3934 derisi
1967 3879 2046 3934 runt
2070 3890 2092 3935 a
2113 3868 2214 3947 Mose,
2245 3875 2279 3934 et
2309 3890 2379 3952 pro·

391 3951 566 4035 extremis,
599 3970 657 4033 pro
690 3950 743 4016 his
769 3952 824 4033 qui
854 3960 933 4014 sunt
961 3951 997 4014 in
1026 3955 1240 4020 extremitate.
1291 3968 1359 4023 utta
1411 3954 1531 4038 pharis,
1566 3957 1657 4037 quasi
1688 3954 1809 4020 vellent
1835 3953 1943 4021 Deam
1974 3955 2102 4038 placere
2130 3975 2167 4020 re
2193 3953 2251 4019 illa
2278 3953 2380 4031 nihili,

392 4047 501 4104 autem
531 4035 694 4119 significet
722 4035 878 4120 angulum
906 4041 940 4100 ιι
968 4037 1083 4102 finem:
1117 4040 1299 4125 Angulatos
1325 4041 1359 4106 in
1412 4061 1472 4107 nec
1493 4048 1677 4124 spectarent
1698 4042 1813 4106 finem:
1845 4039 2118 4122 quemadmodum
2142 4040 2239 4106 hodie
2260 4040 2288 4105 si
2312 4041 2378 4123 glo·

392 4123 514 4206 angulo
535 4139 705 4206 possemus
727 4128 864 4200 vertere,
892 4120 919 4185 si
941 4119 989 4185 ita
1010 4121 1112 4189 ferret
1132 4125 1263 4209 linguae
1287 4146 1359 4209 pro-
1411 4127 1535 4192 ricmur
1563 4127 1631 4191 sole
1660 4125 1832 4209 baptismo,
1862 4127 1988 4190 interea
2015 4128 2117 4192 simus
2146 4127 2240 4191 vacui
2270 4125 2378 4208 peam-

390 4209 523 4294 prietas.
566 4205 634 4273 Sed
664 4225 779 4272 sensas
808 4206 941 4272 minime
963 4207 1133 4292 ambiguus
1155 4222 1213 4290 est,
1242 4230 1360 4294 nempe
1412 4211 1517 4276 tentia
1549 4223 1581 4274 et
1609 4210 1688 4286 fide,
1722 4210 1860 4275 ridicula
1890 4211 1952 4275 erit
1981 4220 2092 4277 nostra
2119 4211 2286 4278 iaemntie.
2337 4211 2379 4275 Et

391 4295 491 4359 etiarn
519 4293 546 4357 si
569 4291 735 4358 Moabitae
763 4299 796 4356 et
824 4292 878 4357 alii
904 4290 1063 4357 haberent
1085 4292 1287 4361 absconditos
1309 4314 1359 4360 re-
1412 4295 1484 4360 ideo
1513 4294 1638 4360 Paulas
1664 4294 1772 4380 (Rom.
1796 4296 1826 4374 2,
1849 4295 1906 4378 27)
1934 4308 2029 4362 vocat
2056 4297 2186 4362 literam
2212 4296 2378 4363 circumci-

391 4397 516 4458 cessus,
550 4387 658 4444 tamen
691 4397 754 4443 non
788 4376 856 4441 lore
884 4377 1048 4443 immunes
1076 4399 1097 4444 a
1125 4379 1158 4464 pl
1200 4401 1228 4446 ι.
1279 4381 1358 4446 Ριι-
1412 4380 1513 4445 sionis
1531 4389 1702 4446 externam
1716 4381 1806 4446 illam
1822 4381 1971 4462 speciem,
1994 4383 2050 4448 ubi
2064 4392 2235 4466 separatur
2250 4384 2378 4466 signam

391 4465 501 4568 yenict
534 4465 650 4548 igitur,
683 4461 789 4562 inquit
821 4460 989 4561 Ieremias,
1023 4465 1121 4530 etiem
1136 4485 1172 4565 ,ι
1227 4464 1360 4530 ultimos
1412 4485 1432 4530 a
1460 4485 1520 4529 sua
1549 4465 1671 4564 virtute
1693 4475 1740 4566 ‚it
1770 4467 1967 4532 substantia:
2000 4478 2033 4534 ιι
2060 4489 2102 4532 ex
2130 4469 2276 4568 opposito
2303 4467 2378 4566 dicit

390 4546 1052 4716 ttttttltlltc,tilieti
1063 4549 1359 4718 ltltttttlt
1411 4552 2378 4721 ἔῖ’ῗᾶιιιῖἶῗιιῗιῗιθῖιὲἓιιἓῖῖιέῗιρῗιιῗιὲἒὲῖῗ

391 4721 495 4797 debet,
517 4719 753 4802 superinsutas
774 4719 895 4798 deserti,
922 4717 974 4783 vel
996 4739 1093 4802 super
1114 4739 1170 4784 ecs
1192 4720 1246 4802 qui
1265 4719 1359 4784 hebi·
1411 4719 1527 4799 dicere,
1559 4739 1676 4805 nempe
1705 4720 1864 4787 literalem
1890 4722 2085 4806 baptismum
2115 4724 2198 4790 nibil
2226 4725 2377 4807 prodesse

391 4816 463 4873 tant
485 4809 517 4872 in
541 4807 677 4872 deserto.
712 4803 867 4870 Ostendit
887 4824 965 4888 crgo
986 4805 1065 4886 quid
1086 4805 1285 4871 intellexerit
1300 4824 1359 4888 per
1411 4805 1600 4889 hpooritis‚
1629 4807 1685 4889 qui
1714 4805 1877 4889 arripiunt
1904 4807 2029 4874 nudum
2057 4809 2139 4876 illud
2168 4812 2316 4893 signum:
2345 4818 2378 4873 et

391 4908 459 4963 Γιιιι
478 4906 569 4980 erup.
620 4890 705 4956 Nam
734 4910 834 4973 quum
867 4889 1046 4962 incolerent
1076 4891 1146 4957 loce
1178 4891 1283 4975 magis
1312 4911 1359 4955 re·
1410 4890 1483 4956 iso
1510 4891 1707 4957 veniendum
1737 4912 1808 4958 esse
1836 4892 1878 4959 ad
1899 4894 2049 4977 spiritum
2073 4896 2233 4978 baptismi,
2263 4915 2376 4978 nempe

390 4987 489 5060 mota,
518 4977 678 5061 putabant
705 4997 740 5041 ss
762 4995 800 5041 eo
823 4994 895 5041 esse
916 4976 1060 5057 tutiores,
1088 4985 1121 5040 et
1143 4975 1269 5060 protegi
1290 4977 1358 5041 suis
1410 4975 1451 5042 ad
1478 4995 1547 5040 ram
1578 4977 1693 5059 ipsam,
1721 4978 1797 5059 qaia
1824 4979 1960 5044 interior
1989 4981 2094 5046 virtus
2120 4985 2172 5047 est
2198 4982 2375 5055 renovatio,

390 5063 550 5132 latibulis:
586 5061 710 5128 deridet
742 5061 827 5128 banc
860 5059 1087 5126 confidentiam
1120 5062 1291 5145 propbeta,
1325 5067 1358 5125 ιι
1409 5061 1488 5126 dum
1511 5061 1632 5128 scilicet
1651 5070 1745 5129 vetus
1764 5063 1859 5128 bomo
1877 5074 1986 5130 noster
2002 5067 2204 5151 crucifigitur
2221 5069 2257 5132 in
2275 5067 2375 5142 nobis,

391 5151 470 5218 dicit
499 5149 595 5215 simul
624 5148 665 5215 ad
694 5167 833 5230 poenam
862 5165 918 5211 eos
946 5144 1124 5232 trahendos
1153 5167 1234 5212 esse.
1285 5147 1355 5211 Iam
1409 5157 1443 5211 et
1481 5149 1682 5230 resurgimus
1721 5169 1795 5217 cum
1828 5149 1960 5216 Christo
1999 5152 2034 5215 in
2067 5153 2154 5219 vitae
2186 5153 2374 5218 novitatem.

390 5236 490 5316 addit,
524 5235 607 5316 chia
635 5253 740 5300 οιιιιιιι
764 5237 869 5316 perstas
896 5231 1105 5298 iacircrcncici
1133 5237 1213 5312 ιιιιιι,
1242 5236 1357 5298 ettota
1408 5232 1527 5298 Postea
1549 5232 1691 5300 subiicit:

390 5323 499 5388 domus
525 5319 630 5387 Ieroct
656 5325 729 5386 eant
755 5318 965 5386 incircumcisi
991 5316 1087 5383 corde.
1138 5315 1249 5397 Quam
1279 5317 1356 5382 dicit
