5134 6124
338 428 400 494 32:
1144 424 1531 494 Pusuuuotlottus
2285 427 2348 498 328

352 619 413 686 hou
435 633 495 700 est,
518 615 635 683 eribus
657 614 747 699 eoeli,
772 623 821 682 est
844 613 1005 702 enallage)
1034 620 1062 681 et
1083 614 1197 682 bestiae
1218 620 1319 682 terroe
1373 614 1479 699 gulari
1503 614 1676 699 privilegio
1698 635 1889 682 oonoeasum
1911 635 2041 698 semper
2071 615 2132 682 tuit
2162 616 2349 685 bominibus

354 706 415 772 hoo
437 714 496 785 est,
519 702 653 789 bestiis).
1373 711 1409 767 ut
1431 701 1666 785 sepelirentur:
1690 721 1806 784 nempe
1830 702 1863 766 in
1882 721 1973 784 spem
1992 701 2119 768 futurae
2137 703 2348 770 resurreetio·

1373 789 1434 855 nis.
1479 788 1569 872 Ergo
1592 785 1670 851 dum
1692 795 1832 871 negetur
1854 787 2031 870 sepulture,
2064 788 2123 854 hoo
2145 799 2195 854 est
2216 789 2348 874 signnm

426 877 536 960 Magis
569 875 667 940 etiem
699 873 908 956 exasperavit
938 873 1065 939 enimus
1097 874 1209 957 populi
1238 875 1318 942 heeo
1372 883 1539 939 extremae
1568 873 1780 956 ignominiee.
1824 871 1997 958 Oontingit
2024 873 2156 956 quidem
2186 895 2283 958 saepe
2312 887 2349 942 ut

341 963 560 1047 emplifioatio,
583 959 668 1043 quod
687 960 811 1026 seilioet
829 958 955 1024 trustra
972 958 1186 1039 eontiderent,
1210 960 1317 1027 looum
1372 960 1477 1026 annoti
1499 958 1666 1025 terruerint
1688 959 1850 1042 sepuloro:
1882 957 1939 1025 sed
1961 958 2038 1024 filiis
2060 960 2123 1025 Dei
2153 961 2349 1045 temporsles

339 1051 433 1118 illum
455 1047 518 1114 eibi
541 1046 610 1112 iore
631 1046 737 1112 instar
759 1044 962 1111 munitionis.
1007 1045 1092 1110 Nem
1125 1047 1222 1113 sinuli
1249 1048 1317 1113 iem
1372 1064 1497 1128 poenae
1518 1065 1647 1127 semper
1667 1045 1702 1109 in
1725 1044 1864 1110 salutem
1886 1053 2070 1111 vertuntur.
2114 1045 2284 1127 Quantum
2307 1047 2349 1114 ad

341 1137 493 1214 diximus,
515 1133 663 1216 persensi
687 1139 782 1198 erent
803 1129 864 1196 sibi
883 1128 1014 1196 abunde
1033 1132 1182 1198 suttieere
1203 1152 1316 1198 renon-
1372 1132 1527 1214 reprobos
1549 1152 1564 1196 s
1589 1137 1683 1210 estat,
1706 1131 1803 1196 etiem
1828 1129 1889 1197 heo
1912 1131 1947 1194 in
1965 1143 2058 1215 perte
2077 1132 2349 1199 oonsidereudum

340 1220 540 1290 oiliutionem
556 1239 629 1285 eum
646 1217 726 1295 Deo,
749 1216 803 1282 nbi
827 1214 938 1281 liberis
960 1219 1027 1282 suis
1046 1237 1113 1282 non
1131 1219 1317 1302 peroebent,
1372 1228 1422 1282 est
1445 1217 1538 1283 nobis
1592 1215 1622 1282 ei
1644 1215 1810 1294 iuditium,
1834 1215 1888 1281 ubi
1904 1215 2164 1300 proiiaiteorum
2179 1217 2349 1298 eedevere,

341 1318 375 1376 et
397 1316 462 1372 tum
486 1304 640 1370 erdenter
661 1302 863 1388 peregebent
885 1322 963 1367 suos
985 1303 1102 1370 uultus.
1147 1305 1191 1368 Et
1213 1304 1317 1390 hypo·-
1372 1313 1409 1368 ut
1431 1302 1514 1368 nihil
1537 1301 1690 1366 differant
1711 1303 1751 1367 eb
1774 1303 1887 1382 esinis,
1911 1311 1968 1368 aut
1986 1302 2059 1369 eliis
2079 1304 2182 1370 brutis
2200 1304 2349 1371 animali·

341 1395 444 1462 oritas
477 1392 539 1456 heo
573 1389 691 1456 fidutia
723 1408 853 1472 semper
892 1388 960 1453 tere
993 1389 1204 1471 superbiunt,
1242 1392 1319 1474 quia
1371 1389 1441 1455 bue.
1485 1387 1553 1455 Sed
1577 1388 1732 1471 quonism
1757 1389 1818 1455 hoo
1840 1386 1919 1454 alibi
1948 1388 2052 1454 insius
2081 1397 2255 1456 traetetum
2278 1390 2349 1468 tuit,

340 1478 531 1566 praeterunt
552 1475 639 1559 quod
662 1475 726 1542 illis
748 1476 855 1558 pleoet
872 1473 937 1540 Dei
959 1474 1104 1558 planitie:
1127 1496 1195 1540 non
1217 1478 1319 1560 respi·
1372 1495 1460 1541 nuno
1483 1474 1600 1540 leviter
1623 1481 1753 1539 tentum
1776 1474 1913 1560 attingo.
1959 1472 2125 1557 Sequitur,

341 1567 434 1636 olunt
456 1562 532 1647 quid
554 1563 609 1627 lex
631 1559 749 1643 iubent,
779 1561 856 1645 quid
884 1561 1000 1644 probet
1022 1560 1113 1626 Deus
1144 1561 1232 1644 ipse:
1261 1561 1319 1627 sed

341 1672 401 1721 sue
423 1652 566 1734 ipsorum
593 1648 752 1732 figmenta
781 1647 928 1713 adorent.
974 1645 1086 1726 Quum
1122 1647 1225 1731 igitur
1259 1646 1318 1714 tuli
1459 1645 1489 1711 8.
1512 1644 1558 1710 El
1571 1665 1690 1728 porum
1710 1645 1819 1711 urbem
1840 1645 1919 1711 boue
1937 1646 1972 1711 im
1988 1651 2145 1728 stuporem
2162 1652 2192 1712 et
2207 1645 2352 1712 sibilum:

340 1736 493 1892 zuperbiu
514 1734 621 1885 inge?
633 1734 711 1884 fiio:
732 1734 799 1799 tere
817 1733 1178 1885 omnebsupersffli’
1200 1733 1318 1886 mugitu
1371 1731 1518 1814 quisquis
1535 1731 1691 1883 ltroumbd·
1703 1751 1765 1812 per
1787 1751 1856 1797 eom
1877 1731 2019 1813 stupebit,
2049 1737 2076 1797 et
2096 1731 2235 1798 sibilabit
2256 1752 2352 1814 suuper

366 1846 396 1892 re
441 1841 548 1886 ronun
565 1841 597 1885 ra
667 1841 725 1884 ens
746 1839 779 1886 se
800 1838 916 1884 mensu
941 1838 1073 1885 ummo
1155 1840 1199 1885 ro.
1267 1841 1318 1884 er·
1372 1837 1491 1884 omnem
1587 1837 1640 1884 om
1661 1837 1738 1882 erus.

342 1844 568 1992 tumpquidem
593 1905 749 1971 estnihil
773 1925 843 1970 esse
866 1903 920 1971 val
950 1904 1145 1987 prudentiae
1168 1905 1219 1971 vel
1243 1926 1318 1972 eon·
1511 1838 1587 1902 pay

342 1997 406 2062 silii
429 1995 464 2058 in
486 1991 616 2057 miseris
635 1991 832 2067 hominihus,
856 1989 934 2054 dnm
950 1989 997 2055 itu
1012 1991 1200 2075 excogitent
1215 2011 1319 2056 novoe
1457 1989 1573 2074 Pergit
1590 1989 1625 2053 in
1643 1988 1758 2055 eadem
1777 1987 2023 2054 denuntiatione
2041 1989 2207 2056 Ieremies.
2242 1989 2349 2072 Opor-

342 2091 376 2149 et
398 2079 531 2146 frivolos
554 2077 671 2143 uultus.
716 2077 809 2143 Haeo
832 2076 920 2141 enim
948 2086 1025 2141 sunt
1056 2098 1146 2143 mere
1168 2077 1319 2143 ludibria.
1373 2075 1438 2139 tuit
1459 2075 1548 2141 enim
1571 2073 1657 2141 hene
1679 2073 1968 2158 emplifientionem
1991 2074 2077 2152 eddi,
2101 2086 2140 2141 ut
2162 2085 2348 2160 penetreret

342 2167 410 2235 Sed
431 2163 613 2231 notandum
647 2162 804 2246 estquod
835 2161 913 2228 dieit
935 2161 1059 2228 Peulus
1088 2163 1118 2227 2.
1141 2164 1248 2246 oepite
1278 2163 1318 2228 ed
1373 2162 1407 2225 in
1430 2161 1556 2227 animos
1579 2160 1651 2226 illos
1675 2159 1774 2226 duros
1804 2169 1838 2225 et
1866 2160 2053 2226 obstinetos.
2100 2160 2136 2228 Si
2165 2162 2253 2228 enim
2276 2172 2351 2229 teu·

343 2251 464 2319 Gulusa.
487 2247 531 2335 (v.
556 2249 620 2334 23).
659 2248 780 2315 Omnis
803 2248 963 2332 figmenta
978 2268 1061 2330 quea
1083 2249 1144 2314 sibi
1168 2248 1319 2314 homines
1373 2254 1442 2312 tum
1466 2268 1531 2313 uuo
1554 2245 1654 2312 verbo
1682 2257 1716 2310 et
1738 2244 1871 2330 vulgeri
1899 2247 2004 2311 torme
2034 2246 2259 2314 denuntiasset
2285 2247 2351 2315 illis

343 2337 513 2419 fabricant,
537 2335 658 2400 hebere
680 2336 820 2418 speeiem
844 2334 988 2417 aliquem
1011 2334 1202 2417 supientiae.
1247 2333 1319 2401 Sei·
1373 2333 1498 2398 sledem
1520 2342 1552 2398 et
1573 2333 1746 2397 interitum
1767 2332 1857 2398 urbis
1875 2341 1909 2398 et
1927 2333 2027 2398 totius
2043 2339 2159 2412 terreo,
2182 2354 2248 2399 non
2271 2333 2349 2400 iuis·

343 2443 417 2491 mus
440 2423 528 2488 enim
551 2440 616 2504 quo
639 2422 766 2487 teretur
786 2429 934 2486 nostrum
957 2421 1142 2504 ingenium:
1172 2419 1246 2486 ideo
1268 2442 1318 2488 se·
1373 2427 1446 2484 sent
1481 2419 1643 2484 oommoti.
1699 2417 1856 2483 Pluribus
1889 2438 1967 2502 argo
2001 2418 2110 2484 verbis
2151 2420 2275 2486 insistit
2308 2420 2350 2486 ad

344 2510 453 2593 pimus
476 2508 568 2572 nobie
590 2507 685 2589 ipsis:
716 2517 749 2572 at
779 2509 904 2572 interea
925 2505 1082 2589 quidquid
1104 2504 1197 2572 Deus
1227 2527 1320 2591 prae·
1374 2505 1530 2571 maiorem
1553 2504 1804 2582 vehementiam,
1832 2511 1866 2570 et
1895 2523 2025 2586 semper
2051 2504 2199 2588 loquitur
2229 2506 2263 2570 in
2285 2504 2350 2572 Dei

344 2594 457 2662 stribit
476 2601 526 2660 est
541 2594 633 2676 quusi
649 2591 836 2677 insipidum.
872 2591 1030 2658 Consedit
1045 2591 1147 2675 igitur
1161 2592 1321 2675 prophete
1373 2611 1522 2674 persone,
1550 2610 1615 2672 quo
1637 2589 1761 2656 seilioet
1788 2589 1993 2656 denuntiatio
2022 2589 2096 2673 plus
2124 2591 2243 2658 hebeat
2271 2612 2351 2676 pon·

344 2681 522 2763 improprie
552 2699 670 2744 nomen
701 2678 828 2745 oonsilii
858 2677 984 2743 frivolis
1012 2677 1079 2742 illis
1106 2687 1140 2742 et
1169 2677 1322 2744 inanibus
1374 2677 1470 2742 deris.
1517 2675 1639 2742 Portum
1666 2674 1783 2759 igitur:
1819 2674 1937 2741 deinde
1965 2676 2110 2742 senunde
2139 2679 2238 2744 etiam
2268 2678 2352 2742 retio

345 2765 553 2832 oommontis:
577 2764 634 2831 sed
653 2785 718 2830 non
733 2765 805 2831 sine
820 2785 928 2844 eausa,
950 2765 1104 2846 quoniam
1121 2765 1323 2846 experientia
1375 2761 1520 2827 notanda
1542 2771 1602 2839 est,
1636 2763 1714 2845 quie
1747 2782 1811 2826 uon
1846 2762 1927 2828 aetia
1959 2762 2021 2827 luit
2054 2762 2198 2846 praediti
2218 2763 2352 2830 Iudaeis

343 2851 418 2936 plns
440 2851 520 2918 setis
551 2849 646 2916 donet
677 2849 825 2917 homines
858 2869 988 2932 semper
1018 2847 1079 2915 sibi
1111 2849 1254 2915 blandiri
1287 2850 1322 2914 in
1375 2847 1509 2924 sladem,
1534 2847 1596 2912 nisi
1619 2847 1716 2912 simul
1740 2845 1924 2928 adderetur,
1952 2847 2060 2930 infligi
2083 2848 2146 2914 Dei
2170 2869 2289 2914 mauu:
2318 2859 2352 2915 ot

345 2938 413 3004 suis
434 2936 738 3020 superstitionibus:
763 2937 839 3021 quia
857 2935 974 3000 volunt
989 2935 1096 3000 Deum
1112 2956 1170 3002 suo
1187 2935 1322 3002 arbitrio
1375 2935 1495 2999 iustam
1518 2952 1589 2998 esse
1611 2952 1750 3016 poenam
1772 2932 1942 2999 soelerum.
1979 2931 2103 2999 Portum
2120 2934 2223 3018 igitur
2244 2934 2352 3002 urbem

345 3023 439 3106 qussi
474 3023 643 3089 eubiieere.
704 3022 795 3089 Dioit
834 3022 936 3106 igitur
972 3042 1030 3104 per
1068 3022 1322 3100 consessionem,
1374 3019 1462 3100 boue,
1485 3019 1602 3102 inquit,
1623 3019 1658 3083 iu
1679 3022 1844 3100 stuporem.
1883 3019 1967 3085 Nem
1991 3020 2036 3084 ite
2057 3019 2118 3086 hoo
2140 3019 2210 3088 looo
2231 3041 2352 3087 nomen

345 3108 530 3189 imitatore
551 3107 681 3174 emsiliu
711 3109 806 3174 toliere
828 3106 954 3190 populi,
982 3113 1009 3173 et
1034 3108 1207 3190 praeeipue
1233 3108 1324 3173 urbis
1374 3117 1450 3173 uisu
1475 3111 1604 3170 vertare
1627 3125 1760 3171 neeesse
1781 3113 1840 3180 est,
1864 3105 1940 3186 quie
1958 3106 2107 3189 sequitur
2121 3117 2235 3188 postea
2250 3106 2350 3172 retio:

347 3192 530 3268 Ierusalem¹
562 3212 645 3275 quae
666 3192 739 3258 eliis
762 3195 921 3277 magistre
942 3203 1013 3258 eret
1041 3211 1199 3273 errorum,
1222 3213 1323 3276 quum
1376 3190 1516 3274 Stupebit
1544 3191 1689 3274 quisquis
1718 3189 1866 3256 uomitu
1889 3211 1951 3272 per
1977 3211 2055 3257 eum.
2108 3191 2212 3258 Addit
2241 3193 2351 3274 etiam,

346 3286 457 3364 temen
480 3277 549 3343 illie
572 3278 697 3361 tulgere
721 3276 854 3343 deberet
876 3277 958 3376 legis
974 3276 1133 3345 doetriue.
1170 3281 1217 3345 lit
1238 3279 1325 3344 torte
1374 3278 1410 3344 iu
1441 3277 1586 3356 sibilum,
1620 3275 1706 3359 quod
1739 3275 1846 3359 potius
1879 3285 1930 3343 est
1962 3275 2188 3343 detestationis
2221 3279 2351 3364 signum

347 3363 446 3429 etiem
469 3371 520 3428 est
548 3362 667 3430 allusio
695 3363 735 3428 ed
766 3383 886 3429 nomen
915 3363 1007 3440 uiuo,
1036 3365 1122 3446 quod
1151 3364 1216 3429 iem
1247 3375 1324 3429 ente
1375 3383 1473 3446 quem
1497 3361 1640 3428 ludibrii.
1678 3361 1790 3428 Potuit
1812 3362 1899 3428 enim
1922 3369 1955 3428 et
1978 3363 2095 3429 merito
2117 3362 2231 3430 debuit
2253 3373 2351 3430 terro·

348 3449 499 3526 vidimus,
530 3457 563 3514 et
592 3449 711 3516 iterum
742 3459 855 3532 postes
886 3457 1012 3532 repetet
1040 3449 1201 3532 prophete
1229 3462 1322 3539 papa.
1376 3469 1445 3514 rem
1467 3448 1618 3516 omuibus
1639 3449 1786 3516 inoutere
1816 3447 1872 3513 ille
1895 3447 2034 3515 vestitus
2056 3449 2158 3515 totius
2181 3459 2298 3533 terrea,
2319 3461 2353 3516 et

347 3535 432 3601 Nam
456 3535 620 3622 signitioet
643 3534 705 3599 hoo
733 3535 918 3600 exinanire:
949 3534 1081 3600 temetsi
1110 3539 1227 3618 putent
1254 3537 1324 3618 qui·
1375 3536 1471 3599 ruine
1499 3535 1598 3599 etiam
1629 3545 1762 3600 aenotee
1791 3533 1890 3610 urbia,
1920 3535 1953 3599 in
1984 3535 2139 3617 quesibi
2170 3533 2262 3601 Dens
2290 3535 2353 3602 ele·

347 3623 423 3686 dam
447 3641 518 3687 esse
538 3641 656 3686 nomen
678 3620 850 3696 iustitium,
875 3620 1028 3703 quoniam
1048 3619 1126 3687 dum
1145 3631 1325 3687 eveauatur
1377 3632 1470 3770 garet
1491 3618 1700 3686 dominilium.
1744 3618 1844 3698 Dieit,
1876 3619 2029 3701 Quisquis
2057 3619 2222 3686 troummd
2249 3625 2353 3704 stupe·

348 3706 465 3791 legene
487 3705 595 3772 reddit
616 3706 706 3771 huno
727 3706 869 3772 sonitum
894 3705 1037 3772 bekbulr.
1075 3706 1250 3789 Uteuuque
1271 3707 1323 3787 sit,

349 3804 460 3856 temen
483 3793 562 3858 setis
590 3793 750 3858 uonoiunu
780 3806 830 3856 eet
859 3791 986 3857 allusio.
1031 3792 1172 3860 Subiioit
1200 3800 1324 3875 posteo,
1377 3791 1502 3858 soilioet
1524 3810 1589 3856 nou
1612 3789 1760 3876 vulgaris
1781 3789 1893 3857 future
1919 3799 1990 3857 eret
2019 3792 2200 3870 salamitae,
2231 3791 2288 3858 sed
2317 3793 2353 3858 iu

349 3877 396 3943 Et
415 3883 613 3958 prosternam
636 3898 686 3944 eos
707 3877 744 3942 iu
771 3876 879 3960 gladio
908 3898 1012 3943 ωνανιι
1040 3879 1181 3944 iuimieis
1208 3897 1323 3956 mmm,
1377 3896 1440 3960 quo
1476 3877 1661 3959 perspicere
1694 3875 1807 3944 lieerat
1839 3876 2045 3943 formidabile
2084 3879 2147 3944 Dei
2184 3877 2352 3945 iudioium.

352 3969 381 4030 et
409 3965 444 4028 iu
473 3982 570 4028 mauu
599 3983 703 4030 eorum
731 3963 788 4046 gui
816 3969 970 4044 grmeruut
996 3966 1137 4030 orimum
1170 3963 1324 4045 ipsorum.
1377 3961 1545 4045 Sequitur,

350 4047 503 4117 Saounde
525 4048 586 4113 heo
606 4057 701 4132 perte
723 4048 887 4134 signifieat
909 4049 1070 4132 propheta
1098 4070 1165 4115 non
1190 4049 1325 4132 vulgare

350 4137 419 4201 tore
448 4133 559 4200 odium
600 4153 662 4217 quo
688 4133 828 4200 Iudaeos
857 4142 1095 4217 persequentur
1123 4134 1175 4200 sui
1204 4135 1324 4201 hostes.
1464 4136 1494 4201 9.
1529 4133 1575 4199 Et
1599 4153 1734 4216 possum
1766 4154 1817 4202 eos
1850 4154 1943 4200 eume
1974 4134 2118 4216 filiorum
2149 4154 2296 4214 suorum
2329 4137 2357 4199 d

350 4220 445 4287 Bella
466 4181 631 4286 interdum
653 4231 813 4304 geruntur
828 4221 875 4285 sie
890 4229 928 4284 ut
942 4221 1086 4284 contenti
1101 4221 1168 4286 sint
1182 4221 1325 4286 virtores
1378 4237 1471 4286 comte
1500 4220 1645 4302 filiorum
1672 4240 1821 4286 mmm:
1853 4225 1880 4285 et
1906 4221 1959 4286 uir
1987 4239 2115 4287 eorsum
2132 4221 2278 4302 purim
2303 4219 2357 4286 sui

350 4307 474 4391 spoliis.
525 4305 593 4372 Sed
622 4306 785 4389 signitioet
814 4306 973 4389 prophete
1002 4305 1070 4369 iore
1100 4311 1226 4371 mutem
1255 4327 1325 4371 sae·
1378 4306 1531 4372 uomedertt
1552 4303 1627 4390 (hoo
1647 4313 1707 4384 est,
1730 4305 1851 4389 singuli
1874 4304 2045 4372 eomedent
2062 4326 2195 4371 earnem
2214 4303 2355 4389 proximi

351 4394 465 4460 vitiem
487 4392 522 4456 in
546 4390 702 4471 hostibus,
724 4401 761 4456 ut
778 4391 878 4455 vitem
903 4392 1004 4456 totius
1027 4390 1137 4473 populi
1160 4397 1326 4474 oppetant,
1378 4389 1444 4490 sui)
1464 4391 1500 4455 iu
1522 4391 1688 4473 afflictione
1717 4396 1744 4456 et
1772 4392 1929 4474 augustio,
1958 4411 2020 4473 quo
2042 4397 2156 4474 augent
2178 4390 2256 4476 (rel,
2279 4411 2354 4458 oon·

351 4489 384 4546 et
417 4478 565 4543 teruntur
598 4477 639 4542 ud
673 4475 918 4542 mediationem:
959 4476 1051 4559 qnasi
1085 4473 1218 4553 dioeret,
1258 4477 1327 4542 tore
1379 4475 1560 4562 stringant)
1589 4495 1640 4542 eos
1661 4476 1762 4543 bostes
1789 4478 1942 4558 ipsorum,
1973 4482 2001 4543 el
2028 4478 2085 4560 qui
2110 4482 2258 4560 quaeruut
2286 4477 2356 4543 urri-

351 4566 463 4632 hostes
498 4561 653 4645 eapitules
690 4571 723 4626 et
753 4580 887 4644 prorsus
919 4559 1151 4645 implaeebilee.
1200 4559 1326 4626 lterum
1378 4579 1463 4626 mom
1484 4561 1638 4644 ipsorum.

352 4659 479 4735 repetet
501 4657 615 4734 postea
638 4649 723 4714 hene
744 4648 979 4730 loquutionem,
1011 4655 1043 4711 et
1072 4645 1184 4710 eodem
1218 4667 1326 4711 sensu.

351 4739 473 4806 Postee
502 4733 608 4812 addit,
644 4732 767 4799 Pouom
794 4733 929 4800 eodooer
954 4751 1060 4798 eorum
1087 4750 1189 4798 essum
1218 4731 1328 4797 euius
1464 4732 1530 4799 His
1553 4730 1682 4815 longius
1705 4733 1913 4817 progreditur
1941 4732 2117 4816 prophete:
2148 4753 2268 4817 nempe
2290 4742 2356 4798 tem

352 4824 427 4893 eoeli
459 4827 486 4888 et
518 4819 624 4888 bestiis
656 4824 765 4886 beroe
822 4817 977 4883 Diximus
1006 4816 1100 4898 stibi,
1135 4816 1195 4883 hoo
1228 4817 1325 4881 etiam
1379 4825 1521 4883 etroeem
1545 4817 1612 4883 tore
1628 4817 1764 4897 eledem,
1787 4830 1824 4884 ut
1841 4839 1883 4884 ne
1898 4829 2007 4902 potres
2026 4817 2158 4900 quidem
2181 4830 2214 4885 et
2235 4827 2356 4886 matres

353 4909 520 4977 numerari
549 4909 636 4972 inter
665 4925 785 4989 poenos
815 4923 899 4986 quae
929 4902 1090 4969 divinitus
1118 4902 1327 4986 infliguntur,
1380 4901 1567 4968 obstineant
1589 4924 1609 4967 e
1632 4901 1752 4982 liberie,
1775 4905 1854 4988 quin
1877 4903 2036 4972 devorent
2058 4905 2208 4986 ipsorum¹
2232 4923 2355 4972 oerues.

354 4997 409 5063 nbi
432 5003 507 5080 post
529 5001 666 5059 mortem
689 4989 848 5055 eedeveru
870 4999 1005 5054 manent
1027 4987 1200 5070 insepulta.
1241 4987 1328 5052 Nem
1379 4987 1452 5053 Hoe
1475 4994 1587 5053 eutem
1610 4993 1660 5053 est
1681 4990 1910 5074 prodigiosum.
1957 4990 2107 5074 Contigit
2128 5010 2183 5054 see
2208 5011 2235 5068 a,
2262 5001 2301 5056 ut
2321 4989 2357 5054 in

353 5082 415 5148 huo
455 5089 505 5147 est
546 5079 696 5145 ultimum
741 5073 957 5140 humanitatis
994 5073 1152 5154 offitium,
1192 5071 1328 5156 sepelire
1380 5073 1496 5138 ultime
1518 5072 1743 5156 desperatione
1767 5076 1829 5141 riri
1853 5097 1971 5143 uxores
1993 5096 2070 5141 suus
2101 5084 2134 5141 et
2161 5075 2183 5140 li
2227 5096 2281 5142 ros
2309 5075 2358 5141 in-

354 5176 512 5234 mortuus.
557 5166 603 5231 Et
626 5167 687 5231 hoe
709 5162 806 5229 etium
832 5159 1009 5226 disorimen
1031 5157 1137 5223 voluit
1158 5157 1250 5224 Deus
1272 5179 1328 5223 ex·
1380 5160 1544 5243 gelarent,
1581 5158 1746 5244 (volebant
1773 5161 1861 5225 enim
1895 5181 1950 5226 eos
1989 5161 2137 5227 eximere
2169 5179 2190 5226 a
2224 5159 2358 5228 libidine

353 5262 441 5320 stare
463 5251 551 5318 inter
573 5250 723 5317 homines
741 5256 774 5314 at
797 5248 895 5314 bruta
915 5243 1080 5311 animalis.
1124 5243 1208 5309 Nem
1233 5243 1329 5310 brute
1380 5243 1538 5330 hostium)
1561 5243 1612 5310 vel
1635 5243 1850 5310 euoenderent
1871 5246 1982 5330 ignem
2013 5248 2049 5312 in
2080 5246 2187 5313 medin
2211 5246 2291 5323 toro,
2322 5255 2359 5312 ut

353 5338 510 5406 animalia
537 5347 650 5404 errent
676 5335 814 5417 sepulori
845 5333 978 5400 honore.
1023 5330 1096 5395 Hoo
1121 5337 1231 5394 eutem
1262 5329 1328 5395 siu·
1380 5329 1578 5396 ooniinerent
1609 5329 1728 5396 liberos
1758 5331 1792 5394 in
1823 5351 1955 5416 rogum,
1989 5340 2021 5398 et
2050 5353 2172 5400 uxores
2202 5352 2297 5409 aues,
2326 5339 2361 5397 et

1476 3709 1503 3770 et
1535 3704 1675 3772 sibilabit
1706 3723 1804 3786 super
1836 3723 1955 3771 omnem
1988 3705 2125 3790 plepem
2156 3707 2240 3774 urus:
2277 3706 2353 3790 qnia
