5038 6118
350 418 410 484 131
1057 517 1062 526 ὁ
1158 411 1546 482 PRsshlsouiortes
2296 413 2352 480 132

349 605 508 682 vidimus,
540 535 731 689 frequente:
763 604 921 680 ooourrit,
958 603 1017 670 sed
1050 602 1182 668 diverso
1215 623 1330 668 sensu:
1384 602 1457 668 illos
1484 601 1644 670 fallsoiter
1671 621 1779 686 agere,
1806 610 1841 668 et
1862 601 1944 668 nihil
1967 601 2058 668 aliud
2086 622 2186 686 quarn
2215 604 2352 680 mentiri,

349 689 626 774 quemadmodum
654 690 710 756 ubi
734 690 846 775 agitur
869 689 908 756 ds
931 689 1001 755 vita
1029 688 1176 768 eoelesti,
1210 687 1331 754 dioitur
1384 687 1463 754 dum
1486 690 1534 753 ita
1554 687 1736 754 obtendunt
1757 707 1862 754 ranas
1883 688 2183 772 tergiversationes:
2211 701 2248 755 tu
2270 689 2352 755 enim

348 777 443 842 Deus
472 777 636 860 plantasse
665 796 744 842 suos
773 774 901 851 eleetos,
932 794 1072 857 quorum
1094 774 1184 840 sulus
1204 773 1331 839 stabilis
1383 793 1418 840 es
1440 771 1716 861 καρδιογνώστης
1738 793 1816 858 ergo
1839 783 1875 839 tu
1897 774 2054 858 intelligis
2075 775 2110 838 in
2133 795 2190 840 ore
2211 776 2352 858 ipsorum

350 871 410 930 est.
455 859 522 929 Sed
544 861 665 927 dieitur
687 862 786 928 etiam
809 861 978 944 plantasse
1005 859 1162 944 populum
1185 860 1219 924 in
1243 871 1352 924 terra·
1383 859 1468 926 nihil
1496 881 1568 926 esse
1597 875 1723 924 reotum
1746 859 1798 925 vel
1826 860 2008 926 siuoerum:
2036 860 2115 942 quio
2135 880 2224 928 renea
2251 879 2354 926 eonor

350 968 449 1031 quarn
478 947 544 1013 illis
572 945 708 1014 dederat
735 947 771 1012 in
793 944 1043 1012 haereditatem.
1088 945 1186 1012 Nune
1213 945 1268 1010 ubi
1291 944 1331 1010 de
1377 945 1491 1028 preerat
1512 945 1568 1011 obe
1589 949 1617 1010 te
1636 950 1718 1026 seat,
1740 957 1774 1008 et
1794 955 1831 1010 tu
1850 946 1949 1011 etiam
1972 945 2166 1030 lougenhes
2186 968 2207 1013 a
2224 947 2354 1012 renibus

349 1033 499 1116 reprobis
518 1031 661 1098 habetur
678 1053 794 1111 sermo,
818 1031 897 1098 dioit
915 1031 1076 1117 propheta
1093 1051 1148 1097 ιιι
1166 1030 1331 1114 plantatos
1383 1051 1505 1097 eorum.
1550 1031 1597 1096 Ει
1625 1030 1704 1096 hino
1733 1031 1834 1096 etiam
1863 1032 1985 1097 eortius
2016 1033 2245 1182 aegaeum
2273 1031 2354 1114 quod

350 1138 420 1186 esse
442 1119 562 1197 aDeo‚
585 1137 702 1201 nempe
723 1117 802 1202 quia
824 1119 953 1200 florent,
998 1119 1053 1182 uia
1074 1124 1153 1184 sunt
1174 1116 1330 1198 frondosi,
1382 1115 1462 1195 dixi,
1491 1135 1610 1199 nempe
1631 1116 1825 1200 prophetam
1848 1116 1902 1183 hio
1923 1137 2034 1182 eoram
2090 1137 2128 1183 eo
2149 1117 2290 1202 litigare,
2316 1129 2354 1182 ut

350 1206 427 1287 quia
456 1203 556 1270 etiam
585 1204 726 1269 huotum
754 1204 936 1286 proferunt.
1016 1203 1133 1286 eoique
1163 1209 1201 1267 ut
1230 1202 1331 1268 seriis
1382 1201 1498 1268 Iudaei
1530 1203 1676 1268 sentiant
1708 1201 1799 1266 nullo
1829 1201 1925 1267 modo
1950 1223 1986 1267 se
2012 1222 2106 1285 posse
2133 1201 2269 1282 absolvi,
2302 1203 2354 1268 ubi

349 1287 457 1356 modis
475 1289 637 1373 seriptura
655 1289 781 1354 ooniert
799 1288 951 1354 homiues
968 1287 1148 1364 arboribus,
1167 1288 1215 1354 ita
1232 1288 1328 1354 etiam
1383 1299 1521 1354 ventum
1543 1287 1643 1354 fuerit
1664 1287 1705 1353 ed
1727 1286 1809 1353 illud
1831 1287 1982 1354 tribunal.
2026 1287 2194 1372 Sequitur,

351 1377 456 1441 utitur
478 1377 569 1441 varie
591 1386 624 1440 et
645 1373 826 1442 seouudum
849 1373 999 1440 divorsos
1024 1381 1191 1458 respectus
1221 1381 1329 1440 trans·

351 1461 473 1527 latione
494 1460 675 1544 plantandi.
709 1459 749 1526 In
768 1480 907 1538 summa,
931 1457 1009 1525 dioit
1031 1458 1189 1543 propheta
1211 1459 1330 1542 impios
1468 1458 1498 1524 3.
1528 1457 1572 1524 Et
1593 1462 1628 1524 tu
1651 1457 1788 1524 Iahoooh
1808 1459 1968 1542 operate
1993 1479 2042 1524 ιιι
2066 1458 2261 1544 (cognovisti
2282 1459 2355 1545 me),

350 1547 457 1612 foveri
479 1567 499 1611 a
520 1547 602 1612 Deo.
646 1546 694 1612 e:
716 1545 779 1612 hoo
801 1555 929 1612 oertum
951 1557 1018 1611 est:
1051 1546 1129 1628 quia
1151 1545 1215 1611 nisi
1237 1544 1329 1610 Deus
1381 1543 1501 1610 ridebis
1521 1563 1570 1610 ιιι
1592 1542 1696 1629 (sides
1719 1543 1798 1630 me),
1831 1549 1858 1610 et
1884 1543 2026 1625 probasti
2054 1565 2106 1611 ιιι
2130 1565 2234 1612 meaos
2262 1551 2356 1612 teram

351 1631 392 1697 ad
416 1641 544 1714 tempus
566 1631 746 1699 elementer
768 1651 843 1696 oum
865 1631 945 1714 ipsis
967 1643 1087 1714 ageret,
1110 1632 1223 1696 stetim
1246 1631 1330 1713 peri·
1382 1627 1457 1713 (hoo
1478 1641 1540 1706 est,
1563 1629 1709 1713 probasti
1732 1629 1827 1713 quale
1849 1630 1895 1694 sit
1915 1649 1970 1696 eor
1993 1652 2101 1697 meum
2124 1632 2210 1715 apud
2234 1641 2276 1710 te,
2306 1631 2355 1696 vol

351 1726 434 1784 rent.
478 1718 569 1801 Ergo
601 1717 801 1800 prosperitas
835 1736 948 1783 eorum
981 1718 1115 1801 signum
1145 1725 1196 1782 est
1221 1715 1329 1782 indul·
1382 1735 1490 1782 eoram
1514 1714 1569 1800 te),
1593 1715 1720 1780 mirate
1741 1735 1792 1782 eos
1813 1719 1964 1798 tunquam
1985 1736 2054 1782 oues
2071 1717 2114 1783 od
2131 1718 2356 1794 ιιιιίιιίιιιιι,

351 1805 481 1889 gantiae
498 1804 574 1869 Dei.
606 1803 681 1870 Hoo
704 1811 813 1868 autern
836 1801 996 1885 propheta
1018 1803 1156 1867 miratur
1178 1823 1246 1867 non
1263 1813 1328 1867 tam
1381 1806 1591 1884 epraeparo
1613 1819 1665 1866 eos
1686 1801 1730 1866 od
1750 1801 1832 1867 dien
1855 1802 2027 1870 ιιιίιίιιίι.

349 1891 477 1972 privato
509 1908 570 1955 suo
592 1888 713 1954 affeetu
742 1908 841 1970 quam
864 1897 902 1953 ut
923 1886 1056 1954 Iudaeis
1086 1887 1239 1952 ostendat
1269 1888 1330 1953 hoo

349 1995 420 2043 esse
442 1975 537 2058 quasi
566 1974 753 2058 prodigium
781 1972 907 2039 tamdiu
930 1995 949 2038 a
972 1972 1045 2039 Deo
1074 1975 1162 2056 ipsos
1185 1973 1330 2054 tolerari,
1468 1971 1638 2055 Propheta
1659 1971 1714 2038 hio
1735 1991 1802 2036 non
1825 1985 1875 2038 est
1893 1970 1934 2038 de
1955 1993 1991 2039 se
2013 1972 2083 2055 ipso
2099 1973 2254 2056 privatim
2272 1973 2356 2039 solli·

349 2081 449 2144 quum
483 2059 606 2125 senties
643 2059 814 2143 promeriti
851 2060 920 2124 siut
956 2059 1111 2124 ultimum
1148 2058 1329 2124 interitum.
1382 2058 1484 2136 oitus,
1513 2057 1571 2124 sed
1594 2058 1703 2140 potius
1725 2057 1942 2141 patrosinium
1964 2060 2100 2141 suseipit
2120 2061 2172 2125 sui
2193 2059 2354 2124 muueris:

349 2145 471 2227 Elium,
500 2145 618 2227 inquit,
647 2145 787 2211 radicem
815 2149 949 2228 ιιιηιιι.
994 2143 1197 2210 Diuturnem
1227 2145 1329 2209 ielioi·
1382 2143 1477 2226 quasi
1511 2143 1632 2208 dieeret
1664 2163 1700 2209 se
1734 2143 1875 2208 fideliter
1908 2143 2097 2211 delunotum
2138 2165 2210 2210 esse
2242 2145 2355 2222 offioio,

348 2241 452 2297 tatem
480 2230 542 2298 hao
570 2229 766 2313 metaphora
793 2231 967 2315 signifieat.
1011 2230 1102 2294 Dioit
1125 2231 1269 2312 prodiioe
1293 2232 1330 2296 ιἰι
1383 2227 1470 2312 quod
1511 2229 1671 2294 divinitus
1706 2229 1891 2294 iniunotum
1930 2238 2010 2295 erat
2072 2229 2236 2311 Quamvis
2279 2251 2355 2314 ergo

348 2319 457 2401 wem,
488 2316 550 2383 hoo
570 2326 630 2396 est,
659 2317 760 2382 luisse
783 2327 908 2383 ereetos
929 2327 963 2380 et
985 2317 1136 2382 oravisse.
1181 2315 1329 2381 Tandem
1381 2315 1501 2380 iniuste
1522 2335 1598 2394 epm
1618 2323 1896 2398 persequerentur
1917 2314 2040 2396 Iudaei,
2069 2328 2169 2398 utque
2191 2318 2292 2382 etiam
2313 2317 2356 2382 ei-

348 2402 500 2487 adiungit
531 2401 705 2484 ινιιιῑιιιι
735 2402 883 2483 fractane.
937 2401 1081 2466 Fruotus
1112 2401 1165 2466 hio
1195 2400 1236 2465 de
1265 2422 1328 2484 quo
1383 2420 1441 2465 res
1461 2398 1637 2466 Anothoth
1659 2400 1834 2484 populares
1855 2401 1936 2479 sius,
1957 2409 2066 2466 tamen
2090 2423 2156 2466 non
2179 2411 2359 2468 eommotus

350 2489 508 2572 loquitur,
530 2486 614 2552 nihil
637 2487 727 2552 aliud
750 2497 800 2553 est
822 2506 921 2571 quam
943 2487 1132 2569 progenies:
1163 2487 1257 2569 quasi
1280 2487 1328 2552 di·
1382 2485 1444 2550 fuit
1466 2487 1605 2567 privatis
1627 2485 1764 2564 iniuriis,
1794 2484 1940 2568 neglexit
1961 2485 2044 2552 illud
2070 2494 2195 2552 totum:
2228 2486 2287 2553 sed
2310 2489 2356 2552 in·

348 2582 439 2641 oeret
459 2594 526 2638 non
558 2579 687 2637 tantum
718 2573 836 2655 impios
865 2571 1002 2638 ielioiter
1031 2593 1128 2655 agere
1159 2592 1264 2653 usque
1287 2572 1328 2637 ad
1382 2577 1473 2636 terea
1494 2593 1561 2636 nou
1584 2573 1689 2654 potuit
1712 2569 1861 2636 deserere
1883 2573 2029 2638 muneris
2051 2572 2103 2650 sui
2129 2573 2357 2657 patrooinium.

349 2660 439 2726 vitae
460 2660 571 2736 linem,
605 2656 662 2724 sed
690 2676 871 2741 propagare
905 2657 1004 2723 etiam
1037 2678 1141 2741 genus
1172 2676 1268 2722 suum
1292 2667 1329 2722 ut
1382 2655 1472 2739 Ergo
1494 2656 1548 2722 hio
1566 2677 1631 2721 uon
1655 2657 1726 2739 agit
1747 2656 1788 2721 de
1810 2657 1949 2738 privetis
1969 2657 2039 2724 suis
2066 2659 2268 2735 notionibus,
2302 2658 2357 2723 sed

349 2745 493 2810 habeant
526 2743 611 2808 tilios
643 2744 854 2826 superstites,
892 2750 928 2807 ut
961 2741 1079 2808 domus
1115 2763 1226 2808 eorum
1261 2743 1328 2808 sint
1381 2751 1511 2806 tantum
1540 2741 1602 2808 sibi
1631 2740 1730 2806 fidem
1756 2749 1790 2805 et
1817 2742 2039 2808 siuoeritatem
2068 2743 2221 2810 vendioat
2246 2764 2357 2810 oerum

348 2831 502 2897 famosae.
536 2828 604 2898 Sed
620 2828 685 2894 huo
705 2827 811 2894 tendit
828 2849 965 2909 summa,
983 2827 1094 2893 Deum
1114 2847 1180 2893 nou
1199 2839 1328 2892 tantum
1381 2825 1469 2906 Deo,
1499 2827 1533 2890 iu
1556 2825 1665 2891 olfioio
1688 2826 1842 2892 doeendi:
1876 2828 1971 2909 quasi
1994 2827 2117 2895 dioeret
2138 2850 2175 2895 ss
2195 2849 2358 2912 exsequu-

349 2918 468 2999 exiguo
497 2924 644 2998 ternpore
673 2913 760 2980 ferre
787 2915 918 2998 impios,
948 2911 1006 2980 sed
1035 2912 1213 2980 extendere
1242 2913 1328 2980 hano
1380 2919 1452 2978 tum
1476 2933 1547 2978 esse
1573 2912 1659 2995 qood
1682 2912 1775 2978 Deus
1804 2912 2031 2991 maudaverat,
2062 2924 2095 2980 et
2121 2915 2196 2980 ideo
2216 2914 2358 2981 Iudaeos

349 3002 590 3085 indulgentiam
620 3000 656 3065 in
685 2999 797 3084 plures
830 3010 971 3077 aetates,
1004 3009 1044 3064 ut
1072 2999 1134 3068 filii
1162 2999 1261 3073 etiam
1292 3000 1327 3066 in
1382 3016 1448 3064 non
1480 3007 1608 3064 oertare
1634 3017 1709 3062 oum
1739 2996 1873 3063 homine
1906 2998 2054 3080 mortali,
2086 2999 2144 3066 ssd
2177 3019 2254 3066 oum
2288 3002 2359 3084 ipso

350 3085 464 3152 melem
493 3085 661 3168 opulentia
689 3092 724 3149 et
752 3085 914 3168 dignitate
942 3095 976 3150 et
1004 3086 1151 3168 potentia
1179 3087 1328 3168 patribus
1381 3083 1462 3149 Deo.
1503 3083 1594 3150 Dioit
1615 3102 1704 3166 ergo,
1731 3082 1782 3148 Ta
1802 3088 1905 3150 autem
1927 3081 2064 3150 Iehooob
2078 3085 2235 3169 cognostis
2255 3091 2359 3169 mast

350 3171 490 3237 mortuis
513 3181 679 3235 maneant.
723 3168 796 3234 Iam
820 3169 978 3252 adiungit,
1012 3170 1063 3236 Tu
1083 3171 1208 3252 quictem
1228 3191 1329 3253 prope
1380 3171 1469 3237 eides
1489 3188 1554 3252 ore,
1587 3167 1748 3252 ιιιιιὸιι
1769 3188 1821 3233 eor
1841 3189 1944 3235 meam
1965 3175 2082 3254 ιιιιιιι,
2116 3172 2178 3238 hoo
2200 3180 2269 3251 est,
2297 3172 2359 3237 sois

351 3276 385 3322 es
412 3255 448 3319 io
477 3274 530 3320 ore
562 3274 686 3337 ιιιιιι,
722 3254 779 3320 sed
803 3255 920 3334 procul
944 3273 977 3320 ee
1006 3274 1027 3318 o
1053 3254 1181 3320 reseas
1212 3275 1327 3322 ιιιιιι.
1382 3275 1482 3337 quam
1515 3255 1641 3320 sineere
1676 3255 1736 3320 tihi
1768 3254 1911 3319 serviam
1945 3264 1979 3320 et
2010 3256 2160 3322 studeam
2194 3257 2359 3324 voeationi

350 3339 450 3406 Haud
474 3338 574 3405 dubie
597 3339 701 3404 voluit
723 3348 932 3404 antevertere
954 3339 1125 3404 Ieremias:
1149 3341 1226 3421 quia
1247 3342 1329 3408 soie·
1382 3361 1473 3404 meae
1496 3340 1696 3421 satisiaoere,
1719 3352 1752 3403 et
1773 3339 1822 3405 ita
1843 3358 1959 3424 parere
1977 3349 2033 3406 tuo
2052 3341 2201 3424 imperio.
2238 3343 2360 3409 Postea

351 3425 408 3492 hat
444 3425 556 3490 statim
590 3425 799 3508 exceptiones
833 3423 901 3489 fore
934 3424 968 3488 in
1002 3433 1158 3507 promptu
1188 3423 1329 3506 Iudaeis,
1382 3426 1476 3507 quasi
1498 3425 1604 3490 viotor
1626 3425 1772 3505 insultat,
1801 3434 1836 3491 et
1858 3425 1945 3506 dieit,
1970 3424 2114 3494 Eortrobe
2134 3448 2186 3494 eos
2206 3433 2360 3510 ιιιιιιιιι

351 3511 514 3593 Quisnam
537 3531 581 3587 es,
605 3509 662 3592 qui
684 3508 739 3573 hio
761 3530 822 3575 nos
843 3511 923 3575 oitas
945 3508 986 3574 ad
1010 3508 1170 3574 iudioium
1187 3509 1278 3574 Deil.
1296 3520 1330 3575 et
1381 3529 1451 3574 oves
1472 3511 1516 3575 ad
1541 3511 1623 3574 diem
1651 3511 1865 3594 mactationis,
1893 3531 2060 3592 praepara
2091 3514 2135 3578 od
2166 3514 2359 3594 οιιίιὶιιιιι,

352 3597 408 3679 qui
441 3595 553 3679 litigas
585 3614 661 3661 oum
695 3592 784 3672 Deo,
818 3595 905 3678 quod
942 3614 1001 3658 nos
1034 3593 1199 3676 patienter
1231 3595 1329 3662 nimis
1381 3593 1500 3675 inquit.
1545 3594 1611 3658 Hie
1643 3594 1729 3660 haud
1763 3595 1859 3660 dubie
1893 3599 2052 3681 propheta
2084 3598 2189 3664 voluit
2219 3598 2360 3666 Iudaeos

351 3679 540 3747 sustineat?
585 3699 696 3746 annon
737 3699 851 3746 sumus
891 3679 961 3745 eius
1005 3677 1174 3746 oultores?
1220 3700 1327 3746 annon
1382 3700 1447 3744 uon
1470 3687 1598 3743 tantum
1622 3700 1779 3763 pungere,
1802 3680 1859 3746 sed
1882 3682 2001 3748 aeriter
2022 3683 2207 3765 eoniodere,
2237 3694 2276 3749 ut
2298 3687 2360 3752 sei-

351 3767 512 3833 saorilioia
551 3764 715 3850 quotiedie
755 3765 922 3830 offerimus
961 3765 995 3828 iu
1028 3763 1177 3846 templo?
1219 3786 1328 3831 annon
1381 3774 1456 3830 rent
1488 3785 1524 3829 se
1557 3764 1680 3830 frustra
1712 3776 1746 3830 et
1774 3766 1809 3829 in
1842 3787 1936 3832 suum
1967 3770 2144 3850 pernioiem
2176 3771 2225 3834 ita
2257 3771 2360 3836 fuisse

352 3871 467 3919 sumus
495 3851 701 3917 oiroumoisi?
734 3869 845 3914 annon
875 3869 946 3914 eam
968 3857 1008 3912 ut
1029 3849 1159 3932 signum
1182 3849 1327 3934 adoptio·
1382 3850 1539 3915 haetenus
1560 3870 1701 3928 seouros,
1724 3851 1879 3932 quonism
1896 3853 1987 3919 Deus
2008 3853 2074 3919 illis
2092 3855 2255 3936 paroebut
2292 3855 2359 3937 Qui

352 3932 1329 4105 lttttttttttttttt⁰tttl,stetisset
1381 3935 1917 4106 tttliltt”„t‘⁰tlt⁸ttlltt
1932 3937 2199 4090 ‘t'lttlttl
2224 3941 2361 4093 'loll

352 4107 484 4190 paterni
506 4105 572 4171 Dei
594 4107 630 4170 in
652 4125 714 4171 nos
737 4106 874 4171 amoris:
899 4113 937 4168 tu
959 4105 1085 4169 interea
1106 4104 1161 4168 hio
1182 4105 1234 4170 vis
1256 4127 1329 4172 esse
1381 4107 1474 4186 quasi
1497 4105 1537 4170 ad
1560 4127 1595 4172 se
1618 4127 1770 4173 reversus
1792 4119 1886 4184 esset,
1913 4107 1992 4174 hino
2015 4048 2360 4179 moterium'oh'nsolof

353 4195 470 4260 iustior
498 4192 570 4276 ipso
600 4191 687 4256 Deo:
722 4211 765 4256 an
794 4190 889 4256 Deus
921 4190 1042 4273 poterit
1070 4209 1106 4253 se
1134 4190 1243 4270 ipsum
1272 4192 1327 4256 ab·
1382 4191 1479 4254 tionis
1500 4191 1694 4273 sumpsisse:
1727 4191 1815 4274 quod
1841 4194 1964 4259 soilioet
1990 4194 2131 4262 instaret
2157 4197 2256 4279 paulo
2286 4209 2361 4282 post

354 4277 500 4364 negare?
539 4277 631 4360 atqui
667 4274 847 4342 obstrinxit
882 4274 977 4340 nohis
1012 4272 1110 4338 fidem
1144 4295 1236 4340 suam
1270 4295 1330 4358 per
1382 4275 1446 4339 Dei
1468 4274 1633 4341 iudioium.
1678 4276 1745 4342 Sed
1773 4297 1839 4343 non
1868 4277 1980 4344 dubito
2008 4281 2088 4362 quin
2117 4282 2282 4366 propheta
2304 4285 2360 4349 Iu·

353 4369 485 4449 siguum
515 4359 786 4437 oiroumoisionis,
816 4379 874 4443 per
897 4357 1071 4442 templum,
1099 4377 1158 4440 per
1180 4380 1329 4442 regnum,
1382 4358 1479 4424 daeos
1500 4361 1695 4442 respexerit,
1725 4375 1760 4426 ιι
1781 4364 1847 4428 iam
1871 4363 2036 4430 admonui.
2080 4366 2172 4450 Ergo
2202 4370 2360 4450 quoniam

354 4471 413 4534 per
435 4447 654 4515 saeerdotium
677 4457 710 4512 et
731 4464 791 4527 per
812 4444 988 4510 saorifioia:
1012 4453 1046 4508 et
1067 4443 1094 4508 si
1117 4443 1192 4525 quid
1217 4465 1328 4526 peooa·
1381 4443 1516 4509 ridebat
1537 4444 1623 4527 ipsos
1646 4454 1776 4530 torpere
1793 4449 1826 4512 in
1841 4449 1911 4514 suis
1927 4448 2056 4530 delitiis,
2079 4453 2184 4520 voluit
2198 4473 2360 4538 experge-

353 4556 439 4613 mus,
468 4547 578 4600 ιιιιιι
601 4531 778 4612 expiantur
798 4529 923 4595 seelera
952 4541 1065 4594 nostra
1093 4527 1270 4609 sacrifieiis,
1297 4540 1330 4596 et
1381 4527 1488 4595 faeere
1525 4530 1669 4611 ipsorum
1700 4554 1816 4599 sensus
1844 4554 1947 4615 quum
1975 4533 2113 4617 dioaret,
2149 4538 2255 4605 Video
2281 4539 2361 4622 quid

353 4619 511 4696 laraoris,
543 4626 577 4682 et
606 4617 678 4683 aliis
707 4614 930 4681 eaeremoniis.
983 4613 1096 4695 Quum
1126 4633 1203 4696 ergo
1232 4613 1330 4680 eoiret
1381 4613 1434 4692 sit,
1458 4614 1609 4692 Domine,
1631 4637 1749 4699 nempe
1772 4619 1957 4699 tequidem
1980 4621 2176 4701 dissimulas,
2199 4625 2256 4689 sed
2281 4624 2360 4707 quid

352 4705 515 4791 propheta
535 4712 604 4769 tam
627 4701 807 4785 loquaoiter
826 4698 966 4764 Iudaeos
992 4712 1024 4764 et
1046 4707 1201 4783 proterve
1230 4699 1329 4764 etiam
1383 4697 1443 4764 hoo
1464 4699 1555 4764 aliud
1577 4711 1627 4766 est
1652 4722 1750 4782 quam
1779 4702 1854 4769 illos
1880 4706 2032 4788 saginare
2064 4727 2168 4790 usqae
2196 4709 2240 4775 ad
2270 4709 2360 4776 diam

353 4794 465 4860 solitos
488 4787 663 4856 ostendere
684 4806 778 4852 suam
796 4805 938 4861 oausam,
961 4783 1050 4860 dioit,
1072 4782 1114 4862 0,
1137 4781 1233 4848 video
1252 4783 1330 4864 quid
1381 4783 1607 4850 mactationis?
1658 4785 1771 4852 Primo
1804 4788 1899 4868 dioit,
1935 4789 1986 4856 Ta
2017 4791 2162 4860 ιιιιιῖιιι
2194 4814 2262 4860 sos:
2304 4796 2360 4860 alii

353 4877 435 4946 mihi
458 4875 579 4944 dioturi
601 4874 682 4953 siut,
715 4891 833 4952 nempe
860 4867 948 4952 quod
975 4869 1096 4934 solent:
1130 4868 1212 4933 haee
1242 4868 1330 4933 enim
1382 4879 1526 4946 vertunt,
1556 4869 1695 4952 Eduoes,
1722 4885 1755 4935 et
1777 4874 1878 4940 eitant
1899 4874 2005 4942 loonm
2029 4898 2073 4942 ex
2094 4878 2147 4944 20.
2169 4900 2242 4962 oap.
2265 4879 2360 4946 Iudi·

353 4977 403 5030 ιιι
431 4963 499 5028 illis
532 4962 611 5028 trita
644 4957 823 5033 oantilena,
857 4953 943 5036 quod
977 4955 1044 5019 sint
1076 4951 1137 5018 filii
1166 4947 1330 5032 Abrahae,
1382 4973 1474 5032 oum,
1503 4952 1560 5019 ubi
1583 4954 1720 5020 verbum
1742 4956 1823 5023 illud
1845 4972 1903 5037 pm
1925 4962 2084 5045 aooipitor
2113 4985 2174 5047 pro
2202 4966 2360 5032 eduoerm

352 5049 561 5132 quodetiam
583 5043 778 5120 ssorilioent,
801 5051 834 5107 et
856 5039 938 5106 alios
961 5038 1105 5104 habeant
1125 5036 1238 5102 modos
1260 5037 1329 5119 pla·
1382 5039 1513 5121 proprie
1537 5037 1701 5121 signifieat
1729 5043 1891 5110 violenter
1919 5048 2110 5127 extrahere,
2144 5050 2360 5132 quemadmo-

353 5135 451 5202 oandi
468 5133 548 5198 Dei:
571 5129 691 5198 deinde
708 5125 795 5212 quod
817 5147 918 5208 penes
937 5124 1025 5207 ipsos
1042 5123 1086 5188 sit
1103 5121 1330 5201 saoerdotium,
1383 5119 1461 5187 dum
1484 5122 1539 5188 ubi
1561 5123 1657 5189 srbor
1679 5126 1847 5194 evellitur:
1881 5123 1998 5196 deinde
2025 5132 2082 5198 uhi
2111 5136 2278 5219 quispiam
2300 5159 2360 5203 ex-

354 5219 440 5304 quod
459 5238 561 5302 regno
578 5215 776 5300 glorientur:
797 5211 887 5289 haee,
906 5210 1025 5294 inquit,
1043 5206 1126 5272 mihi
1143 5216 1221 5272 nota
1238 5215 1329 5274 suut:
1382 5205 1526 5273 trabitur
1559 5218 1689 5291 praeter
1722 5213 1939 5292 voluntatem,
1975 5227 2008 5281 et
2040 5219 2164 5302 optime
2197 5224 2360 5290 eosvenit

353 5306 411 5373 sed
433 5304 588 5386 Domine,
623 5313 658 5368 tu
685 5299 749 5368 sois
778 5317 849 5364 esse
877 5296 987 5373 verba,
1020 5294 1080 5360 hoo
1109 5300 1169 5371 est,
1201 5301 1237 5356 tu
1266 5291 1330 5356 sois
1355 5287 1359 5342 Ι
1383 5310 1498 5358 ιιιιιι
1520 5291 1575 5358 ille
1597 5298 1759 5376 praesenti
1781 5297 1858 5364 loeo.
1905 5299 1956 5368 Ta
1977 5303 2079 5387 igitur
2106 5305 2253 5374 extrahes
2274 5307 2358 5386 illos,
