5038 6118
367 335 408 399 at
1164 325 1546 394 PRAEIAEOTIONES
2298 333 2342 396 28

362 541 461 605 quam
485 521 600 584 siritu
623 519 758 593 solenni,
781 517 915 591 etiure,
939 517 1321 601 etlegibusessentve·
1374 523 1522 594 vertunt,
1551 515 1776 592 invaluerunt,
1810 517 1865 582 sed
1899 537 1963 582 nen
1996 537 2055 599 pre
2085 519 2239 583 veritate:
2272 517 2341 596 alii,

363 607 438 687 cati,
458 625 495 672 ae
516 604 715 689 prohibitum
736 604 779 668 sit
800 624 842 668 ne
863 603 934 685 quis
956 603 1019 667 alio
1041 600 1193 666 discedat.
1233 600 1322 685 Ergo
1373 599 1486 683 Neque
1515 599 1555 664 ad
1585 601 1768 684 verimtem,
1798 603 1851 668 vel
1873 622 1932 685 pro
1955 603 2092 668 veritate
2113 603 2340 668 invaluerunt.

364 689 512 757 videmus
534 699 572 753 ut
593 689 726 772 impiam
747 687 1016 770 conspirationem
1046 686 1178 751 damnet
1205 686 1239 750 in
1268 705 1323 768 pe-
1375 684 1440 750 Sed
1473 707 1533 768 ego
1566 687 1717 750 existimo
1750 687 1849 752 alium
1883 709 1954 754 esse
1986 687 2163 771 propbetas
2195 708 2342 766 sensum,

364 775 448 860 pule,
478 783 511 839 et
532 774 628 841 simul
651 772 870 857 pertinaciam,
897 774 973 854 quia
995 772 1116 838 seilicet
1145 791 1211 836 nen
1234 779 1322 854 pote·
1373 769 1459 851 quod
1487 768 1611 836 scilicet
1639 791 1792 854 oppressa
1822 773 1958 838 veritate
1993 773 2065 856 plus
2094 773 2243 838 licentiae
2275 775 2342 839 sibi

364 870 439 926 rant
470 860 536 925 ullo
566 858 660 924 mede
692 860 845 924 revocari.
900 859 943 922 itt
973 856 1035 923 hae
1067 856 1192 921 ratione
1224 855 1322 920 etiam
1374 856 1583 938 sumpserint:
1618 857 1709 937 quasi
1743 856 1865 923 diceret
1897 859 2001 924 e‘sse
2034 877 2111 923 suos
2145 859 2341 941 triumphos,

365 953 459 1012 vocat
480 966 535 1011 eos
555 957 656 1020 eman,
678 943 739 1010 hoc
761 953 821 1020 est,
849 951 1112 1026 transgressores.
1155 941 1240 1006 Nam
1265 941 1323 1006 bac
1374 960 1475 1023 quum
1504 941 1624 1006 abolita
1651 946 1736 1006 esset
1757 944 1861 1008 omnis
1882 944 1906 1007 fi
1929 965 1963 1009 cs
1985 953 2017 1008 et
2039 942 2208 1009 rectitudo.
2251 943 2341 1009 Nam

365 1051 443 1098 voce
465 1031 604 1096 Hebraei
628 1029 813 1112 intelligunt
835 1049 897 1093 non
920 1027 1080 1108 quoslibet
1100 1027 1157 1110 qui
1179 1036 1324 1108 peccaut,
1376 1027 1435 1090 sub
1458 1028 1589 1090 nomine
1604 1039 1700 1094 mtbtt
1715 1026 1801 1091 baud
1824 1027 1920 1093 dubie
1937 1027 2159 1111 complectitur
2182 1030 2343 1113 propheta

365 1116 422 1182 sed
443 1116 499 1198 qui
523 1135 653 1197 prorsus
685 1123 762 1178 sunt
791 1112 956 1179 scelerati:
986 1122 1019 1178 et
1047 1113 1118 1176 ideo
1148 1112 1324 1194 prophetae
1376 1112 1488 1186 fidem,
1522 1132 1586 1193 qua
1617 1112 1707 1176 inter
1738 1133 1774 1177 se
1806 1112 1999 1179 contrahere
2032 1113 2148 1179 debent
2179 1113 2340 1180 homines.

366 1222 466 1284 quum
488 1200 664 1282 loquuntur
686 1199 725 1264 de
746 1199 909 1281 apostatis,
938 1208 994 1262 aet
1015 1196 1236 1273 defectoribus,
1268 1215 1325 1259 ro·
1378 1197 1489 1277 Quum
1519 1217 1596 1280 erge
1626 1196 1715 1261 nulla
1743 1209 1828 1262 esset
1857 1197 1942 1281 apud
1964 1219 2019 1264 eos
2045 1199 2231 1282 integritas,
2261 1199 2343 1265 dicit

366 1295 443 1352 eant
472 1305 601 1368 semper
627 1305 680 1348 ees
710 1297 819 1360 ΜΞ,
853 1282 1122 1366 quemadmodum
1155 1281 1215 1347 boe
1245 1281 1324 1346 loce.
1377 1301 1432 1347 eos
1460 1291 1623 1364 grassatos
1649 1282 1747 1347 tuisse
1776 1285 1867 1366 quasi
1896 1285 2048 1362 victores,
2077 1305 2177 1365 quum
2205 1282 2342 1366 pedibus

366 1371 442 1438 Non
464 1369 650 1453 progrediar
670 1369 814 1434 ulterius.
1378 1367 1542 1433 calcarent
1562 1387 1691 1432 omnem
1713 1368 1951 1434 rectitudinem.
1983 1370 2056 1434 Hoc
2077 1375 2186 1434 autem
2208 1369 2342 1452 signum

1378 1461 1428 1518 est
1449 1460 1613 1516 extremae
1641 1452 1828 1533 impictatis,
1858 1453 1937 1518 dnm
1959 1453 2106 1520 homines
2128 1455 2257 1537 quidvis
2278 1456 2342 1520 sibi

451 1541 481 1605 3.
504 1539 548 1604 Et
574 1538 702 1603 iamluti
731 1543 803 1603 sant
823 1539 932 1622 linque
953 1536 1099 1622 (quidam
1122 1546 1263 1616 vertunt,
1294 1547 1328 1601 et
1379 1539 1581 1618 permittunt,
1604 1545 1774 1620 postquam
1798 1547 2046 1621 prostraverunt
2066 1538 2163 1604 fidem
2181 1551 2213 1605 et
2231 1542 2343 1623 aequi·

369 1625 500 1692 iaculari
534 1623 694 1689 fecerunt:
732 1621 802 1702 alii,
836 1623 1044 1688 intenderunt
1077 1624 1204 1706 linguas
1237 1622 1326 1706 suae)
1379 1631 1490 1686 tatem.
1541 1622 1608 1686 Alii
1638 1622 1684 1687 sic
1713 1635 1899 1706 exponunt,
1929 1624 2111 1690 dominatus
2139 1624 2254 1705 fuisse,
2283 1628 2342 1689 sed

370 1731 478 1778 ereum
498 1729 590 1774 snum
611 1709 654 1773 ed
674 1708 835 1774 memorie
852 1707 921 1793 (alii
941 1718 1083 1786 vertunt,
1106 1728 1215 1773 arcum
1239 1729 1327 1771 men·
1380 1728 1446 1772 non
1466 1716 1599 1789 prepter
1615 1707 1721 1784 fidem,
1745 1717 1801 1772 aut
1815 1721 1947 1791 propter
1961 1710 2107 1789 virtutes,
2128 1712 2206 1792 quia
2221 1711 2344 1776 scilicet

369 1797 461 1873 dacii,
490 1793 547 1861 sed
577 1793 683 1877 male),
712 1799 739 1858 et
764 1813 827 1858 nen
856 1795 898 1859 ed
924 1795 1081 1858 nentem
1100 1793 1235 1859 roboreti
1256 1798 1328 1856 ssent
1379 1791 1601 1874 obrepserant,
1634 1792 1687 1855 vel
1720 1803 1972 1876 penetraverant
2004 1794 2044 1859 ad
2078 1794 2215 1860 bonores
2247 1796 2344 1860 malis

369 1885 440 1964 (aut
461 1877 683 1964 invaluerunt)
712 1880 748 1943 in
776 1883 878 1944 terre:
905 1880 981 1960 qnia
1004 1900 1026 1943 e
1046 1880 1128 1944 mete
1149 1879 1190 1942 ed
1211 1877 1329 1942 mnium
1379 1877 1501 1943 artibus
1537 1887 1570 1941 et
1608 1880 1777 1961 perversis.
1832 1879 1876 1942 Et
1908 1889 1996 1946 certe
2028 1880 2187 1962 propheta
2217 1880 2344 1963 stylum

368 1965 483 2050 egressi
503 1967 585 2047 seret,
607 1969 634 2028 et
654 1984 703 2028 me
723 1983 783 2030 nen
804 1968 989 2048 conrwsnrnt,
1010 1964 1086 2030 dicit
1109 1960 1250 2029 [novat.
1380 1962 1491 2045 dirigit
1520 1981 1586 2025 non
1614 1973 1730 2027 centra
1755 1963 1903 2030 hemines
1932 1965 2111 2049 gregarios,
2141 1965 2198 2032 sed
2227 1978 2343 2031 contra

1380 2049 1467 2131 ipses
1495 2066 1652 2129 proceres,
1682 2051 1738 2129 qui
1769 2048 2022 2114 deminutionem
2051 2050 2141 2115 illam
2167 2070 2345 2135 occupare

454 2135 633 2233 Confirmat
659 2134 813 2233 Ieremias
842 2133 926 2232 qued
955 2135 1044 2232 prius
1072 2133 1155 2231 dirit
1183 2133 1223 2198 de
1254 2154 1328 2232 pro·
1381 2131 1654 2231 rantuiraudibus.
1688 2131 1755 2198 Sed
1770 2144 1941 2200 contentus
1956 2155 2028 2199 sum
2044 2135 2098 2200 illo
2114 2156 2222 2212 sensu,
2245 2155 2343 2218 quem

370 2218 1329 2388 ttttnttlffietth,.?.¹.¹.¹.?t⁰:0⁰¹;:.t.tt⁸¹⁸.t⁰.t⁰tt
1381 2217 2163 2390 tt¹¹rtttt⁰rtmttttrtttttl⁰
2171 2226 2345 2372 wll

371 2392 460 2458 omni
482 2390 674 2454 discrimine.
708 2387 858 2455 Ostendit
879 2397 986 2453 autem
1003 2389 1197 2471 prophetae
1214 2401 1331 2454 natura
1382 2386 1536 2464 tenebris,
1565 2388 1621 2453 nbi
1648 2387 1773 2452 nullum
1804 2399 1854 2454 est
1883 2389 2072 2456 discrimen.
2118 2390 2256 2456 Summa
2284 2403 2344 2465 est,

372 2477 472 2560 ipsius
494 2474 557 2540 Dei
578 2474 648 2539 lieri
671 2494 736 2539 non
759 2494 851 2557 posse
873 2475 951 2555 quin
973 2474 1064 2538 brevi
1081 2483 1232 2555 pereant:
1255 2475 1331 2556 quia
1382 2493 1446 2538 non
1475 2481 1602 2536 tantum
1631 2471 1775 2539 addictos
1803 2475 1901 2540 fuisse
1929 2475 2116 2553 sceleribus,
2150 2475 2206 2541 sed
2233 2477 2347 2539 trium·

372 2563 399 2627 si
426 2561 517 2625 Deus
548 2569 597 2624 est
627 2559 725 2623 iudex
753 2557 864 2623 mundi
893 2578 1033 2640 eousque
1062 2560 1225 2641 progressi
1254 2569 1331 2624 sunt
1382 2557 1498 2640 phasse
1520 2555 1560 2622 de
1580 2557 1644 2622 fide
1661 2567 1693 2623 et
1707 2559 1841 2636 iustitia,
1863 2579 1963 2642 quum
1977 2560 2038 2626 sibi
2053 2559 2181 2644 quidvis
2196 2561 2346 2625 licentiae

371 2646 546 2729 impietatis
573 2655 605 2708 et
626 2645 792 2722 scelerum,
821 2652 945 2708 utnon
966 2645 1033 2708 sint
1054 2644 1192 2726 amplius
1214 2643 1330 2708 tolera·
1383 2643 1614 2726 permitterent,
1647 2644 1724 2725 qnia
1756 2644 1876 2709 scilicet
1909 2665 2003 2710 nemo
2036 2645 2174 2711 audebat
2206 2646 2346 2711 verbum

371 2731 462 2796 biles.
505 2730 597 2794 Haec
624 2739 675 2793 est
703 2750 839 2794 summa.
883 2728 994 2793 Primo
1023 2738 1131 2792 autem
1153 2729 1221 2794 loeo
1243 2729 1331 2806 dicit,
1382 2729 1486 2792 iecere
1515 2726 1557 2792 ad
1584 2728 1672 2810 ipsos
1693 2728 1897 2794 cohibendos.
1941 2730 2030 2796 Dicit
2057 2733 2092 2795 in
2112 2736 2177 2796 tete
2196 2735 2279 2795 terre
2300 2731 2347 2796 sie

372 2817 457 2897 ipsos
495 2815 663 2880 intendisse
700 2813 825 2898 lingens
861 2834 939 2880 snus
969 2819 1118 2895 tenqnenr
1149 2833 1258 2880 ereum
1289 2815 1332 2880 ue
1383 2813 1562 2888 medente,
1586 2814 1739 2894 qnoniam
1758 2815 1912 2898 exprimit
1934 2815 1988 2882 hic
2006 2814 2207 2899 deploratum
2223 2825 2347 2881 statum

372 2901 541 2966 mendacin.
591 2911 653 2984 ΤῊ
682 2900 847 2984 signifieat
879 2898 1056 2977 ambulare,
1090 2908 1123 2964 et
1154 2919 1250 2982 saepe
1279 2921 1331 2965 ec·
1383 2899 1506 2979 populi:
1537 2898 1627 2979 quasi
1656 2898 1784 2974 diceret,
1818 2900 1941 2964 nullam
1970 2921 2040 2966 esse
2068 2901 2231 2966 residuam
2253 2920 2346 2983 spem

373 2986 475 3051 currit
495 2984 556 3050 hee
576 2984 727 3050 verbum:
753 2983 809 3050 sed
831 2985 994 3068 significat
1014 2987 1112 3049 etiam
1134 2983 1277 3061 tendere,
1300 2994 1333 3048 et
1383 2982 1506 3059 salutis,
1529 2984 1683 3064 queniam
1705 2985 1825 3066 ubique
1846 3005 1999 3068 oppressa
2014 2987 2057 3051 sit
2071 2987 2191 3052 veritas
2206 2995 2239 3051 et
2254 2986 2345 3050 fides.

374 3090 469 3152 saepe
500 3068 541 3133 ad
571 3091 664 3135 arcus
690 3070 839 3134 refertur.
883 3069 1046 3150 Quoniam
1077 3078 1184 3134 autem
1208 3070 1261 3134 bic
1283 3077 1333 3135 est
1384 3068 1541 3151 Sequitur
1563 3067 1744 3149 explicatio,
1767 3069 1851 3152 quud
1874 3070 1995 3136 seilicet
2017 3092 2039 3136 e
2059 3073 2142 3136 mete
2165 3072 2207 3137 ed
2228 3071 2348 3135 melum

374 3153 408 3220 in
437 3155 662 3237 coniugatione
683 3152 808 3237 Hiphil,
838 3152 908 3217 ideo
937 3153 1108 3218 transitive
1129 3155 1258 3235 quidam
1281 3175 1331 3220 ac-
1384 3154 1590 3237 eqredientnr,
1613 3152 1674 3219 hoe
1696 3165 1754 3234 est,
1775 3155 1938 3220 obstinate
1960 3167 2099 3239 pergant
2115 3161 2149 3220 in
2165 3157 2233 3221 suis
2248 3156 2346 3220 male·

374 3241 507 3322 cipiunt
539 3238 684 3304 Debebat
705 3240 858 3321 ’apponi
878 3237 936 3302 sed
958 3239 1030 3302 aliis
1051 3239 1147 3302 etiam
1165 3238 1242 3303 locis
1260 3241 1333 3306 talis
1384 3240 1474 3304 ficiis.
1518 3238 1604 3303 Nam
1632 3240 1718 3304 exire
1745 3241 1938 3305 tantundem
1968 3243 2056 3306 valet
2077 3250 2175 3324 atque
2197 3243 2346 3306 transire.

374 3325 512 3389 mutatio
542 3324 715 3408 reperitur:
745 3339 777 3388 et
804 3343 919 3388 sensus
948 3322 1003 3387 ille
1032 3325 1151 3405 optime
1172 3325 1333 3400 convenit,
1388 3323 1563 3389 Transeunt
1590 3325 1691 3407 igitur
1716 3345 1737 3390 e
1763 3326 1846 3390 melo
1867 3345 1964 3407 esque
1984 3328 2027 3391 ed
2048 3327 2175 3404 mahen,
2205 3327 2265 3392 hec
2286 3337 2346 3404 est,

375 3411 460 3493 quod
482 3408 605 3475 scilicet
625 3407 751 3492 linques
771 3428 847 3473 sees
867 3408 1004 3474 incedere
1019 3408 1155 3489 fecerint,
1176 3409 1229 3473 vel
1248 3409 1335 3491 quod
1386 3410 1412 3471 si
1435 3410 1557 3474 crimen
1580 3409 1710 3491 aliquod
1731 3421 1911 3491 patrarunt,
1934 3411 2026 3476 nulla
2048 3413 2243 3494 poenitentia
2259 3410 2348 3475 subit

375 3494 503 3560 iaculati
522 3505 588 3559 sint
605 3494 726 3578 linguis
740 3515 817 3575 ems,
840 3504 992 3575 tanquam
1011 3513 1097 3571 arcu,
1119 3493 1334 3560 mendacium.
1386 3515 1495 3558 eurum
1518 3493 1652 3577 animos,
1675 3504 1713 3558 ut
1735 3506 1820 3559 retro
1842 3515 1877 3559 se
1898 3497 2046 3562 flectant:
2077 3495 2135 3562 sed
2156 3499 2348 3562 continuant

376 3581 538 3680 ,⁰³¹³le
556 3580 641 3644 enim
669 3599 837 3677 perperam
868 3579 947 3677 elius
976 3587 1103 3643 vertere
1125 3599 1241 3643 nomen
1264 3592 1334 3678 epte
1386 3577 1651 3677 conscelerant
1673 3578 1758 3679 mala
1779 3579 1874 3680 malis
1895 3583 2108 3648 accumulant.
2152 3581 2249 3646 Nunc
2269 3601 2348 3664 ergo

375 3674 707 3816 lsddgdunlidioseirasudii
716 3664 1144 3833 pddlsdilelidiorerddiuaddunldn
1158 3664 1337 3832 {rimie
1387 3663 1655 3831 {idididdldiadrmidn
1674 3665 1854 3825 srirballelidlilii,
1867 3668 2035 3816 pddpsidrtdl
2058 3667 2347 3816 egdddgitmdulidffi

376 3837 539 3918 praesenti
571 3835 641 3905 leco
672 3855 765 3900 arcus
796 3833 964 3899 mendacii.
1015 3833 1150 3900 Summa
1181 3842 1247 3910 est,
1280 3856 1336 3899 ees
1387 3854 1457 3898 esse
1488 3833 1620 3915 signum
1648 3835 1869 3911 correctionis,
1903 3838 2051 3918 queniam
2082 3838 2255 3902 transitum
2285 3837 2348 3900 sibi

376 3921 489 4004 lingua
510 3940 570 3984 sua
591 3929 745 4002 tanquam
767 3939 844 3985 arcu
866 3919 1022 3985 iaculatus
1040 3939 1110 3985 ease
1124 3918 1335 4001 mendacium,
1386 3919 1506 3984 iaciant
1536 3920 1576 3983 ab
1607 3940 1672 3985 uno
1705 3941 1857 4001 perverso
1890 3930 1963 3985 ectu
1995 3922 2036 3986 ad
2069 3921 2168 3987 alium
2197 3922 2347 3986 similem.

377 4005 429 4070 vel
458 4005 570 4070 iecisse
591 4005 738 4072 incedere
758 4003 973 4084 mendacium,
1002 4003 1053 4068 vel
1076 4006 1219 4087 linguam
1242 4025 1336 4070 suam
1387 4003 1429 4066 Et
1456 4023 1504 4067 nse
1531 4024 1592 4068 nen
1619 4011 1810 4088 repausarent,
1841 4007 1916 4072 dicit
1944 4007 2088 4072 letoenlr.
2133 4007 2197 4072 Hic
2226 4007 2348 4071 fontem

377 4088 551 4157 tetendisse
572 4099 723 4172 tanquam
745 4110 854 4156 arcum
877 4088 918 4154 ad
939 4088 1114 4153 mendacia.
1155 4089 1192 4156 Si
1213 4091 1337 4174 placeat
1386 4090 1530 4152 omnium
1559 4089 1718 4154 malorum
1747 4087 1897 4170 ostendit,
1926 4092 2010 4173 qued
2033 4093 2156 4158 scilicet
2178 4095 2349 4157 reiecerint

378 4176 458 4241 haee
486 4175 599 4250 versio,
628 4193 745 4257 nempe
773 4174 857 4256 quod
884 4175 1108 4258 linguaesuae
1131 4175 1335 4254 tetenderint,
1387 4194 1515 4238 omuem
1538 4173 1599 4237 Dei
1622 4176 1769 4239 notitiam
1790 4185 1823 4239 et
1845 4196 1986 4241 sensum.
2031 4177 2162 4244 Scimus
2183 4178 2268 4241 enim
2291 4176 2349 4240 ubi

379 4261 521 4326 conteret
543 4259 701 4343 propheta
722 4260 850 4342 linguas
872 4258 1017 4338 arcubus,
1038 4259 1204 4325 mendacia
1226 4274 1335 4326 autem
1387 4259 1471 4323 serio
1497 4259 1698 4340 cognoscitur
1721 4261 1821 4339 Deus,
1851 4261 1919 4325 fieri
1949 4282 2014 4326 non
2037 4283 2130 4345 posse
2152 4263 2230 4344 quin
2251 4261 2349 4326 simul

379 4346 515 4429 sagittis.
559 4343 655 4426 Quod
682 4344 723 4409 ad
750 4363 820 4408 rem
848 4346 951 4426 ipsam
973 4355 1104 4427 spectat,
1135 4344 1215 4408 nibil
1239 4347 1337 4411 refert
1387 4346 1511 4408 animos
1542 4353 1670 4408 nostres
1698 4344 1818 4410 afficiat
1839 4346 1909 4412 eins
1930 4347 2041 4411 timer:
2070 4359 2103 4411 et
2124 4347 2187 4411 Dei
2209 4346 2349 4429 cognitio

379 4432 447 4496 sive
468 4430 612 4514 legumus
632 4430 788 4496 iaculatus
809 4430 908 4494 fuisse
928 4429 1097 4495 mendacia
1118 4431 1238 4513 linguis
1259 4434 1339 4508 suis,
1386 4448 1513 4510 semper
1527 4428 1612 4509 parit
1628 4431 1843 4494 reverentiam
1859 4440 1891 4495 et
1906 4433 2034 4513 pietatis
2047 4431 2199 4498 studium.
2225 4433 2348 4496 Verum

379 4517 448 4582 sive
478 4513 651 4580 tetendisse
683 4515 811 4599 linguas
842 4535 916 4580 suas
949 4515 989 4579 ad
1022 4514 1197 4579 mendacia.
1252 4515 1336 4580 Nam
1387 4513 1517 4596 quidem
1538 4525 1597 4595 est,
1627 4512 1667 4578 ab
1693 4516 1800 4597 impiis
1822 4516 1920 4580 etiam
1943 4528 1976 4581 et
1996 4518 2140 4600 reprobis
2159 4517 2267 4582 Deum
2289 4515 2348 4580 ali-

379 4601 567 4684 simpliciter
594 4600 747 4684 intelligit
779 4599 935 4683 propheta
956 4599 1086 4683 linguas
1107 4619 1218 4664 eorum
1240 4601 1338 4666 inisse
1388 4607 1546 4681 quatenus
1568 4602 1726 4681 cognosci.
1766 4599 1850 4665 Nam
1872 4601 1912 4666 de
1935 4604 2003 4684 ipso
2027 4602 2147 4685 aliquid
2169 4603 2347 4684 imaginan-

380 4698 499 4758 acutas,
522 4684 790 4769 quemadmodum
813 4691 925 4768 postea
947 4685 1038 4761 dicet,
1061 4696 1096 4750 ut
1119 4685 1284 4750 fraudibus
1306 4694 1339 4750 et
1388 4695 1457 4748 tur:
1488 4683 1545 4748 sed
1573 4683 1630 4747 illa
1658 4696 1706 4748 est
1735 4685 1872 4750 evanida
1903 4689 2053 4769 cognitio.
2098 4687 2272 4753 Caeterum
2295 4689 2349 4750 ubi

380 4771 516 4836 fallaciis
552 4772 752 4854 configerent
784 4770 839 4835 alii
873 4770 970 4836 alios:
1010 4770 1277 4853 quemadmodum
1310 4771 1338 4835 si
1391 4770 1450 4835 hoc
1467 4766 1561 4832 nobis
1576 4788 1765 4851 persuasum
1784 4781 1841 4850 est,
1865 4773 1971 4836 Deum
1987 4793 2058 4837 esee
2072 4772 2185 4837 muudi
2200 4772 2349 4848 indicem,

381 4858 453 4938 quis
492 4876 602 4922 arcum
633 4855 779 4920 intendat
811 4865 845 4919 et
875 4856 1002 4920 emittat
1033 4858 1195 4939 sagittam.
1249 4857 1338 4940 Ergo
1388 4866 1421 4918 et
1457 4853 1581 4918 accedit
1618 4855 1717 4918 etiam
1754 4858 1896 4940 cognitio
1936 4856 2087 4923 bonitatis
2125 4867 2158 4921 et
2194 4867 2349 4940 paternae

381 4940 541 5025 significat
569 4961 679 5006 omnes
706 4959 820 5005 oerum
840 4961 1004 5006 sermones
1026 4940 1123 5005 fuisse
1145 4940 1337 5018 mortiferos,
1389 4940 1521 5022 gratiae,
1543 4938 1615 5002 lieri
1637 4960 1701 5002 nen
1724 4950 1828 5023 petest
1848 4943 1927 5023 quin
1952 4940 2044 5007 illum
2067 4951 2100 5007 et
2121 4943 2293 5006 timeamus
2316 4950 2348 5004 et

381 5026 456 5109 quia
478 5025 596 5092 intenti
617 5025 738 5091 fuerint
760 5025 932 5105 fraudibus,
960 5034 993 5089 et
1015 5025 1208 5106 imposturis,
1235 5027 1281 5090 ita
1303 5038 1339 5090 nt
1389 5033 1504 5107 sponte
1537 5041 1574 5087 ae
1606 5021 1741 5090 libenter
1773 5027 1923 5091 colamus.
1976 5027 2065 5111 Ergo
2094 5028 2255 5111 ignoratio
2285 5026 2349 5089 Dei

382 5110 507 5175 nullum
548 5121 632 5176 esset
672 5111 898 5177 commercium
931 5112 1001 5176 sine
1032 5109 1168 5175 vulnere
1199 5109 1337 5176 mortali.
1389 5121 1438 5174 est
1466 5118 1622 5190 tanquam
1652 5112 1795 5176 amentia
1822 5111 1989 5192 quaedum,
2017 5133 2098 5194 qnae
2125 5113 2272 5178 homiues
2294 5113 2348 5175 ab·

384 5195 500 5260 Postea
533 5194 636 5275 addit,
675 5217 735 5262 nen
774 5197 816 5261 ed
848 5197 1006 5262 ueritatem
1038 5194 1216 5261 invaluisse.
1272 5197 1338 5261 Alii
1390 5196 1466 5278 ripit
1505 5193 1545 5259 ad
1577 5194 1714 5276 quodvis
1746 5197 1922 5279 impietatis
1955 5217 2067 5280 genus.
2121 5198 2193 5263 Hac
2225 5198 2348 5262 ratione
