5118 6136
193 451 257 516 549
870 447 920 512 ΙΝ
942 445 1190 512 lucaniam.
1235 446 1333 514 OAP.
1356 445 1506 513 XXVII.
2126 453 2192 522 550

192 639 279 704 5515
302 659 362 704 555
390 636 616 703 multitudine:
651 636 767 711 deinde
797 636 954 702 obiiciunt
988 634 1069 699 nihil
1099 635 1166 700 lore
1218 635 1433 714 cavillatione,
1458 637 1950 720 quodscriptnracbscuraest,
1974 643 2193 711 5515555555

192 724 288 801 55551,
329 725 356 790 51
397 724 513 807 551555
545 723 641 788 115555
673 721 846 788 obtendere
879 721 944 788 Dei
974 741 1165 787 sermonem.
1218 721 1262 786 515
1284 721 1473 791 discrimen:
1496 721 1568 788 ideo
1590 723 1674 789 nihil
1695 745 1766 792 esse
1788 723 1995 812 credendum,
2019 729 2082 794 nisi
2105 730 2192 813 quod

191 812 279 877 Hinc
301 810 403 896 igitur
425 809 624 876 concludunt
651 809 840 894 simpliciter
869 806 1066 874 credendum
1096 827 1165 872 esse
1218 806 1354 875 ecclesia
1386 808 1547 874 decrevit:
1581 810 1627 873 ita
1656 810 1722 877 illis
1754 812 1922 877 hominum
1956 814 2192 899 determinatio,

192 897 361 975 ecclesiae,
393 906 424 960 et
457 895 677 978 recipiendum
707 917 777 961 5555
807 893 960 978 quidquid
985 893 1081 958 etiam
1105 892 1165 957 sub
1218 893 1314 960 sicuti
1335 896 1523 978 loquuntur,
1545 907 1593 961 est
1613 896 1708 964 unica
1726 898 1800 963 fidei
1815 898 1940 982 regula.
1973 899 2069 968 Unde
2091 903 2190 968 etiam

191 992 362 1065 praetextu
405 982 585 1065 scripturae
617 981 651 1046 in
686 980 829 1046 medium
863 979 1043 1046 adducitur.
1098 977 1165 1044 Sed
1219 980 1439 1062 pessundatur
1461 980 1501 1046 ab
1524 980 1589 1047 illis
1611 987 1681 1048 tcta
1702 984 1885 1067 scripturae
1908 986 2074 1064 autoritas,
2098 990 2190 1072 quasi

191 1068 347 1134 Ieremias
370 1068 466 1134 fidem
490 1068 611 1134 lecerat
639 1087 718 1133 snae
741 1067 936 1143 vocationis,
966 1075 1000 1131 55
1029 1085 1065 1130 55
1094 1065 1165 1147 1555
1219 1065 1311 1131 Dens
1334 1067 1455 1132 frustra
1477 1066 1632 1150 loquutus
1660 1079 1746 1134 esset
1775 1089 1833 1152 555
1862 1093 1938 1137 5555
1959 1073 2135 1156 prophetas
2159 1085 2192 1140 et

191 1153 472 1222 demonstraverat
492 1175 527 1218 se
550 1153 706 1218 divinitus
736 1153 836 1219 luisse
865 1153 1019 1231 missum,
1049 1148 1165 1214 deinde
1218 1152 1387 1235 apostolos.
1437 1151 1512 1219 Non
1541 1151 1674 1219 dubium
1705 1167 1755 1221 est
1783 1157 1861 1237 quin
1892 1159 2090 1242 obstreperis
2118 1160 2191 1226 istis

190 1241 334 1324 prolerre
368 1261 402 1306 se
435 1237 590 1304 mandata
622 1259 705 1321 quae
739 1252 906 1323 acceperat
939 1259 980 1304 ex
1013 1257 1069 1302 ore
1091 1236 1163 1301 Dei.
1219 1239 1351 1304 5551555
1380 1237 1512 1321 5555155
1539 1239 1637 1305 155515
1666 1239 1813 1306 doctrina
1835 1243 2012 1310 Ieremias:
2043 1249 2191 1327 perrexit

191 1326 357 1408 Quoniam
390 1325 490 1410 igitur
523 1333 610 1390 certa
645 1323 839 1390 documenta
874 1345 951 1390 suae
984 1321 1165 1388 vocationis
1218 1332 1328 1388 tamen
1361 1325 1396 1389 15
1429 1345 1527 1390 55555
1561 1325 1657 1392 5111511
1691 1328 1756 1404 551,
1797 1347 1835 1394 55
1867 1349 1980 1395 secure
2021 1330 2191 1397 55555515

191 1412 351 1492 ediderat,
380 1411 521 1476 liberum
544 1410 573 1475 ei
596 1410 658 1475 1515
680 1411 850 1495 insurgere
873 1410 1030 1476 55555555
1052 1429 1164 1474 55555
1217 1409 1400 1494 555555555,
1424 1409 1508 1493 5555
1533 1420 1661 1475 tantum
1683 1415 1750 1478 suis
1773 1414 1951 1482 mendaciis
1974 1416 2111 1483 Iudaeos
2134 1416 2190 1482 de·

190 1497 505 1583 pseudoprophetas,
542 1500 576 1562 et
609 1517 721 1561 eorum
755 1495 899 1562 fallacias
933 1517 998 1560 non
1034 1504 1163 1559 tantum
1216 1497 1370 1580 ciperent.
1427 1495 1544 1575 Addit,
1584 1501 1618 1561 55
1644 1498 1756 1580 555551
1785 1520 1838 1566 555
1871 1500 2024 1567 55555555
2057 1524 2073 1568 5
2106 1508 2190 1569 terro

190 1585 364 1668 despicere,
386 1582 442 1650 sed
465 1581 700 1666 quodammodo
723 1579 855 1662 calcare,
877 1582 969 1648 sicuti
994 1581 1079 1646 lacit.
1116 1579 1165 1645 Ne
1214 1587 1325 1648 vestra.
1359 1581 1440 1647 Dixi
1464 1602 1528 1646 non
1554 1603 1645 1664 posse
1668 1583 1800 1648 extendi
1821 1585 1859 1650 ad
1877 1587 1959 1654 alias
1977 1597 2108 1673 gentes:
2133 1589 2189 1655 555

191 1671 346 1754 audictis,
380 1669 503 1753 inquit,
532 1667 703 1751 prophetae
735 1673 862 1734 cestros.
907 1664 1064 1734 Concedit
1097 1665 1163 1730 11115
1216 1666 1308 1733 Dens
1329 1689 1420 1752 spem
1443 1669 1681 1734 misericordiae
1704 1671 1824 1735 fecerat
1845 1675 1979 1755 pcpnlc,
2010 1675 2189 1740 sitantum

191 1777 309 1822 nomen
333 1756 565 1822 honorificum:
597 1753 653 1819 sed
675 1752 818 1819 abusive.
864 1753 926 1819 Est
955 1753 1054 1836 igitur
1076 1761 1161 1816 cata·
1215 1764 1331 1834 sponte
1354 1767 1481 1836 pareret
1503 1754 1639 1836 imperio
1668 1776 1702 1820 re
1729 1756 1754 1822 's
1777 1757 1968 1841 Babylonis.
2014 1761 2096 1826 Erat
2117 1761 2189 1843 qui·

190 1841 344 1908 christica
372 1842 532 1925 loquutio,
568 1860 667 1922 5555
697 1841 875 1924 555555555
906 1838 1075 1904 nominat:
1106 1836 1162 1901 sed
1216 1839 1287 1903 dem
1310 1839 1390 1905 haec
1413 1861 1476 1904 555
1508 1840 1603 1921 51555
1633 1841 1713 1906 1555
1727 1844 1855 1926 gentis:
1885 1844 1941 1910 sed
1972 1855 2081 1911 tamen
2110 1868 2188 1930 pars

190 1929 347 2012 relinquit
368 1929 433 1993 11115
456 1926 606 2007 5155155,
633 1926 710 2007 5515
739 1947 805 1990 555
828 1925 1021 2010 litigandum
1051 1931 1100 1988 555
1123 1923 1162 1988 55
1214 1924 1416 2009 clementiae,
1439 1925 1522 2008 quod
1542 1925 1633 1994 Deus
1657 1949 1720 1992 non
1743 1949 1871 1994 summo
1890 1931 1961 1996 1555
1983 1941 2095 2015 ageret
2112 1954 2185 1999 cnm

191 2015 331 2081 vocibus.
387 2014 520 2078 Interea
554 2025 662 2077 autem
696 2011 839 2077 ostendit
879 2012 1013 2076 minime
1047 2009 1161 2094 dignos
1214 2010 1358 2090 Indaeis,
1391 2011 1446 2078 sed
1476 2011 1594 2077 leniter
1621 2023 1653 2078 et
1682 2025 1818 2097 paterna
1846 2016 2066 2083 moderatione
2100 2018 2187 2101 ipsos

190 2122 260 2166 esse
293 2101 349 2182 551
381 2098 565 2164 audiantur.
620 2098 709 2182 Ergo
741 2097 832 2163 nulla
867 2098 933 2163 illis
966 2095 1162 2179 relinquitur
1213 2099 1397 2182 castigaret.
1446 2097 1525 2162 Fuit
1558 2099 1643 2164 enim
1677 2097 1757 2166 haec
1790 2121 1893 2183 poena
1924 2103 2117 2183 tolerabilis,
2151 2105 2186 2168 in

190 2187 361 2269 autoritas,
396 2185 449 2250 ubi
483 2183 670 2251 conceditur
706 2205 763 2267 per
791 2183 929 2250 abusum
963 2182 1103 2265 simplex
1130 2189 1163 2246 et
1214 2183 1319 2265 patria
1348 2204 1492 2262 manere,
1526 2192 1559 2250 et
1591 2183 1733 2266 pendere
1765 2186 1895 2269 aliquod
1928 2188 2084 2254 55155555
2117 2189 2187 2274 regi

189 2274 286 2338 inane
308 2293 444 2338 nomen:
474 2271 570 2336 sicuti
600 2268 694 2334 hodie
724 2291 894 2352 possumus
918 2290 1034 2336 vocare
1060 2276 1093 2332 et
1114 2287 1162 2331 sa·
1214 2269 1398 2353 babylonio.
1436 2268 1530 2335 Deus
1551 2292 1630 2355 ergo
1652 2271 1834 2356 mitigasset
1856 2294 1992 2355 poenam
2015 2276 2136 2358 populi,
2159 2277 2187 2341 51

190 2358 346 2440 cerdotes,
380 2369 413 2423 55
441 2357 621 2439 551555555,
654 2364 687 2419 55
718 2355 941 2441 presbyteros,
974 2354 1028 2438 qui
1062 2354 1162 2417 larvis
1214 2365 1340 2421 tantum
1363 2363 1478 2439 sponte
1500 2355 1652 2422 subiisset
1673 2357 1795 2441 iugum.
1829 2359 1902 2426 Hoc
1919 2355 1974 2425 555
1991 2362 2075 2443 quod
2099 2379 2188 2426 nunc

190 2445 261 2511 istis
284 2468 319 2510 se
342 2444 514 2526 obtegunt,
543 2443 667 2506 interea
697 2440 898 2508 ostendimus
925 2441 1007 2509 51511
1035 2461 1104 2506 5555
1125 2439 1160 2503 15
1186 2438 1188 2527 l
1214 2441 1292 2507 dicit
1312 2441 1479 2508 Ieremias.
1524 2441 1831 2526 Pseudoprophetee
1864 2445 1925 2511 hoc
1953 2453 2082 2510 tantum
2111 2461 2186 2529 555-

189 2531 269 2614 15515
291 2528 482 2613 5515555515,
512 2527 593 2592 51511
617 2527 885 2608 55515515551555,
918 2527 1000 2592 nihil
1022 2524 1162 2607 denique
1186 2530 1188 2585 1
1214 2536 1300 2608 5555,
1334 2538 1370 2593 55
1392 2527 1504 2612 555551
1527 2549 1585 2594 555
1608 2529 1772 2594 55555555
1794 2549 1812 2592 5
1834 2532 1942 2614 555515
1964 2541 2093 2612 555555,
2125 2533 2187 2598 555

189 2616 274 2700 quod
298 2616 404 2699 sapiat
426 2613 550 2681 Christi
574 2614 763 2695 doctrinam,
787 2613 960 2680 55151155
980 2612 1162 2696 legitimum
1186 2588 1189 2688 l
1214 2626 1281 2696 est,
1322 2615 1447 2698 putatis
1483 2635 1538 2680 555
1571 2615 1640 2680 fore
1673 2615 1836 2680 1555555
1869 2616 1909 2681 55
1942 2617 2031 2682 5551
2066 2637 2185 2700 poena:

189 2701 347 2767 ordinem.
396 2701 515 2765 Postea
541 2699 646 2776 addit,
677 2703 730 2782 qui
761 2699 992 2778 5155555515,
1025 2697 1162 2780 5155555,
1187 2715 1190 2782 p
1217 2699 1306 2765 Dens
1329 2711 1437 2766 eutem
1461 2707 1593 2782 paratus
1615 2713 1664 2766 est
1682 2702 1847 2768 vobiscum
1863 2703 1976 2768 mitius
2000 2725 2105 2787 agere,
2130 2726 2187 2770 ne·

190 2789 264 2854 Noc
290 2788 429 2852 55515515
455 2785 524 2870 regi
554 2785 735 2868 Babylonis.
789 2785 941 2854 Diximus
969 2784 1030 2850 hcc
1063 2805 1161 2848 mem·
1215 2807 1277 2868 qne
1308 2797 1416 2850 tamen
1441 2786 1510 2851 5515
1539 2787 1574 2850 15
1603 2792 1708 2850 totum
1743 2789 1909 2871 ignoscere
1939 2788 2028 2854 vitiis
2050 2790 2186 2855 vestris:

189 2875 284 2939 brum
319 2896 337 2938 a
367 2871 558 2956 quibusdam
591 2873 674 2936 55551
705 2873 738 2936 15
770 2871 866 2936 5555
895 2871 1066 2937 hortativa.
1112 2869 1162 2934 Ne
1215 2871 1270 2936 sed
1294 2871 1374 2937 haec
1396 2872 1566 2956 castigatio
1587 2872 1679 2938 55515
1706 2873 1768 2937 5515
1797 2873 1901 2939 1551115
1924 2875 2081 2954 55155555,
2110 2877 2188 2958 5515

188 2959 350 3038 555515515,
374 2960 466 3042 55551
489 2957 626 3023 1555555
650 2959 833 3024 animarent
855 2957 929 3022 15151
951 2955 999 3021 1111
1022 2956 1161 3038 prophe·
1216 2959 1388 3023 manebitis
1410 2959 1443 3022 15
1467 2958 1584 3039 patria:
1608 2960 1638 3024 si
1658 2966 1766 3023 55555
1793 2958 1924 3024 55551515
1945 2960 2186 3044 impostoribus,

189 3057 242 3111 tae
264 3045 304 3110 ad
327 3046 441 3128 iugum
469 3043 711 3109 excutiendum.
757 3043 822 3110 Sed
853 3052 958 3126 potest
987 3044 1084 3106 etiam
1114 3062 1162 3104 re·
1215 3043 1348 3108 trahent
1370 3065 1425 3110 vos
1455 3043 1488 3106 in
1518 3044 1732 3126 longinquum
1760 3044 1930 3123 exsilium,
1958 3047 2034 3128 5515
2062 3047 2188 3112 51151555

188 3133 286 3198 tineri
304 3133 435 3214 propria
453 3129 759 3214 verbisignifieatio,
777 3129 1000 3195 concertastis.
1031 3127 1162 3193 Scimus
1214 3149 1277 3213 555,
1300 3129 1414 3212 155515,
1438 3127 1636 3212 5555151115.
1672 3127 1708 3196 81
1726 3150 1858 3196 555555
1882 3130 2032 3198 obiicitur
2049 3131 2187 3197 Iudaeos

189 3215 703 3299 551515155511155555555555,
733 3236 833 3298 5555
863 3215 896 3279 15
920 3213 1064 3280 medinm
1088 3233 1162 3294 pro·
1215 3215 1445 3298 55555551555
1469 3223 1591 3281 certtrm
1615 3215 1770 3281 15515155
1794 3217 1907 3296 lacere,
1931 3220 2083 3301 potiusne
2098 3218 2188 3283 Iere-

189 3305 306 3382 dircnt,
330 3302 431 3368 151555
454 3302 545 3385 55551
568 3299 630 3365 1)51
654 3300 787 3385 legatos,
810 3301 866 3384 551
882 3322 993 3384 55555
1017 3306 1050 3366 55
1072 3299 1161 3382 5515·
1216 3301 1299 3366 miae
1340 3300 1489 3368 habenda
1527 3309 1611 3368 esset
1643 3301 1740 3381 fides,
1780 3322 1877 3383 qnam
1916 3303 2065 3386 pluribus
2104 3304 2187 3387 aliis,

189 3403 273 3468 tem,
303 3400 335 3454 et
366 3388 476 3452 omnia
505 3406 658 3470 prospera
681 3387 809 3452 ludaeis
837 3385 1083 3470 promitterent:
1116 3385 1161 3452 sic
1215 3387 1383 3472 responsio
1413 3387 1522 3453 estin
1553 3400 1714 3469 promptu.
1759 3387 1831 3454 8151
1861 3390 1948 3454 5515
1977 3399 2073 3456 55555
2101 3390 2188 3454 male

189 3473 371 3560 fingebant,
403 3494 503 3557 quum
534 3481 662 3551 temen,
697 3481 734 3538 ut
767 3473 831 3538 ianr
862 3471 985 3538 dictum
1019 3472 1098 3551 1515,
1130 3479 1163 3535 55
1215 3474 1344 3550 conscii,
1366 3494 1426 3540 nec
1447 3493 1530 3556 opus
1548 3484 1619 3538 erat
1637 3493 1695 3554 per
1714 3474 1828 3558 longos
1844 3475 1999 3540 circuitus
2020 3475 2187 3557 inquirere

188 3562 286 3644 paulo
316 3568 388 3643 5555
416 3581 529 3624 555555
558 3557 759 3638 videbimus,
792 3557 885 3624 Deus
913 3567 1051 3624 testatus
1077 3566 1162 3624 esset
1216 3559 1368 3643 quidnam
1403 3569 1487 3626 esset
1519 3579 1644 3625 verum.
1698 3557 1931 3642 Unusquisque
1964 3561 2052 3626 enim
2085 3561 2118 3626 in
2152 3581 2187 3628 se

188 3667 254 3712 non
279 3647 365 3712 alind
389 3666 460 3711 5555
484 3644 678 3726 remedium,
707 3645 768 3710 nisi
791 3653 829 3710 55
851 3645 988 3729 5555155
1009 3664 1044 3710 55
1064 3641 1162 3709 subii·
1216 3646 1356 3712 5555555
1377 3647 1440 3711 Dei
1461 3643 1628 3711 iudicium.
1671 3643 1757 3710 Nam
1780 3643 1965 3712 5515555555
1987 3667 2006 3710 5
2028 3667 2110 3730 puro
2122 3646 2187 3712 Dei

187 3743 277 3800 55555
298 3733 368 3817 regi
390 3730 568 3817 babylonio.
616 3729 778 3815 Sequitur,
1215 3732 1322 3811 cultu,
1343 3741 1389 3810 ¹et
1418 3751 1488 3798 5555
1515 3730 1769 3814 inquinaverant
1798 3733 1912 3797 multis
1940 3732 2048 3815 impiis
2073 3753 2187 3816 super·

1216 3817 1415 3884 stitionibus:
1439 3815 1557 3882 deinde
1571 3829 1719 3900 grassata
1740 3817 1848 3883 155555
1865 3818 2010 3883 555155
2026 3818 2187 3885 scelerum

277 3905 327 3970 10.
360 3903 442 3984 Quia
472 3903 670 3970 mendacium
698 3903 762 3985 ipsi
787 3901 972 3988 5555555555
998 3899 1098 3986 55515,
1128 3905 1163 3966 cl
1216 3904 1346 3971 licentia
1373 3903 1459 3968 inter
1490 3903 1594 3984 ipsos:
1628 3901 1784 3968 admoniti
1816 3905 1944 3969 1555555
1976 3924 2044 3969 555
2076 3904 2187 3988 55551,

181 3991 298 4074 555551
320 3991 475 4056 55555551
504 4009 557 4056 voc
586 4009 602 4053 e
630 3993 716 4054 terro
744 3993 864 4067 555155,
894 3993 922 4052 55
950 3987 1075 4054 51151555
1101 4006 1162 4066 cos,
1217 4010 1274 4056 nec
1298 4009 1362 4054 uno
1386 3988 1446 4067 die,
1470 3987 1527 4054 sed
1549 4010 1569 4054 a
1591 3987 1739 4072 pluribus
1761 3991 1938 4073 prophetis,
1967 3988 2084 4055 deinde
2107 3991 2187 4056 5551-

187 4083 216 4144 55
231 4076 378 4159 percotis.
1217 4076 1279 4141 due
1301 4085 1334 4140 et
1356 4096 1413 4158 per
1434 4074 1569 4158 longum
1586 4085 1722 4158 tempus.
1757 4074 1868 4155 Quum
1892 4076 1993 4159 igitur
2007 4076 2054 4141 ita
2072 4096 2193 4159 provo·

1216 4171 1346 4228 cessent
1368 4161 1532 4226 obstinata
1553 4160 1678 4226 malitia
1693 4159 1755 4225 Dei
1774 4160 1958 4240 vindictam,
1980 4181 2022 4225 55
2042 4168 2193 4244 poterant

276 4247 340 4312 Hic
364 4249 460 4312 etiarn
485 4267 599 4312 555555
622 4247 794 4312 confirmat
816 4243 900 4328 quod
927 4242 1010 4325 dixi,
1041 4264 1162 4310 sermo·
1217 4247 1382 4330 ambigere
1404 4248 1483 4328 quin
1505 4246 1661 4312 Ieremias
1683 4267 1759 4311 5555
1782 4247 1874 4329 55551
1903 4268 1945 4312 ex
1966 4267 2022 4312 ore
2044 4247 2125 4332 Dei,
2160 4257 2193 4313 et

190 4356 264 4400 nem
288 4332 376 4398 bunc
397 4332 520 4399 scilicet
544 4331 701 4397 destinari
715 4331 855 4408 1555515,
879 4339 911 4395 55
933 4351 1002 4396 esse
1024 4330 1164 4413 peculia·
1217 4332 1364 4400 coelestis
1386 4351 1503 4416 praeeo
1524 4332 1604 4415 15515
1620 4332 1831 4398 denuntiaret
1845 4331 1931 4416 quod
1947 4333 2056 4398 meriti
2074 4331 2190 4399 erant?

189 4441 270 4486 ram.
305 4418 377 4485 Hoc
400 4419 487 4483 enim
512 4439 576 4482 non
599 4427 724 4501 poterut
749 4418 891 4500 55515515
915 4415 1066 4501 gentibus
1089 4436 1164 4500 qua·
1218 4420 1262 4485 115
1284 4431 1370 4485 certe
1392 4419 1519 4501 5555155
1540 4415 1722 4484 obtendunt
1744 4418 1893 4484 homines
1916 4438 2027 4484 errore
2057 4439 2092 4484 se
2115 4419 2191 4497 labi,

190 4506 295 4571 drare.
327 4503 491 4589 Quidquid
508 4525 585 4588 ergo
602 4525 704 4587 nuper
720 4502 841 4570 dietum
857 4511 906 4568 est
921 4501 961 4569 de
976 4501 1164 4586 auguribus,
1218 4504 1271 4571 551
1294 4504 1439 4584 inscitie,
1470 4525 1598 4586 semper
1626 4509 1780 4586 poterunt
1802 4503 1896 4572 deiici
1919 4505 1959 4570 ab
1981 4504 2042 4571 isto
2065 4504 2193 4570 subter·

189 4601 224 4658 et
246 4592 361 4676 magis,
384 4600 417 4656 et
440 4590 570 4667 divinis,
599 4589 687 4654 5555
711 4589 806 4655 55515
829 4589 940 4654 debuit
962 4586 1102 4672 intelligi
1125 4587 1164 4653 de
1218 4592 1328 4676 fugio:
1358 4591 1435 4674 quia
1465 4591 1663 4656 conscientia
1693 4590 1825 4673 5555515
1846 4591 1934 4672 15555
1956 4593 2123 4675 coarguit,
2158 4597 2193 4655 55

189 4676 507 4760 15555555155511115,
520 4675 648 4760 551555
661 4677 792 4740 555155
805 4675 992 4758 5555555155
1008 4674 1163 4739 5155555
1217 4678 1339 4743 55111515
1370 4677 1411 4742 55
1445 4697 1499 4742 555
1532 4673 1742 4741 damnandos.
1793 4676 1896 4741 Addit
1929 4676 2020 4744 Deus
2053 4676 2192 4741 Iudaeos

188 4763 283 4828 illum
306 4764 461 4846 populum
485 4761 648 4828 151155555.
693 4759 784 4826 Dicit
811 4761 1008 4827 mendacium
1033 4759 1164 4842 propbe-
1212 4763 1380 4846 periturcs‚
1411 4761 1474 4827 5151
1497 4763 1709 4846 praeveniant
1729 4768 1911 4828 extremum
1933 4762 2098 4842 iudicium,
2129 4761 2192 4828 hoc

189 4855 268 4914 ture.
302 4848 375 4912 Non
399 4847 533 4914 dubium
553 4858 602 4913 est
621 4845 698 4928 5515
714 4845 808 4912 55151
824 4857 973 4913 5555555
998 4846 1165 4929 posuerint
1218 4859 1277 4928 est,
1307 4848 1463 4914 51515555
1485 4847 1663 4913 subiiciunt
1685 4854 1839 4930 paternae
1866 4848 2081 4932 castigationi.
2126 4846 2192 4914 Hic

191 4953 251 4999 sua
272 4933 488 5018 subterfugia:
513 4935 586 5000 Tibi
609 4942 710 5016 igitur
733 4933 790 4997 uni
812 4867 995 4998 credeturl
1018 4940 1055 4996 55
1077 4930 1165 4996 55155
1218 4935 1306 5001 15555
1329 4933 1447 5017 dignus
1468 4940 1519 4998 est
1540 4942 1669 5014 notatu,
1701 4934 1974 5016 quemadmodum
1997 4933 2095 5017 paulo
2118 4941 2193 5018 post

191 5019 256 5086 eris
290 5018 414 5085 verax?
454 5019 542 5085 unde
583 5017 733 5103 probabis
770 5017 927 5102 quidquid
968 5017 1062 5084 doces
1095 5037 1165 5082 esse
1218 5022 1334 5086 iterum
1360 5018 1558 5085 videbimus:
1589 5021 1666 5103 quia
1694 5019 1771 5086 hino
1801 5020 1956 5086 docemur
1984 5018 2066 5084 nihil
2097 5019 2191 5086 55515

191 5105 329 5171 coeleste
361 5104 545 5182 oraculum,
578 5108 657 5172 15555
686 5113 794 5169 55555
827 5102 962 5170 fallere?
993 5101 1048 5170 815
1078 5103 1165 5168 5515
1217 5126 1288 5172 5555
1309 5106 1443 5188 551155,
1473 5106 1599 5188 quoties
1625 5105 1766 5172 ostendit
1787 5105 1880 5171 Deus
1908 5104 2040 5188 signum
2062 5104 2192 5188 aliquod

191 5191 299 5258 solent
321 5191 508 5274 obstrepere
530 5191 636 5274 impii,
662 5189 932 5274 quemadmodum
957 5187 1052 5254 hodie
1075 5187 1164 5255 vide·
1218 5193 1287 5258 irae
1310 5211 1396 5267 suae,
1421 5211 1516 5274 5555
1540 5211 1600 5257 555
1622 5212 1736 5275 555555
1759 5190 1799 5256 55
1823 5190 2039 5275 tolerantiam,
2062 5193 2090 5257 51
2113 5191 2193 5258 55115

192 5299 266 5345 555
287 5279 442 5364 Ι55515555
475 5298 544 5343 5555
578 5290 687 5361 tegere
720 5277 778 5343 sub
812 5276 874 5342 555
907 5276 1030 5341 55555.
1079 5275 1164 5340 Ν55
1198 5298 1356 5362 poenam
1380 5275 1420 5342 de
1442 5277 1536 5343 nobis
1557 5298 1703 5358 sumere,
1732 5277 1807 5360 quia
1835 5275 1896 5343 hoc
1925 5275 2020 5342 modo
2042 5275 2194 5344 dabimus

193 5365 347 5449 quidquid
382 5363 661 5429 abominationum
702 5372 752 5429 est
790 5362 956 5429 occultant
996 5358 1058 5428 hnc
1097 5364 1166 5427 sola
1218 5384 1347 5447 semper
1367 5362 1474 5432 locum
1497 5371 1531 5428 et
1553 5361 1677 5429 aditum
1706 5361 1944 5429 misericordiae
1974 5362 2058 5429 eius:
2090 5364 2194 5450 perti·

1457 5474 1458 5477 ,
1934 5465 1986 5520 35,
