5038 6118
361 407 401 473 87
1166 408 1552 476 Pasuuucrlouus
2315 405 2353 472 88

362 617 434 664 esee
462 595 629 680 fn'gidum,
662 617 723 662 neo
746 597 842 662 video
874 598 947 681 quis
979 617 1095 664 sensus
1128 600 1242 682 possit·
1261 597 1340 662 iude
1364 603 1369 619 “
1392 619 1480 664 nunc
1501 595 1664 664 Moabitas
1692 599 1842 684 aggredi,
1871 607 1905 664 et
1925 597 1998 664 illos
2028 595 2175 679 redigere
2202 595 2237 659 iu
2264 614 2352 659 suam

363 683 447 749 elici.
492 681 559 748 Sed
582 682 745 766 propheta
768 684 885 748 merito
908 682 995 762 dicit,
1025 683 1199 751 infeliciter
1221 685 1339 767 guber·
1364 657 1367 727 i
1391 691 1603 766 potestatem:
1638 684 1695 750 sed
1725 693 1836 769 postea
1868 685 1961 767 quasi
1990 693 2081 748 motu
2108 683 2216 748 subito
2246 693 2355 762 reptos

363 787 461 834 neme
482 779 550 832 tam
572 787 668 850 reges
691 778 858 833 eteorum
881 769 1084 836 consiliarios
1113 789 1211 852 quam
1233 789 1340 834 secer-
1390 769 1546 834 fueritin
1568 769 1735 836 Iudaeam.
1760 770 1827 838 Sed
1848 769 1929 835 illud
1953 782 2003 835 est
2024 769 2243 852 nugatorium.
2285 764 2355 830 Nou

364 853 455 918 dotes
477 863 512 918 et
531 853 725 937 prophetes,
757 856 834 936 guia
861 875 924 920 non
952 856 1143 937 quaesierint
1163 853 1278 937 Deum,
1307 863 1341 918 et
1391 855 1504 920 dubito
1533 854 1634 940 igitur
1667 859 1745 938 quin
1780 854 1939 939 prophete
1972 854 2154 937 respexerit
2182 853 2290 935 potius
2318 851 2355 913 ad

365 942 518 1021 quoniam
541 939 634 1003 nulla
655 950 742 1004 emet
762 941 828 1006 illie
845 959 924 1005 oure
940 941 1081 1023 pietatis,
1104 941 1186 1006 fatui
1208 941 1340 1006 merint
1390 939 1545 1020 Iudaeos,
1573 942 1637 1023 vqui
1671 941 1799 1024 pridem
1836 950 2052 1007 emueveraut
2083 961 2102 1004 e
2135 958 2170 1005 se
2203 937 2356 1020 repellere

364 1025 410 1090 lit
431 1026 605 1090 confirmet
626 1024 712 1091 hauc
735 1027 1036 1108 interpretationem
1067 1026 1154 1109 quod
1181 1027 1342 1108 sequitur,
1391 1046 1521 1091 omnem
1551 1037 1683 1104 metum,
1718 1029 1809 1111 quasi
1837 1027 1906 1092 auis
1927 1026 2071 1092 consiliis
2103 1035 2236 1109 possent
2264 1023 2357 1086 rebus

365 1109 410 1175 Et
430 1130 518 1176 omne
538 1113 620 1192 guad
649 1115 716 1176 erat
743 1111 778 1176 ia
805 1113 939 1192 parmis
966 1113 1120 1193 ipsorum
1153 1119 1215 1176 eto.
1258 1111 1340 1177 Pro-
1365 1148 1368 1197 Ι
1392 1112 1459 1176 suis
1477 1113 1598 1195 optime
1616 1113 1795 1178 consulere.
1827 1111 1957 1179 Scimus
1973 1112 2071 1190 euim,
2088 1111 2214 1194 quoties
2230 1106 2357 1191 aliquod

364 1196 465 1279 pheta
487 1197 576 1260 euim
595 1196 728 1262 ridetur
746 1197 800 1263 hio
818 1199 959 1280 speciem
981 1198 1140 1263 subiicere
1162 1199 1285 1281 generi,
1309 1203 1342 1260 et
1365 1202 1368 1273 l
1392 1199 1568 1263 discrimen
1605 1199 1813 1281 impendebat
1844 1200 1884 1262 ab
1917 1197 2078 1281 Assyriis,
2114 1197 2225 1262 solitos
2262 1194 2358 1258 luisse

365 1281 539 1348 ostendere
561 1283 830 1365 gubernationem
854 1283 944 1347 illem
966 1283 1066 1348 fuisse
1088 1284 1274 1359 infaustam,
1308 1293 1341 1346 et
1392 1285 1565 1367 confugere
1587 1284 1640 1348 vel
1663 1285 1696 1348 iu
1716 1287 1915 1368 Aegyptum,
1938 1284 1989 1347 vel
2012 1283 2047 1346 iu
2066 1280 2275 1348 Chaldaeum.
2309 1280 2359 1344 Ita

365 1367 573 1433 maledictam
597 1390 616 1431 a
638 1368 721 1444 Deo,
752 1369 907 1450 quoniam
930 1369 1079 1451 neglecte
1100 1369 1198 1433 luerit
1226 1370 1340 1450 pietas.
1392 1389 1471 1452 ergo
1492 1369 1620 1453 providi
1643 1380 1746 1450 erant,
1777 1376 1815 1435 ut
1836 1377 1991 1452 putarent
2019 1369 2116 1434 rebus
2145 1369 2211 1432 suis
2240 1365 2359 1446 optime

366 1454 456 1536 llrgo
479 1453 665 1536 specialiter
687 1453 766 1520 dicit
783 1473 906 1536 pascito
925 1455 1027 1534 fuisse
1049 1455 1183 1536 dmarta,
1205 1455 1267 1519 hoc
1281 1459 1342 1532 est,
1393 1475 1464 1520 esse
1485 1465 1705 1538 prospectum,
1738 1455 1765 1520 si
1790 1456 1849 1520 hoc
1871 1455 1924 1520 vel
1953 1453 2034 1518 illud
2064 1463 2245 1518 statuerant
2275 1450 2358 1533 epud

366 1558 500 1622 gregem
556 1541 590 1603 ui
621 1551 693 1604 erat
722 1541 757 1603 iu
788 1542 917 1622 pascuis
949 1539 1049 1606 luisse
1081 1560 1213 1621 prorsus
1246 1540 1341 1604 diesi·
1391 1561 1439 1605 se.
1468 1539 1598 1604 Deinde
1615 1561 1717 1624 quum
1736 1541 1913 1623 prophetae
1931 1539 2170 1604 denuntiabant
2186 1535 2359 1602 vindictam

365 1634 491 1709 patum.
534 1560 702 1707 bantur,
1392 1625 1467 1704 Dei,
1491 1625 1639 1692 solebant
1661 1636 1788 1692 tantum
1812 1629 1973 1710 respicere
1995 1625 2072 1708 quid
2095 1645 2194 1707 prope
2216 1625 2360 1698 instaret,

1394 1712 1487 1795 quasi
1509 1712 1600 1776 Deos
1629 1721 1795 1777 momento
1819 1733 1883 1776 uno
1906 1732 1972 1776 uon
1994 1719 2106 1793 posset
2127 1711 2167 1774 ab
2189 1720 2264 1773 ortu
2286 1706 2361 1772 solis

453 1796 505 1860 22.
542 1795 610 1860 Vox
642 1797 782 1860 mmoris
814 1815 877 1862 ecce
909 1797 1004 1874 vend,
1039 1801 1068 1860 et
1095 1797 1244 1878 strepitus
1275 1794 1341 1881 (vel
1394 1817 1496 1880 nsque
1518 1797 1558 1860 ad
1577 1818 1726 1863 occasum
1749 1798 1877 1864 vibrare
1899 1818 1959 1862 sua
1976 1797 2124 1862 fulmina.
2157 1794 2270 1876 Quum
2288 1813 2361 1874 ergo

369 1881 546 1965 tumultus)
573 1900 710 1964 magnus
738 1878 933 1965 (commotio,
962 1881 1018 1946 elii
1040 1882 1189 1969 vertunt)
1216 1887 1343 1947 eterra
1394 1882 1475 1947 haec
1497 1884 1653 1948 securitas
1682 1893 1847 1966 torporem
1870 1893 1903 1948 et
1924 1883 2159 1948 contumaciam
2188 1878 2362 1945 obduceret

368 1967 539 2047 amaeam,
560 1967 604 2031 ad
620 1969 784 2046 ponendas
804 1967 896 2032 arbes
914 1966 1058 2033 Iebudab
1077 1969 1112 2032 ia
1130 1969 1342 2050 vectationem,
1367 2018 1370 2045 ,
1395 1967 1538 2046 ludaeis,
1571 1968 1732 2053 prophete
1754 1970 1870 2033 mento
1893 1968 2044 2033 hocloco
2070 1967 2249 2046 exclamet,
2285 1962 2361 2040 Scio,

368 2051 560 2118 dometium
581 2052 761 2116 draconum.
1396 2053 1545 2136 lamas,
1576 2055 1657 2136 qaod
1678 2074 1742 2118 non
1763 2056 1804 2120 eil
1827 2074 1924 2137 penes
1950 2052 2105 2118 bominem
2125 2054 2179 2117 oia
2200 2052 2281 2132 eins,
2313 2067 2363 2112 nee

1390 2159 1488 2222 penes
1521 2141 1625 2204 viram
1656 2139 1872 2220 ambulantem,
1905 2145 1940 2203 ut
1971 2139 2092 2222 demut
2120 2157 2250 2221 pressus
2282 2155 2362 2200 usos.

457 2223 529 2288 Hoc
551 2243 651 2288 versu
674 2224 768 2288 docet
789 2225 946 2289 Ieremias
979 2225 1043 2290 iem
1074 2245 1140 2290 uon
1168 2245 1250 2308 opus
1273 2245 1343 2288 esse
1396 2224 1492 2290 Nono
1515 2236 1664 2289 tenemus
1686 2227 1720 2289 io
1743 2247 1838 2309 qoem
1862 2227 1961 2290 finem
1985 2225 2099 2289 tendat
2127 2222 2305 2305 prophetet
2333 2233 2363 2283 et

371 2309 490 2392 popolo
520 2309 685 2374 obstinata
717 2310 784 2374 ulla
812 2310 1003 2392 prophetica
1032 2308 1186 2375 doctriua.
1231 2309 1344 2392 Neque
1396 2309 1456 2374 hoo
1474 2331 1603 2394 semper
1619 2311 1858 2392 respiciendum
1877 2323 1934 2389 cst,
1955 2311 1983 2374 si
1998 2308 2148 2392 cupimus
2165 2329 2239 2374 oum
2259 2309 2363 2370 fructu

370 2395 459 2458 euim
493 2393 627 2460 dubium
659 2406 709 2460 est
737 2397 817 2478 quin
851 2397 952 2462 tacita
980 2397 1024 2462 sit
1054 2396 1226 2460 antithesis
1258 2396 1345 2459 inter
1396 2396 1504 2478 legere
1532 2416 1744 2479 quaecunque
1766 2398 1886 2479 scripta
1908 2405 2003 2460 eunt:
2037 2414 2154 2477 nempe
2176 2407 2214 2457 ut
2235 2403 2362 2474 repute-

371 2499 486 2546 vooem
509 2479 582 2557 Dei,
612 2500 695 2562 quae
718 2479 854 2547 debebat
881 2481 1013 2548 assidue
1034 2501 1208 2564 personare
1230 2482 1264 2544 iu
1287 2480 1343 2544 Iu·
1395 2502 1469 2546 mus
1491 2481 1587 2563 quale
1608 2483 1706 2546 luerit
1728 2483 1898 2546 consilium
1929 2481 2063 2565 spiritus
2092 2480 2213 2545 sancti:
2248 2476 2363 2542 deinde

372 2563 463 2643 deee,
485 2577 518 2628 et
538 2565 627 2630 iuter
649 2566 867 2632 tumultuosos
888 2568 1048 2631 clamores
1068 2566 1223 2632 hostium.
1257 2566 1341 2629 Nam
1396 2568 1429 2630 in
1453 2588 1547 2649 quem
1571 2588 1702 2649 scopum
1725 2568 1827 2633 verba
1849 2568 2022 2631 direxerit:
2046 2564 2099 2630 ubi
2123 2566 2184 2630 hoc
2207 2579 2363 2636 muamus,

371 2651 571 2800 liiiiilis
587 2651 1161 2821 “llntt‘ptltlltttttl
1188 2651 1343 2819 {iiiiii
1396 2652 1683 2820 intulisti
1704 2652 2101 2821 ‘tetigeritis
2129 2649 2199 2800 ill
2216 2650 2390 2798 tttt

371 2820 463 2886 surdi
486 2835 581 2886 erant
602 2818 644 2886 ed
667 2843 777 2888 vocem
795 2822 871 2899 Dei,
894 2822 1052 2906 prophete
1073 2822 1219 2888 ostendit
1239 2842 1344 2887 novos
1396 2824 1495 2888 etiam
1517 2825 1544 2887 si
1567 2822 1670 2887 multa
1691 2823 1787 2900 dicet,
1810 2845 1876 2890 noo
1899 2833 2007 2888 tauma
2031 2823 2173 2903 attinget
2193 2822 2302 2902 ipsam
2321 2817 2365 2882 rei

372 2905 519 2972 doctores
542 2907 606 2972 iam
627 2909 761 2991 instare,
783 2911 839 2991 qui
862 2909 925 2974 alio
945 2907 1040 2974 meda
1057 2921 1092 2975 et
1109 2907 1239 2974 insolito
1256 2908 1344 2990 ipsos
1396 2928 1570 2973 summam.
1622 2909 1812 2975 Notandum
1845 2917 1954 2974 autem
1986 2919 2051 2982 eet,
2085 2906 2299 2990 prophetam,
2331 2917 2365 2967 ut

373 2992 560 3074 percellant.
595 2993 662 3058 Vox
683 3013 762 3078 ergo
783 2994 930 3061 emmonis
951 2995 1062 3060 audita
1081 3000 1142 3060 eet:
1163 3015 1228 3060 nou
1243 2993 1345 3058 vultis
1396 2993 1535 3058 antehac
1556 2995 1641 3072 lecit,
1663 2995 1751 3078 loqui
1773 3015 1920 3060 seorsum
1942 3014 1979 3059 ao
2000 2995 2029 3058 si
2052 2991 2160 3058 Deum
2182 2990 2292 3057 solum
2316 2989 2366 3053 he·

373 3097 427 3140 me
455 3089 488 3140 et
518 3077 600 3142 alios
628 3078 693 3143 Dei
726 3100 839 3145 servos
872 3079 998 3155 audire,
1031 3081 1085 3146 sed
1110 3101 1170 3145 noa
1197 3079 1346 3146 elam
1395 3080 1488 3145 beret
1516 3088 1649 3158 testem,
1682 3081 1759 3163 quia
1792 3080 1882 3145 videt
1914 3099 1990 3145 euos
2022 3078 2194 3162 populares
2231 3077 2280 3141 sic
2314 3077 2365 3139 ob-

373 3162 457 3226 vertit
485 3162 525 3226 ab
556 3164 716 3246 aquilone,
749 3165 811 3229 hoe
841 3177 904 3241 est,
938 3164 1095 3230 Ohaldaei
1126 3180 1223 3230 eruut
1251 3165 1345 3231 vobis
1397 3165 1555 3240 duruisse,
1585 3176 1623 3230 ut
1644 3167 1768 3231 frustra
1795 3165 1882 3250 apud
1904 3186 1959 3231 eos
1981 3162 2081 3229 verba
2108 3161 2233 3227 fundat.
2279 3161 2365 3242 Quo·

375 3247 533 3330 magistri,
555 3267 616 3329 ego
633 3251 765 3314 remitto
784 3269 841 3314 vos
855 3251 896 3313 ed
912 3269 1023 3313 eorum
1043 3249 1195 3326 scholam,
1216 3249 1344 3332 quando
1398 3251 1487 3316 niem
1509 3271 1588 3335 ergo
1608 3250 1696 3316 videt
1719 3260 1845 3316 tentam
1868 3271 1938 3316 esse
1956 3251 2109 3314 duritiem
2127 3250 2162 3312 iu
2181 3248 2314 3332 populo,
2335 3254 2367 3309 ut

373 3351 509 3416 operam
543 3333 669 3414 perdidi
703 3344 751 3399 tot
780 3335 884 3410 anuis,
919 3347 953 3398 et
975 3335 1030 3417 qui
1059 3345 1135 3399 ante
1158 3355 1210 3398 me
1231 3334 1345 3400 sedulo
1399 3336 1481 3401 nihil
1503 3336 1700 3418 sperandum
1723 3339 1775 3416 sit,
1806 3338 1833 3402 ei
1857 3337 1897 3401 ad
1920 3339 2006 3418 ipsos
2031 3335 2129 3400 verba
2151 3335 2266 3398 iaciat:
2287 3332 2367 3410 ,ideo

375 3419 486 3484 eonati
507 3429 585 3482 sunt
606 3439 667 3483 vos
690 3420 844 3485 redueere
865 3423 900 3484 iu
917 3423 1016 3503 viam,
1039 3429 1073 3484 et
1091 3440 1226 3502 quorum
1249 3439 1347 3502 opere
1398 3422 1560 3486 convertit
1581 3443 1616 3486 se
1638 3421 1678 3486 ad
1702 3421 1821 3501 Deum,
1841 3423 1924 3504 quod
1948 3430 1999 3486 est
2020 3421 2152 3504 signum
2175 3418 2367 3501 desperatio

376 3524 456 3570 usus
478 3513 529 3568 est
551 3504 651 3582 Deus,
682 3515 716 3569 et
738 3506 793 3588 qui
815 3517 882 3570 tem
905 3504 1045 3570 fideliter
1067 3504 1218 3570 volebant
1248 3503 1347 3570 saluti
1400 3506 1459 3583 nis,
1492 3517 1650 3588 quantum
1674 3509 1817 3590 pertinet
1838 3507 1880 3571 ed
1901 3507 2071 3571 hominum
2095 3506 2243 3589 ingenia:
2279 3502 2368 3585 quasi

376 3599 504 3656 vestrae
532 3589 719 3655 consulere:
752 3611 855 3672 neque
881 3591 969 3656 enim
991 3590 1040 3655 illi
1062 3595 1140 3656 suut
1162 3591 1267 3674 magis
1289 3610 1346 3653 au·
1400 3590 1534 3670 diceret,
1565 3590 1637 3658 Iem
1667 3592 1750 3656 nihil
1780 3593 1843 3657 erit
1871 3592 1951 3656 mihi
1974 3592 2096 3675 negotii
2118 3611 2195 3656 cum
2217 3591 2281 3655 hoo
2305 3601 2368 3652 tam

377 3673 436 3739 diti
465 3696 564 3757 quam
595 3695 664 3760 ego.
708 3675 782 3741 Non
812 3697 889 3760 ergo
920 3675 1080 3742 docebunt
1104 3696 1163 3742 vos
1190 3675 1345 3758 amplius:
1399 3697 1553 3760 perverso
1582 3678 1719 3761 populo:
1750 3699 1825 3742 uam
1848 3678 2005 3742 hactenus
2027 3677 2107 3742 satis
2129 3695 2293 3759 superque
2316 3695 2367 3736 ex·

377 3761 443 3826 iem
471 3781 530 3828 vos
560 3761 600 3826 ed
631 3760 814 3827 Chaldaeos
847 3763 970 3845 ablego,
1002 3761 1051 3826 illi
1083 3781 1143 3826 vos
1176 3759 1346 3825 dooehunt
1400 3775 1607 3846 pertaesum
1630 3762 1822 3828 indomitam
1846 3763 2167 3846 eiusperricaoiam:
2190 3762 2369 3844 egoigitur

377 3845 529 3929 Simplex
551 3858 599 3912 eet
621 3847 678 3912 ille
701 3866 827 3912 seusus.
862 3846 931 3911 Voa
950 3867 1029 3930 ergo
1050 3846 1198 3928 summa,
1220 3845 1271 3910 vel
1293 3865 1348 3909 au·
1401 3869 1488 3914 nunc
1516 3868 1622 3932 cogor,
1651 3847 1844 3924 oDemiue,
1878 3867 2060 3913 sermonem
2090 3844 2176 3931 apud
2200 3857 2232 3911 te
2254 3847 2369 3918 iecere,

379 3935 467 4000 ditus
484 3933 524 3996 ad
544 3933 687 3998 verbum.
718 3933 808 3998 Dicit
830 3943 948 4008 aarum
971 3931 1120 3996 auditum
1143 3930 1265 4007 venire,
1288 3929 1348 3994 hee
1400 3934 1492 4016 quasi
1522 3933 1608 3998 solue
1639 3953 1742 4000 essem
1772 3935 1807 3997 iu
1835 3933 1965 3998 mundo.
2009 3931 2102 3999 Haeo
2131 3933 2215 3996 ratio
2239 3941 2295 3996 est
2315 3950 2369 3996 cur

379 4030 438 4098 est,
471 4038 585 4085 vocem
615 4037 697 4100 quae
727 4015 886 4093 audietur,
920 4017 1072 4099 quoniam
1102 4015 1225 4082 seilicet
1252 4035 1349 4080 auree
1401 4018 1496 4098 dieat,
1525 4039 1558 4084 ee
1579 4018 1685 4085 Deam
1713 4020 1817 4100 ipsum
1846 4018 2035 4101 oorapellare.
2080 4018 2221 4099 Reliqua
2243 4015 2370 4080 differe·

379 4103 578 4190 propheticis
601 4103 877 4168 admonitionibus
897 4102 1108 4168 occluserant.
1140 4100 1184 4165 Et
1199 4100 1349 4167 tumultus
1400 4123 1474 4168 mus
1496 4105 1529 4168 in
1552 4105 1741 4170 crastinum.

378 4209 529 4343 iidb'drusu's
544 4187 1124 4372 vglljpcotffmgltlrglfaetgzrappggsslgffic.
1138 4185 1350 4353 qhbunihdebhd
1488 4273 1641 4338 Diximus
1664 4274 1735 4339 heri
1758 4295 1821 4357 quo
1842 4274 1977 4339 oonsilio
2010 4275 2171 4339 exclamet
2203 4272 2368 4356 propheta,

309 4435 312 4442 ⁴
379 4361 612 4427 laboraverant
639 4357 726 4442 epud
750 4357 905 4423 Iudaeos:
934 4377 1025 4440 quaer
1054 4356 1175 4422 droeret
1199 4355 1350 4421 [eramiae
1401 4376 1463 4422 non
1485 4378 1549 4424 esse
1572 4358 1842 4440 pensaunium
1862 4361 1948 4424 cmm
1969 4362 2047 4426 ciue
2091 4360 2176 4424 Nam
2198 4359 2276 4441 quia
2298 4378 2368 4421 seu·

380 4447 519 4513 Iudaeos
542 4445 649 4509 velint
669 4443 776 4510 nolint
797 4442 867 4508 iore
890 4451 1032 4508 attentos
1054 4440 1095 4506 ad
1118 4441 1206 4506 hunc
1228 4441 1350 4506 tumul·
1403 4445 1506 4508 tentia
1528 4442 1667 4528 abrupta
1688 4451 1747 4520 est,
1770 4446 1912 4510 trahitur
1931 4447 1965 4509 iu
1984 4447 2130 4511 diverses
2153 4453 2273 4528 pertus.
2304 4439 2367 4506 Sed

381 4547 509 4599 tuoenm
527 4531 713 4606 clamorem,
732 4549 849 4612 nempe
864 4527 907 4592 ad
919 4527 1082 4610 ponendae
1097 4524 1351 4609 arbrelebndab,
1403 4529 1547 4594 breviter
1569 4529 1715 4612 exposui,
1743 4529 1932 4612 prophetem
1955 4530 2163 4597 securitatem
2187 4529 2299 4613 populi
2321 4528 2368 4592 sui

379 4620 499 4701 iuquit,
527 4617 563 4681 in
585 4615 789 4682 vadabeaem
810 4617 837 4678 et
857 4611 1049 4679 dornitilium
1069 4612 1246 4676 draconum.
1292 4609 1350 4676 Se·
1403 4615 1630 4698 perstringere,
1652 4615 1730 4696 quia
1751 4615 1910 4696 putebant
1928 4637 1963 4682 se
1979 4637 2049 4683 esse
2065 4627 2161 4683 extra
2182 4615 2368 4700 perieulum,

382 4707 504 4788 quitur,
1404 4697 1456 4763 val
1478 4700 1554 4780 quia
1583 4705 1752 4782 sperarent
1781 4701 1937 4766 auxilium
1960 4723 1979 4764 a
2002 4703 2118 4767 vicinis
2139 4711 2173 4767 et
2195 4698 2368 4766 foederatis

1404 4783 1570 4868 gentibus:
1598 4782 1651 4849 rel
1672 4784 1749 4867 quia
1770 4786 1928 4866 putebant
1949 4790 2030 4852 satis
2051 4787 2113 4853 sibi
2135 4807 2208 4852 esee
2228 4786 2368 4850 inlturae

468 4875 520 4940 23.
553 4871 637 4938 Neai
659 4868 806 4952 Iebovalr,
836 4867 917 4950 guod
939 4885 1000 4932 non
1020 4867 1064 4932 eit
1087 4886 1181 4950 petes
1202 4865 1353 4932 Ῑιοιιιὸιιοιιι
1404 4879 1437 4935 st
1458 4867 1610 4951 praesidii
1640 4869 1673 4932 in
1696 4869 1810 4952 opibus
1840 4873 1987 4955 propriis.
2032 4872 2133 4938 Ridet
2163 4875 2267 4956 igitur
2297 4889 2367 4954 pro·

382 4962 437 5027 nia
458 4963 537 5044 ciete
559 4977 621 5025 non
642 4957 685 5024 eit
701 4975 798 5039 penca
818 4953 922 5020 mnam
945 4951 1159 5032 ambulantem,
1181 4957 1215 5018 ut
1234 4951 1354 5036 dbipm
1404 4951 1503 5038 pheta
1526 4953 1611 5019 haue
1632 4953 1765 5020 stult-am
1789 4957 2029 5038 confidentiam,
2059 4969 2093 5023 et
2115 4959 2195 5025 dicit
2223 4977 2286 5022 non
2308 4974 2369 5021 esse

381 5065 523 5132 pessum
543 5064 645 5112 mum
1399 5057 1496 5120 panes
1518 5035 1668 5104 bominem
1689 5039 1775 5106 omns
1795 5043 1879 5106 aar:
1898 5063 1952 5110 nec
1967 5064 2066 5124 peace
2083 5047 2189 5110 mum
2209 5041 2368 5109 ambulm

1405 5127 1471 5204 am,
1493 5127 1527 5190 ut
1548 5123 1666 5226 dirigat
1684 5145 1825 5208 ameum
1845 5145 1949 5192 tuum.
1985 5129 2088 5194 Porro
2110 5131 2289 5195 nomadum
2313 5139 2367 5201 est,

470 5216 637 5282 Restriote
658 5212 823 5295 accipiunt
845 5211 905 5276 hoo
924 5207 1036 5275 Iudaei
1060 5204 1100 5272 de
1118 5205 1351 5282 Sennacherib,
1405 5207 1457 5275 bio
1480 5227 1545 5274 uon
1569 5228 1620 5294 agr
1644 5209 1683 5276 de
1705 5210 1857 5293 consiliis,
1882 5213 1939 5278 sed
1960 5215 2088 5280 etiamsi
2111 5215 2292 5299 prudenter
2315 5216 2368 5278 ho·

383 5303 440 5387 qui
474 5310 636 5368 statueret
669 5319 727 5383 pro
761 5317 821 5364 suc
854 5293 988 5361 arbitrio
1020 5309 1107 5358 nouo
1136 5293 1353 5374 Ammonitas,
1405 5293 1509 5362 minos
1531 5292 1627 5362 rebus
1649 5295 1717 5362 eois
1738 5297 1938 5380 prospiciant
1965 5315 2064 5385 negm
2092 5303 2253 5386 prophete
2273 5321 2367 5366 even·
