5134 6124
356 416 420 482 263
1168 409 1555 478 PuduLeomoNus
2299 413 2361 479 264

356 612 465 688 potest
496 605 598 687 accipi
631 625 691 690 pro
723 603 817 669 vultu
851 602 924 668 Dei.
976 601 1048 668 Etsi
1082 602 1170 667 enim
1203 597 1335 685 saepius
1387 599 1579 684 prophetam
1603 600 1650 667 sic
1673 600 1772 667 fuisse
1800 600 1986 685 loquutnm,
2016 600 2093 684 quia
2119 598 2234 665 Iudaei
2264 621 2361 684 quum

358 691 524 775 significat
557 689 876 756 excandescentiam:
915 697 1025 753 tamen
1059 688 1211 770 qnoniam
1246 687 1335 769 dicit,
1389 689 1587 770 respicerent
1616 708 1701 752 nuno
1730 688 1764 751 in
1791 687 1957 773 Assyrios,
1988 708 2077 753 nunc
2106 686 2140 750 in
2170 685 2363 771 Aegyptios,

356 779 473 862 Ignem
508 777 715 854 accendistis,
751 777 803 841 hic
837 774 966 840 videtur
999 772 1117 840 melius
1150 773 1335 850 convenire,
1388 772 1548 855 putabant
1581 773 1642 837 sibi
1673 772 1741 838 fore
1770 772 1849 839 sotis
1879 773 2034 857 praesidii
2065 771 2225 839 adversus
2254 773 2362 838 Deum

357 864 392 928 r'u
414 863 501 928 calta
522 882 596 929 mcc.
641 862 694 929 Ad
724 862 820 944 haec,
854 859 975 926 saeculi
1008 860 1141 925 nomine
1171 859 1336 943 signifieat
1388 862 1504 942 ipsum,
1529 879 1593 924 uon
1619 859 1704 941 quod
1728 858 1857 939 diserte,
1880 860 1933 925 vel
1955 861 2055 924 etiam
2079 858 2235 924 meditato
2259 858 2361 924 Deum

358 950 467 1015 Deum
506 949 574 1013 fore
610 946 850 1033 implacabilem
886 946 1035 1011 Iudaeis:
1072 947 1149 1029 quia
1186 947 1230 1010 ita
1267 965 1335 1010 me·
1388 956 1598 1029 spernerent:
1627 943 1685 1010 sed
1707 944 1893 1013 videbimus
1914 956 2026 1029 postea
2048 965 2115 1011 non
2145 967 2241 1029 posse
2270 946 2364 1010 aliter

359 1036 413 1100 riti
436 1043 523 1100 eunt.
1388 1033 1459 1098 fieri
1482 1031 1560 1114 quin
1586 1032 1675 1098 Deus
1697 1051 1757 1113 pro
1779 1031 1883 1097 nihilo
1905 1031 2055 1111 ducatur,
2086 1032 2143 1097 ubi
2173 1032 2261 1097 salus
2283 1033 2363 1115 peti·

1389 1129 1443 1183 tur
1465 1115 1505 1182 ab
1528 1117 1661 1182 homine
1689 1117 1833 1182 mortali.
1877 1118 1967 1202 Ergo
1997 1118 2150 1200 quoniam
2182 1117 2263 1184 haec
2290 1138 2362 1201 per-

444 1239 474 1307 5,
509 1239 563 1306 ,550
583 1239 659 1305 arcp
681 1237 827 1320 Jehovah,
854 1235 1044 1303 medidus
1064 1238 1115 1302 ,qr
1136 1237 1192 1320 quq
1211 1235 1337 1318 confidit
1389 1226 1484 1303 yersa
1504 1202 1624 1269 fiducia
1642 1202 1810 1269 obstaculo
1829 1215 1901 1269 erat
1917 1203 2058 1286 ludaeis,
2077 1225 2119 1268 ne
2137 1202 2364 1270 recumberent

357 1331 394 1394 p,
416 1327 538 1394 homin,
576 1331 604 1392 εἰ
619 1327 714 1408 pomp
734 1345 860 1392 ,amm
881 1323 1041 1390 amatam
1063 1344 1165 1408 mm,
1195 1317 1264 1389 effa
1287 1322 1336 1387 Ῑθ,
1388 1311 1424 1354 ru
1451 1289 1515 1354 Dei
1548 1290 1700 1388 gratiam,
1731 1300 1765 1353 et
1793 1289 1903 1355 minus
1930 1292 2029 1354 etiam
2060 1288 2100 1355 ad
2130 1290 2364 1388 poenitentiam

359 1413 459 1480 hovas,
479 1377 626 1479 ave'mm
648 1416 693 1477 ,gp
714 1431 768 1478 00,
790 1412 876 1476 eru„
1389 1375 1639 1454 adducerentur,
1668 1383 1715 1439 rta
1738 1375 1892 1458 loquutus
1914 1385 1965 1442 est
1988 1375 2155 1459 propheta,
2179 1375 2365 1442 Maledictus

1389 1467 1434 1528 cst
1455 1463 1507 1527 cir
1528 1463 1584 1544 qui
1605 1461 1730 1541 confidit
1751 1463 1786 1525 iu
1810 1461 1942 1528 bomine.
1976 1462 2120 1527 Videtur
2138 1463 2278 1544 abrupta
2296 1483 2365 1528 esse

366 1613 372 1624 ,
445 1525 474 1589 6·
499 1522 543 1588 Ei
562 1518 1336 1622 erlillfflmllflffl(⁸5⁰V‘21'Pffi00mmlffnil0f)
1389 1549 1569 1615 sententia:
1598 1547 1664 1624 sed,
1691 1547 1966 1631 quemadmodum
1989 1549 2054 1614 ianr
2078 1547 2156 1625 dixi,
2185 1546 2365 1613 notandum

358 1633 394 1676 Μ
415 1612 541 1693 demi
571 1614 680 1675 eim
701 1608 815 1675 ‘'idib'‘
836 1627 933 1690 duum
954 1609 1052 1672 vemet
1073 1607 1185 1672 imum
1208 1605 1252 1692 (ιά
1276 1618 1335 1689 ‘m’
1389 1644 1447 1713 est,
1477 1633 1658 1700 doctrinam
1686 1633 1866 1717 prophetae
1896 1656 1961 1700 non
1992 1635 2134 1717 potuisse
2164 1634 2261 1700 aliter
2290 1655 2365 1700 con-

358 1694 577 1781 f⁰⁰⁰⁰¹¹diu²⁸i
605 1701 632 1760 ⁶⁶
653 1693 803 1761 mimi
824 1695 859 1759 Ψ
883 1691 1074 1760 “ffatim
1095 1693 1130 1758 θ’*
1151 1694 1279 1778 dirimi
1302 1693 1337 1757 ’7²²
1389 1721 1525 1800 firmari,
1555 1720 1620 1785 nisi
1646 1727 1816 1786 excuteret
1842 1721 1911 1786 suis
1941 1719 2150 1804 popularibus
2180 1721 2365 1804 superbiam

358 1789 442 1849 im
462 1782 647 1865 Mididi&
667 1787 695 1847 ‘i
715 1801 794 1864 W
815 1801 876 1845 '³⁰¹2
896 1779 1064 1846 habitatur·
1389 1807 1479 1871 illam
1508 1825 1572 1890 qua
1599 1815 1694 1870 erant
1722 1807 1903 1871 excaecati:
1933 1827 2035 1890 quum
2065 1806 2189 1872 scilicet
2214 1815 2367 1890 putarent

1391 1894 1573 1978 Aegyptios
1596 1892 1656 1956 sihi
1681 1911 1752 1957 esse
1773 1894 1880 1957 instar
1897 1893 1987 1957 mille
2006 1893 2151 1958 deorum.
2189 1891 2245 1959 Sic
2266 1893 2367 1976 igitur

446 1980 520 2045 Non
562 1977 676 2044 dubito
708 1978 786 2060 quin
830 1976 988 2060 propheta
1021 1977 1105 2042 hanc
1139 1976 1338 2042 sententiam
1390 1979 1492 2062 probe
1514 1978 1698 2043 tenebimus
1720 1978 1899 2061 prophetae
1929 1989 2082 2058 mentem,
2111 1981 2138 2042 si
2168 1978 2262 2044 nobis
2291 1987 2367 2042 ante

356 2067 472 2133 multis
513 2062 723 2132 concionibus
763 2063 940 2146 aptaverit:
982 2084 1112 2130 necesse
1149 2064 1237 2127 anim
1275 2063 1338 2128 fuit
1390 2065 1499 2131 oculos
1532 2073 1682 2130 occurrat
1718 2063 1821 2146 qualis
1853 2065 1953 2130 fuerit
1985 2074 2064 2131 tunc
2097 2065 2208 2148 populi
2240 2062 2365 2129 Iudaici

362 2173 433 2218 earn
457 2150 595 2217 subinde
617 2159 774 2234 repetere,
797 2170 898 2232 quum
918 2159 984 2216 tem
1004 2148 1186 2233 praefracto
1205 2151 1337 2232 ingenio
1391 2150 1550 2228 conditio,
1583 2159 1616 2214 et
1649 2171 1730 2233 quas
1754 2149 1960 2217 difficultates
1985 2151 2178 2217 sustinuerit
2208 2149 2368 2233 propheta

360 2248 472 2305 essent
493 2237 615 2303 Iudaei.
661 2234 732 2301 Iam
755 2235 898 2302 vidimus
921 2256 1018 2318 quam
1049 2237 1167 2302 acriter
1189 2237 1338 2300 invectus
1390 2239 1468 2320 ipse,
1493 2236 1549 2302 nbi
1571 2235 1714 2320 qnotidie
1736 2236 1802 2301 illis
1825 2237 2049 2314 minitabatur,
2078 2258 2116 2303 ao
2138 2235 2291 2302 studebat
2313 2257 2367 2300 eos

360 2324 460 2392 fuerit
489 2325 524 2388 in
554 2341 744 2406 perversam
773 2322 904 2387 illorum
936 2322 1099 2388 fiduciam.
1144 2321 1247 2404 Atqui
1281 2341 1337 2385 ue·
1391 2343 1544 2388 rovocare
1573 2323 1614 2388 ad
1644 2323 1766 2387 Deum:
1802 2322 1913 2388 nullus
1946 2332 2054 2388 autern
2089 2331 2160 2387 erat
2193 2323 2366 2406 profectus.

361 2431 450 2477 cesse
491 2420 562 2475 erat
596 2409 656 2472 boc
696 2408 893 2491 principium
935 2429 1081 2474 sumere:
1124 2427 1203 2491 ergo
1237 2406 1338 2471 semel
1392 2408 1524 2490 Quare?
1568 2429 1644 2472 nam
1681 2407 1846 2493 frigebant
1879 2430 1992 2474 omnes
2026 2407 2089 2473 Dei
2127 2409 2366 2492 promissiones,

360 2497 492 2578 scripsit
528 2495 614 2578 quod
653 2495 782 2577 saepius
822 2494 938 2558 dixit.
977 2494 1022 2558 Et
1061 2494 1123 2559 hoo
1163 2493 1338 2559 observatu
1391 2496 1469 2578 quia
1491 2495 1650 2578 putabant
1673 2514 1708 2559 sc
1738 2501 1828 2559 tntae
1857 2515 1988 2576 semper
2016 2495 2083 2560 fore
2112 2504 2146 2559 et
2175 2493 2367 2575 incolumes,

361 2582 496 2667 dignum
519 2593 585 2646 est:
609 2582 684 2664 quia
708 2600 772 2644 non
795 2581 876 2646 satis
893 2579 1115 2664 intelligemus
1132 2578 1210 2662 quid
1230 2578 1338 2645 valeat
1391 2583 1582 2665 quantisper
1604 2580 1759 2664 Aegyptii
1787 2591 1881 2645 erant
1909 2581 1975 2646 illis
2004 2581 2147 2665 propitii,
2178 2589 2211 2646 et
2240 2580 2368 2663 pollice·

360 2667 442 2734 haec
476 2666 641 2750 doctrina,
679 2666 741 2731 nisi
779 2664 1022 2731 consideremus
1059 2665 1338 2731 circumstantias:
1391 2667 1512 2732 bantur
1533 2686 1628 2748 opem
1650 2686 1759 2731 suam:
1789 2666 1907 2731 deinde
1936 2667 2044 2733 minae
2067 2668 2165 2731 etiam
2194 2667 2370 2749 frigebant,

361 2755 440 2838 quia
469 2753 631 2836 propheta
663 2763 697 2816 et
729 2761 883 2835 expertus
913 2751 1020 2817 fuerat
1052 2751 1183 2835 saepius
1215 2750 1339 2834 negligi
1392 2755 1469 2836 quia
1508 2773 1574 2817 non
1613 2751 1806 2818 dubitabant
1844 2773 2007 2835 opponere
2043 2774 2108 2817 non
2146 2761 2275 2817 tantum
2309 2771 2368 2835 pro

360 2853 428 2905 tam
456 2837 688 2923 promissiones
710 2837 785 2921 Dei,
814 2859 910 2920 quarn
941 2839 1062 2904 minas:
1096 2849 1128 2901 et
1157 2837 1339 2903 doctrinam
1391 2838 1522 2923 clypeo,
1556 2835 1613 2903 sed
1646 2838 1746 2902 etiam
1783 2858 1842 2921 pro
1875 2838 1987 2903 multis
2017 2838 2255 2903 munitionibus
2284 2837 2368 2902 illud

361 2924 531 3009 vilipendi,
548 2933 581 2990 et
599 2924 661 2990 sibi
679 2943 749 2990 esse
768 2924 937 3007 negotium
958 2943 1031 2989 cum
1050 2923 1170 3008 populo
1188 2924 1338 3008 superbo,
1393 2925 1563 3002 auxilium,
1587 2922 1672 3005 qnod
1696 2924 1874 3007 sperabant
1895 2923 1935 2988 ab
1950 2924 2133 3010 Aegyptiis.
2170 2923 2244 2990 Hoc
2266 2923 2369 3007 igitur

361 3021 395 3077 et
416 3011 473 3094 qui
495 3011 597 3076 frctus
620 3011 687 3076 suis
710 3010 889 3092 praesidiis,
916 3030 980 3075 non
1004 3019 1133 3075 tantum
1158 3031 1215 3093 pro
1239 3008 1340 3075 nihilo
1391 3010 1527 3076 oonsilio
1548 3017 1678 3076 coactus
1697 3010 1759 3074 fuit
1777 3011 1936 3094 prophete
1955 3031 2019 3075 non
2038 3010 2148 3089 semel,
2172 3028 2232 3075 nec
2251 3009 2368 3088 decies,

363 3097 497 3162 duceret
530 3095 687 3178 quidquid
721 3098 920 3179 propositum
957 3094 1066 3161 inerat
1098 3095 1163 3160 Dei
1193 3097 1338 3160 nomine:
1393 3097 1450 3162 sed
1474 3095 1593 3161 millies
1623 3096 1774 3180 clamare,
1810 3094 1997 3162 Maledictus
2026 3096 2070 3161 se
2097 3095 2153 3177 qai
2179 3095 2306 3176 matidii
2335 3097 2368 3160 iu

364 3181 420 3248 sed
444 3183 538 3265 qnasi
561 3201 604 3245 ex
625 3181 772 3263 professo
801 3182 958 3247 reiiceret.
1003 3180 1095 3247 Haeo
1125 3181 1227 3264 igitur
1256 3182 1340 3246 ratio
1392 3183 1524 3262 homine,
1546 3183 1683 3264 etpcuit
1703 3202 1828 3248 carnem
1846 3181 2011 3248 bachium
2032 3202 2134 3248 mum.
2174 3180 2236 3246 Est
2257 3193 2369 3246 tamen

362 3267 436 3342 fuit,
468 3287 527 3332 cur
548 3265 709 3348 propheta
730 3286 797 3330 non
827 3266 928 3330 semel
959 3276 1099 3346 tantum,
1127 3266 1182 3330 sed
1214 3268 1339 3350 quoties
1392 3269 1554 3353 generalis
1573 3268 1736 3334 doctriua:
1760 3289 1836 3333 nam
1858 3267 1955 3334 hodie
1973 3288 2100 3352 quoque
2118 3267 2279 3333 sumimus
2297 3288 2370 3332 een·

364 3353 495 3419 volebat
516 3349 642 3416 hortari
663 3351 821 3436 populum
844 3350 884 3416 ad
909 3351 1154 3434 poeniteutiam.
1184 3351 1246 3417 hcc
1268 3373 1339 3435 pro·
1392 3355 1513 3420 tentiae
1541 3354 1762 3434 universales,
1790 3373 1871 3438 quas
1900 3355 2144 3421 accommodare
2173 3358 2303 3435 oportet
2333 3353 2369 3417 ia

364 3439 518 3523 posuerit,
545 3456 664 3520 nempe
683 3438 862 3504 maledictos
883 3457 956 3521 esse,
980 3437 1035 3519 qui
1057 3437 1211 3519 confidant
1231 3439 1267 3503 ia
1288 3437 1339 3504 ba-
1392 3439 1556 3524 privatum
1585 3460 1694 3506 usum.
1747 3440 1836 3524 Ergo
1866 3440 2065 3523 generaliter
2093 3439 2287 3522 pronuntiat
2316 3439 2370 3504 hio

363 3524 510 3591 minibus.
555 3522 725 3602 Quantum
749 3524 789 3589 ad
814 3525 913 3590 verba
942 3528 1078 3607 spectet,
1108 3543 1184 3589 cero
1206 3523 1260 3589 hic
1287 3544 1339 3590 ac·
1392 3527 1537 3609 spiritns,
1566 3526 1744 3592 maledictos
1773 3545 1840 3593 cese
1862 3546 1966 3593 maaca
1987 3527 2042 3607 qai
2070 3525 2227 3607 maridaat
2252 3525 2289 3590 ia
2318 3523 2368 3589 ba

364 3611 486 3696 cipitur
517 3630 577 3692 pro
610 3609 759 3686 homine,
799 3609 1073 3693 quemadmodum
1106 3616 1216 3693 potest
1248 3610 1340 3674 facile
1391 3613 1539 3678 mitridate.
1583 3612 1655 3677 Iam
1679 3612 1800 3678 ecimus
1822 3613 1926 3678 aeriis
1955 3611 2060 3677 modis
2082 3611 2187 3694 decipi
2210 3611 2369 3688 homines,

364 3696 473 3780 colligi
492 3717 534 3761 ex
560 3704 734 3761 contextu:
757 3695 918 3762 Hebraeis
933 3696 1019 3762 enim
1038 3698 1151 3760 tritum
1171 3705 1230 3773 eat,
1254 3697 1339 3762 idem
1392 3699 1470 3764 dum
1493 3699 1527 3762 in
1556 3695 1746 3763 hominibus
1775 3698 1958 3763 confidunt:
1990 3699 2154 3782 incipiunt
2181 3698 2270 3761 enim
2293 3718 2315 3762 a
2337 3717 2371 3760 se

364 3780 414 3847 bis
454 3782 570 3847 dicere.
626 3781 716 3865 Ergo
749 3801 849 3864 quum
891 3783 996 3864 priore
1034 3781 1181 3847 membro
1222 3803 1339 3848 nomen
1391 3785 1481 3870 ipsis,
1515 3793 1613 3866 atque
1646 3784 1692 3847 ita
1725 3783 1802 3849 hinc
1833 3785 1910 3848 inde
1943 3792 2059 3866 petunt
2087 3783 2273 3850 securitatis
2302 3803 2373 3846 ma·

365 3866 471 3933 Adam
505 3867 659 3948 posuerit,
694 3865 845 3950 adiungit
877 3887 1028 3933 carnem:
1061 3867 1231 3933 brachium
1264 3889 1340 3934 vero
1392 3872 1519 3936 teriam.
1575 3869 1661 3934 Nam
1695 3870 1834 3953 quisque
1866 3871 2000 3934 inflatur
2030 3891 2117 3934 vena
2150 3877 2183 3936 et
2216 3885 2372 3951 perversa

364 3974 424 4037 pro
442 3954 563 4018 virtute
583 3953 633 4017 vel
652 3951 775 4018 anxilio
792 3951 1013 4036 metaphorice
1032 3955 1167 4036 capitur.
1203 3952 1342 4020 Summa
1392 3956 1588 4022 confidentia
1605 3954 1660 4022 vel
1678 3954 1873 4038 prudentiae
1890 3976 1979 4036 suae,
2001 3955 2054 4020 vel
2076 3955 2290 4032 dexteritatis,
2315 3953 2370 4018 vel

365 4049 426 4120 est,
456 4037 637 4103 mmmmm
657 4058 722 4104 asse
749 4057 853 4104 amires
880 4038 935 4121 qai
962 4037 1120 4119 conrident
1146 4040 1181 4104 ia
1209 4039 1340 4106 tracta.
1393 4044 1567 4125 potentiae.
1620 4041 1726 4106 Nemo
1755 4042 1857 4126 igitur
1889 4048 1940 4106 est
1974 4043 2028 4123 qui
2063 4061 2128 4106 non
2162 4041 2196 4105 in
2230 4061 2266 4106 se
2298 4039 2371 4121 ipso

368 4123 434 4192 Sed
457 4144 521 4189 non
546 4121 680 4188 dubium
704 4132 754 4188 est
782 4125 861 4206 quin
891 4144 950 4206 per
980 4134 1202 4206 contemptum
1232 4128 1341 4192 carnis
1392 4131 1484 4212 prius
1505 4126 1646 4194 confidat
1670 4146 1768 4209 quam
1790 4128 1825 4192 in
1849 4127 1939 4192 aliis:
1966 4127 2081 4209 loquor
2104 4127 2144 4191 de
2166 4125 2371 4192 miserrimis.

365 4230 485 4276 nomen
509 4207 656 4276 additum
680 4209 778 4274 fuerit
799 4209 941 4276 secundo
962 4208 1041 4287 loco,
1068 4210 1339 4292 quemadmodum
1392 4215 1465 4279 Hoc
1492 4213 1621 4296 quidem
1653 4223 1737 4278 esset
1767 4212 1971 4297 pudendum:
2007 4212 2063 4278 sed
2097 4234 2192 4278 nemo
2221 4222 2273 4277 est
2301 4223 2372 4276 tam

365 4306 398 4362 et
420 4295 527 4379 capite
550 4295 590 4359 31
614 4294 721 4361 Isaiae
743 4292 786 4379 (v.
808 4296 842 4382 3)
865 4305 1017 4380 apparet:
1049 4293 1127 4361 dicit
1156 4297 1243 4360 enim
1273 4297 1340 4362 illic
1393 4307 1598 4383 contemptus
1620 4300 1676 4383 qui
1698 4319 1764 4364 non
1784 4309 1916 4382 turgeat
1934 4296 2042 4382 aliquo
2060 4319 2180 4364 arcano
2203 4299 2298 4374 fastu,
2321 4298 2372 4361 ita

365 4380 537 4467 propheta,
559 4381 744 4465 Aegyptius
767 4380 865 4446 homo
892 4389 952 4459 cst,
981 4390 1015 4445 et
1043 4401 1107 4445 non
1138 4381 1227 4460 deus,
1257 4402 1341 4460 caro,
1394 4395 1431 4450 ut
1452 4405 1488 4450 se
1510 4385 1617 4468 aliquo
1639 4387 1673 4448 in
1697 4385 1804 4467 pretio
1834 4404 1906 4450 esse
1935 4383 2045 4451 ducat:
2078 4386 2145 4449 imo
2172 4385 2278 4468 erigat
2307 4383 2371 4448 sibi

366 4479 399 4534 et
422 4487 487 4532 non
510 4467 653 4551 spiritus.
699 4466 922 4551 contemptim
944 4468 1046 4548 igitur
1073 4487 1205 4533 carnem
1235 4469 1340 4533 nomi·
1392 4471 1535 4554 aliquem
1567 4469 1741 4535 sublimem
1774 4471 1924 4555 gradum.
1978 4471 2099 4536 Postea
2126 4469 2183 4552 qui
2213 4467 2371 4534 videntur

366 4564 424 4620 nat
447 4553 645 4638 Aegyptios:
671 4553 763 4634 quasi
787 4551 908 4616 diceret
929 4551 1011 4616 nihil
1034 4553 1067 4616 in
1091 4553 1170 4635 ipsis
1193 4573 1262 4618 esse
1284 4556 1340 4619 fir·
1392 4557 1453 4622 sibi
1475 4555 1652 4641 prudentes
1674 4564 1807 4640 captant
1830 4556 1906 4622 hino
1928 4566 1961 4621 et
1983 4556 2073 4621 illinc
2095 4555 2219 4620 auxilia
2242 4555 2276 4619 in
2298 4555 2372 4637 qui·

367 4661 457 4706 mum
481 4639 533 4706 vel
557 4637 682 4713 stabile,
706 4637 762 4702 sed
785 4637 945 4703 auxilium
969 4637 1055 4720 quod
1074 4639 1113 4702 ab
1131 4638 1210 4720 ipsis
1232 4660 1340 4723 spera·
1393 4643 1453 4708 bus
1476 4643 1693 4725 acquiescunt.
1738 4641 1805 4707 Sed
1828 4643 1882 4707 ubi
1906 4643 2110 4725 respexerint
2129 4641 2280 4706 homines
2298 4660 2371 4706 sur·

366 4728 447 4794 bant
468 4723 581 4791 Iudaei
605 4726 671 4789 fore
693 4724 880 4791 evanidam.
924 4722 977 4789 Ita
1000 4723 1061 4790 hoo
1083 4723 1162 4808 loco,
1192 4727 1342 4807 quamvis
1392 4748 1466 4793 sum
1489 4737 1522 4792 et
1539 4728 1701 4807 deorsum,
1724 4736 1757 4792 et
1775 4727 1964 4814 collegerint
1982 4728 2044 4792 sibi
2063 4728 2186 4793 auxilia
2204 4748 2247 4792 ex
2266 4725 2371 4792 omni-

367 4811 527 4898 propheta
549 4831 589 4875 ex
612 4810 777 4876 communi
799 4809 931 4894 linguae
960 4829 1021 4874 usu
1051 4818 1179 4892 repetat
1198 4810 1341 4876 secundo
1391 4812 1454 4880 bus
1476 4812 1589 4878 mundi
1612 4812 1770 4895 partibus,
1792 4815 1946 4880 circuitus
1969 4825 2079 4878 tamen
2102 4815 2248 4898 ipsorum
2271 4819 2372 4877 erunt

367 4899 514 4966 membro
546 4896 631 4980 qnod
664 4896 772 4979 priore
803 4895 943 4971 dixerat,
977 4894 1049 4976 plue
1079 4903 1190 4960 tamen
1219 4894 1340 4977 aliquid
1392 4899 1534 4979 inutiles,
1557 4918 1664 4980 neque
1687 4896 1720 4962 id
1742 4907 1882 4983 tantum,
1912 4897 1970 4964 sed
1992 4901 2110 4965 cadent
2139 4898 2206 4964 illie
2228 4901 2263 4964 in
2293 4919 2370 4982 per·

367 4985 533 5067 exprimit,
562 5003 682 5066 nempe
709 4981 795 5065 quod
825 4980 973 5045 homines
1002 4979 1139 5045 nimium
1170 4979 1341 5065 desipiant,
1393 4985 1527 5051 niciam:
1562 4986 1638 5065 quia
1668 4984 1758 5050 Deus
1792 5005 1856 5050 non
1892 4993 2021 5051 tantum
2055 4985 2116 5052 hoo
2150 4985 2218 5051 loco
2251 4983 2371 5050 irridet

368 5072 427 5137 nbi
448 5069 588 5136 salntem
607 5089 699 5134 suam
718 5069 764 5133 ita
782 5066 986 5133 constituunt
1005 5064 1039 5128 in
1058 5086 1093 5130 re
1111 5067 1221 5132 nihili:
1246 5067 1341 5132 sicuti
1392 5070 1565 5135 stultitiam
1588 5089 1712 5149 eorum,
1742 5071 1798 5153 qui
1826 5071 1995 5136 confidunt
2017 5072 2051 5136 in
2075 5091 2182 5148 carne,
2212 5071 2269 5137 sed
2293 5091 2370 5154 pro·

368 5156 513 5223 diximus
535 5156 570 5220 in
593 5176 691 5221 carne
713 5153 795 5219 nihil
826 5171 897 5217 esse
925 5149 1075 5216 solidum.
1121 5151 1233 5232 Quum
1263 5173 1341 5236 ergo
1393 5156 1525 5220 nuntiat
1555 5156 1640 5238 ipsos
1673 5176 1739 5222 csse
1777 5157 1964 5224 maledictos.
2027 5157 2120 5223 Haec
2158 5168 2269 5222 autem
2305 5155 2371 5220 Dei

368 5241 519 5309 homines
540 5241 647 5306 subito
664 5247 870 5317 evanescant,
893 5233 971 5321 quid
989 5235 1120 5302 stultius
1137 5238 1217 5322 fingi
1236 5245 1343 5320 potest
1392 5239 1575 5307 maledictio
1608 5240 1812 5308 formidinem
1844 5245 1937 5310 nobis
1967 5242 2063 5308 debet
2091 5244 2256 5309 incutere:
2291 5261 2369 5308 nam

367 5349 465 5414 quam
487 5328 626 5395 salutern
651 5328 691 5392 ab
712 5327 792 5411 ipsis
815 5323 949 5409 petere?
989 5321 1055 5388 Sed
1079 5323 1258 5388 notandum
1280 5331 1341 5407 est,
1394 5325 1471 5392 hino
1492 5327 1674 5410 colligimus
1697 5326 1804 5392 Deum
1834 5349 1905 5394 esse
1934 5330 2092 5396 infestum
2121 5329 2285 5410 omnibus,
2311 5329 2370 5410 qui
