5118 6136
377 421 440 488 547
1184 412 1568 486 PRAELEOTIONES
2306 421 2359 488 ola

379 628 550 693 sumpsero
572 627 623 673 aes
643 606 701 672 aab
723 607 791 672 aas
813 625 919 672 mona.
964 605 1036 669 Non
1060 604 1252 689 simpliciter
1275 624 1352 690 argu
1405 603 1547 670 cundum
1571 602 1651 668 haec
1671 602 1769 668 verba
1790 603 1944 687 loquutus
1967 624 2039 670 sum
2063 606 2140 690 regi.
2173 606 2293 672 Deinde
2313 609 2360 673 ad-

378 697 524 762 minatur
546 704 670 777 pestem
693 702 726 758 et
746 693 863 758 famem
887 703 919 755 st
942 690 1105 775 gladium:
1130 690 1187 757 sed
1210 689 1352 756 ostendit
1403 689 1512 774 iungit
1541 708 1575 753 se
1603 688 1775 774 loquutum
1809 689 1910 755 fuisse
1939 688 2158 757 sacerdotibus
2188 703 2219 756 et
2248 697 2361 778 populo.

380 782 478 848 talem
502 781 570 846 lore
588 780 722 859 exitum,
746 789 781 844 ut
800 786 913 863 gentes
929 797 1011 860 quas
1029 778 1123 842 initio
1139 777 1354 861 pervicaciter
1405 776 1494 841 Hinc
1517 795 1594 858 ergo
1620 773 1780 857 probabili
1803 777 1931 842 ratione
1954 776 2135 861 colligimus
2157 787 2258 844 totum
2286 782 2362 848 hunc

380 868 576 944 obstiterint,
599 875 708 931 tamen
731 871 890 949 cogantur
912 862 1022 928 subire
1043 863 1175 946 iugum,
1198 872 1230 928 st
1252 883 1353 944 agno·
1406 881 1586 927 sermonem
1619 860 1716 945 dirigi
1745 860 1785 925 ad
1816 863 1902 927 solos
1930 863 2078 928 Iudaeos.
2128 863 2218 949 Lege
2247 865 2363 948 qnidam

381 973 470 1020 scere
503 950 783 1017 Nabuehadnensr
814 969 924 1034 regem
957 959 990 1014 et
1030 947 1207 1014 domiuum.
1263 948 1355 1013 Haeo
1406 947 1587 1033 prohibitae
1609 957 1706 1012 erant
1728 946 1954 1025 divinationes,
1977 959 2010 1014 st
2032 951 2185 1033 auguria,
2215 959 2246 1015 st
2266 953 2363 1018 incan-

380 1040 464 1105 ratio
496 1046 547 1104 ast
579 1038 681 1122 igitur
713 1057 771 1102 cur
804 1034 907 1115 dicat,
938 1035 974 1100 io
1006 1055 1105 1100 omna
1136 1036 1214 1100 eius.
1269 1033 1354 1098 Nam
1407 1034 1562 1098 tationes:
1602 1053 1716 1098 veram
1759 1033 1838 1099 satis
1877 1034 2104 1118 cognoscimus
2145 1055 2241 1118 quam
2280 1058 2364 1122 saepe

381 1131 511 1209 poterat
532 1143 620 1189 mers
642 1123 745 1189 videri
767 1121 879 1205 levior,
904 1122 933 1186 si
956 1121 1071 1186 saltem
1094 1121 1195 1203 elapsi
1218 1121 1357 1185 luissent
1407 1118 1520 1184 Iudaei
1543 1140 1577 1184 ss
1596 1117 1783 1184 addixerint
1798 1119 1965 1186 diabolicis
1980 1122 2174 1206 praestigiis,
2197 1135 2365 1207 contemptu

381 1231 400 1276 e
430 1208 604 1295 tyrannide
630 1206 915 1276 Nabuchadnsaer.
960 1207 1027 1273 Sed
1051 1225 1152 1289 quum
1180 1215 1356 1288 utrumque
1408 1204 1472 1270 Dei
1494 1205 1576 1288 lege.
1621 1205 1695 1269 Nou
1718 1206 1837 1269 mirum
1862 1206 1963 1291 igitur
1990 1219 2040 1271 est
2069 1207 2097 1273 si
2126 1217 2203 1274 tuuc
2226 1210 2365 1293 temperis

381 1296 446 1362 illis
479 1295 667 1379 contigerit,
706 1313 823 1376 nempe
864 1294 1028 1359 tabescere
1062 1293 1123 1358 sub
1155 1293 1257 1370 lame,
1295 1291 1356 1357 sub
1407 1292 1530 1356 fuerint
1558 1299 1623 1355 tam
1655 1292 1743 1374 magi
1774 1310 1869 1374 quam
1899 1313 2038 1376 augures
2073 1303 2106 1357 et
2135 1294 2254 1378 divini,
2283 1295 2366 1378 idque

384 1381 493 1468 gladio
515 1394 547 1447 et
569 1382 628 1447 sub
651 1388 759 1464 peste,
787 1387 820 1444 et
848 1380 974 1444 interea
1002 1400 1067 1444 nen
1094 1399 1188 1462 pesas
1211 1379 1356 1462 effugere
1408 1387 1521 1442 eontra
1549 1376 1757 1442 manilsstam
1787 1377 1868 1461 legis
1898 1377 2161 1460 prohibitionem.
2205 1380 2366 1446 Possumus

383 1468 607 1534 necessitatem
630 1466 720 1531 illam
743 1466 927 1532 servitutis:
949 1465 1010 1530 hoc
1032 1473 1120 1530 certe
1141 1475 1191 1530 est
1212 1465 1355 1529 miserri-
1408 1471 1517 1527 tamen
1539 1462 1749 1545 interpretari
1771 1463 1831 1529 has
1855 1485 1966 1543 voees,
1997 1464 2084 1546 quod
2113 1467 2272 1548 propheta
2292 1486 2367 1532 oom-

383 1575 483 1620 mum.
527 1553 617 1636 Ilrgo
644 1573 733 1618 nuuc
761 1559 907 1617 tenemus
935 1571 993 1616 cur
1015 1552 1106 1616 Deus
1135 1551 1288 1633 loquatur
1318 1550 1357 1613 ds
1408 1549 1574 1633 paraverit
1597 1549 1893 1631 pseudoprophetas
1913 1559 1980 1615 tam
1997 1550 2116 1616 divinis
2132 1573 2231 1635 quam
2249 1553 2367 1637 auguri·

383 1659 482 1705 manu
513 1639 599 1722 regis
626 1638 912 1716 Nabuchadnsaer,
947 1647 984 1702 ut
1016 1636 1140 1704 scilieet
1172 1635 1358 1721 intelligant
1408 1634 1470 1700 bus
1501 1643 1534 1699 et
1561 1635 1873 1718 praestigiatoribus.
1923 1636 2034 1701 Primo
2065 1635 2135 1702 loco
2165 1639 2280 1704 statuit
2307 1659 2369 1722 pro·

382 1724 496 1791 Iudaei
518 1745 554 1790 ss
576 1724 660 1788 nihil
677 1745 774 1809 agere
790 1743 889 1806 qaum
906 1723 1015 1788 omnia
1032 1724 1152 1807 effugia
1170 1724 1356 1806 captabunt,
1410 1721 1524 1803 phetas
1546 1721 1648 1803 ipsos:
1681 1719 1737 1784 sed
1765 1741 1864 1803 quum
1895 1728 2063 1788 enumerat
2085 1723 2225 1806 species,
2255 1724 2370 1788 videtur

383 1812 537 1894 quoniam
561 1809 692 1876 tandem
715 1809 819 1874 velint
842 1809 946 1874 nolint
974 1809 1180 1875 attrahantur
1205 1809 1266 1874 sub
1288 1829 1358 1872 ma·
1410 1806 1591 1891 ignominia
1613 1826 1667 1871 ees
1698 1811 1828 1888 notare,
1858 1807 1942 1890 quod
1974 1808 2172 1874 desciverint
2205 1809 2246 1874 ab
2278 1810 2371 1876 efficio

383 1916 462 1963 num
484 1906 517 1963 et
539 1895 600 1963 sub
622 1897 736 1980 iugum
760 1897 846 1980 regia
868 1895 964 1961 illius.
1410 1911 1484 1971 suo,
1517 1904 1549 1957 et
1577 1893 1780 1975 susceperint
1808 1893 1949 1959 alienam
1981 1915 2164 1978 personam,
2201 1917 2311 1979 nempe
2342 1905 2372 1960 ut

1410 1978 1565 2062 populum
1596 1977 1775 2060 decipiant,
1805 1977 2076 2061 quemadmodum
2105 1981 2254 2048 solebant
2282 1981 2372 2065 decipi

469 2067 499 2132 9.
522 2067 567 2134 m
588 2088 644 2134 coa
664 2087 703 2133 ns
724 2067 864 2133 audiatis
880 2067 1050 2150 prophetem
1071 2071 1201 2150 uestros,
1231 2069 1258 2130 ct
1278 2065 1358 2130 diui·
1411 2074 1525 2149 gentes
1548 2085 1566 2127 a
1589 2066 1656 2129 suis
1678 2065 1866 2149 auguribus,
1890 2076 1922 2130 st
1944 2067 2059 2151 magis,
2082 2079 2115 2132 et
2137 2067 2268 2134 divinis.
2310 2067 2373 2132 Hoc

383 2175 440 2222 rroe
461 2159 586 2236 castros,
609 2159 636 2220 ct
656 2154 860 2220 soomiatores
881 2158 1004 2236 vestroe,
1027 2157 1054 2218 et
1075 2172 1210 2236 sopores
1232 2157 1359 2230 castros,
1411 2151 1539 2234 quidem
1564 2160 1687 2216 certum
1713 2160 1771 2230 est,
1794 2152 1889 2216 sicuti
1919 2163 2015 2216 antea
2045 2152 2217 2233 admonui,
2248 2153 2372 2238 prophe·

384 2243 647 2308 cliacootalorss
675 2244 806 2322 vestroe,
836 2239 891 2321 qai
918 2240 1026 2304 dicam
1053 2239 1137 2304 vobis
1168 2239 1360 2322 (loquuntur
1412 2246 1479 2302 tam
1502 2237 1725 2303 concionatum
1750 2235 1848 2302 fuisse
1870 2258 1936 2302 non
1966 2249 2113 2321 respectu
2144 2241 2282 2305 aliarum
2308 2261 2374 2323 geu-

384 2327 569 2407 vobiseum,
599 2325 751 2392 dicsndo:
783 2333 832 2390 est
860 2325 990 2406 quidem
1020 2323 1105 2389 idem
1129 2325 1276 2402 verbum,
1303 2323 1359 2388 sed
1412 2323 1502 2400 uum,
1525 2322 1581 2388 ssd
1604 2333 1643 2388 ut
1663 2321 1802 2387 Iudaeos
1825 2323 1975 2389 redderet
1997 2325 2253 2392 inexcusabiles:
2283 2325 2331 2390 vel
2350 2325 2373 2390 si

383 2414 536 2498 repetitio
559 2422 646 2479 esset
667 2412 764 2477 nimis
796 2410 906 2496 dura):
940 2411 1012 2476 Noa
1039 2411 1179 2475 sarviett'o
1206 2409 1288 2496 (vel,
1319 2430 1360 2474 ns
1413 2429 1477 2492 qua
1498 2429 1572 2492 spes
1602 2417 1687 2475 esset
1717 2409 1972 2492 resipiscentiae,
2003 2419 2040 2476 ut
2069 2410 2140 2476 illos
2168 2421 2315 2476 moneret
2340 2433 2374 2474 ne

384 2497 565 2582 serviatis),
596 2499 662 2581 rapi
685 2496 860 2580 Babylonis
882 2495 945 2580 (est
974 2494 1112 2560 verbum
1142 2496 1245 2560 futuri
1277 2503 1359 2560 tem·
1413 2503 1587 2579 pergerent
1618 2495 1652 2558 in
1683 2516 1780 2561 eursu
1810 2496 1949 2578 incepto.
1995 2497 2158 2562 Tenemus
2189 2518 2268 2581 ergo
2297 2518 2374 2561 sum·

384 2584 488 2668 poris,
521 2584 576 2647 sed
606 2583 734 2666 quidam
758 2583 922 2664 accipiunt
944 2581 979 2645 in
1003 2580 1097 2646 modo
1121 2581 1294 2661 hortandi,
1324 2588 1360 2645 ut
1412 2602 1498 2644 mam
1518 2580 1698 2658 verborum,
1722 2581 1819 2646 simul
1839 2590 1988 2646 tenemus
2007 2583 2177 2647 eonsilium
2201 2583 2374 2668 prophetae,

386 2670 467 2735 satis
488 2667 602 2733 tritum
626 2678 676 2732 est
697 2669 732 2732 in
755 2665 868 2751 lingua
889 2667 1063 2752 hebraica).
1413 2667 1464 2732 vsl
1487 2668 1593 2749 potius
1616 2666 1752 2749 spiritus
1774 2669 1893 2750 sancti,
1923 2669 1978 2749 qui
2001 2690 2059 2751 per
2081 2689 2117 2734 os
2139 2670 2211 2734 sius
2234 2669 2375 2751 loquutus

1413 2761 1470 2818 est.
1526 2753 1637 2817 Primo
1672 2752 1739 2816 dixi
1773 2754 1966 2836 prophetam
2001 2775 2169 2820 occurrere
2206 2754 2375 2828 obiectioni,

473 2839 634 2922 Quoniam
657 2838 864 2922 praedixerat
886 2838 1040 2904 Ieremias
1069 2847 1135 2903 tam
1165 2839 1234 2922 regi
1263 2859 1361 2920 quam
1413 2859 1495 2921 quas
1517 2846 1642 2921 poterat
1656 2837 1755 2902 fidem
1772 2839 1938 2923 abrogare,
1962 2839 2014 2906 vsl
2033 2839 2208 2906 detrahere
2225 2841 2376 2906 doctrinas

387 2927 512 2994 civibus
536 2945 601 2990 non
624 2944 719 3007 posse
740 2927 826 3008 ipsos
855 2926 997 3008 effugere
1019 2945 1170 3007 posnam,
1201 2945 1283 3007 quae
1311 2926 1361 2988 in·
1413 2925 1492 2990 eius.
1527 2925 1610 2989 Erat
1632 2925 1719 2988 enim
1742 2923 1823 2990 hacc
1841 2945 1907 2989 non
1930 2925 2013 2991 lsvis
2037 2928 2182 3004 tentatio,
2209 2925 2294 3010 quod
2315 2945 2375 3009 pro·

387 3012 504 3089 stabat,
521 3032 607 3077 nunc
623 3013 746 3076 excutit
762 3011 828 3075 illis
843 3031 960 3077 vanam
979 3010 1140 3092 fiduciam,
1162 3030 1243 3094 quae
1259 3010 1363 3075 veluti
1413 3011 1530 3093 phetae
1554 3011 1717 3094 usgabant
1739 3009 1915 3094 quidquam
1938 3012 2062 3076 instare
2084 3013 2169 3078 mali.
2217 3011 2375 3096 Propheti-

389 3097 591 3164 obstaculum
615 3110 694 3175 erat,
717 3117 759 3160 ns
781 3105 995 3180 tangerentur
1018 3098 1125 3174 minis,
1157 3107 1189 3161 et
1210 3097 1361 3162 admitte·
1414 3096 1598 3162 cumcuim
1621 3116 1738 3161 nomeu
1762 3117 1888 3179 semper
1911 3097 2058 3162 habitum
2087 3097 2150 3164 luit
2172 3099 2209 3165 in
2234 3099 2330 3182 pretio
2349 3105 2378 3160 st

388 3195 463 3250 rsnt
495 3203 592 3249 sanas
624 3181 868 3246 admonitiones.
928 3182 1234 3266 Pseudoprophetas
1274 3183 1361 3248 enim
1413 3183 1599 3248 reverentia
1626 3181 1713 3265 apud
1735 3182 1882 3248 Iudaeos.
1927 3181 1994 3249 Sed
2024 3182 2174 3250 videmus
2206 3186 2303 3249 etiam
2329 3184 2378 3248 he·

389 3271 456 3338 suis
480 3268 646 3335 blanditiis
669 3287 724 3332 sos
746 3267 910 3345 fallebant,
937 3287 974 3332 ao
996 3268 1232 3350 pollicebantur
1254 3270 1362 3334 omnia
1415 3268 1482 3348 die,
1512 3279 1542 3332 et
1572 3269 1773 3351 experientia
1802 3270 1880 3332 satis
1908 3267 1999 3334 docet
2029 3290 2127 3352 quam
2162 3271 2378 3356 propensiores

389 3376 543 3440 prospere
569 3353 635 3418 illis
664 3373 862 3419 successura.
907 3351 1071 3434 Quoniam
1101 3355 1203 3438 igitur
1232 3354 1363 3420 videbat
1414 3354 1483 3419 sint
1504 3355 1652 3420 hemines
1675 3351 1716 3418 ad
1734 3375 1877 3419 errorem
1901 3365 1937 3440 st
1952 3355 2128 3421 vanitatem
2151 3377 2252 3439 quam
2275 3358 2312 3422 ad
2325 3353 2379 3419 Dei

388 3442 549 3528 propheta
571 3440 697 3504 clausas
720 3459 791 3504 esse
813 3460 907 3504 aures
929 3450 997 3504 mm
1013 3439 1099 3524 regis
1121 3459 1218 3522 quam
1240 3440 1362 3522 populi,
1415 3440 1553 3506 verbum
1576 3441 1642 3504 sint
1664 3441 1798 3505 attenti:
1829 3448 1863 3506 st
1890 3440 1976 3505 idem
2007 3447 2087 3506 tunc
2115 3442 2215 3508 etiam
2246 3442 2379 3524 contigit.

389 3528 528 3610 ideoque
556 3547 591 3592 ss
621 3545 736 3609 parum
766 3534 823 3590 aut
850 3525 930 3590 nihil
955 3527 1110 3609 prolicere
1142 3524 1302 3590 hortando
1332 3536 1364 3590 st
1415 3525 1477 3590 Pin
1504 3526 1602 3591 ebant
1630 3526 1742 3591 Iudaei
1776 3547 1810 3592 ss
1838 3525 1994 3592 honorem
2024 3527 2117 3594 illum
2151 3527 2280 3594 deferre
2308 3525 2379 3600 Deo¹

390 3613 556 3693 minando,
580 3610 728 3695 adiungit
750 3610 835 3693 quod
858 3633 988 3678 neeesse
1011 3619 1089 3692 crat,
1118 3632 1235 3694 nempe
1257 3632 1365 3678 meras
1416 3547 1502 3695 qued
1533 3611 1768 3677 reverebantur
1801 3613 1869 3676 sins
1902 3612 2090 3695 prophetas.
2146 3611 2216 3679 Sed
2258 3615 2286 3680 si
2318 3614 2381 3695 quis

390 3721 461 3768 essa
494 3698 639 3764 fallacias
672 3696 827 3780 quidquid
857 3698 1158 3782 pseudoprophetae
1191 3698 1362 3763 iactabant.
1416 3695 1557 3762 fideliter
1580 3695 1755 3782 peragebat
1776 3719 1896 3763 munus
1919 3699 2162 3782 propheticum,
2190 3720 2290 3785 saepo
2315 3719 2381 3764 oon·

390 3786 483 3851 Dicit
506 3804 592 3868 ergo,
623 3782 685 3849 Vos
705 3803 742 3847 ue
764 3783 905 3848 audiatis
926 3784 1094 3866 propbetas
1118 3789 1235 3850 essem
1262 3789 1289 3848 et
1315 3785 1364 3850 di-
1416 3782 1631 3849 temnebatur.
1676 3782 1791 3848 Iudaei
1813 3804 1891 3868 ergo
1915 3784 2115 3866 arripiebant
2145 3784 2310 3851 duntaxat
2330 3807 2381 3849 nu·

390 3875 497 3939 uiuos:
529 3890 605 3934 uam
637 3881 706 3955 timp
743 3877 793 3932 sat
831 3867 987 3935 dlvinars.
1045 3870 1165 3936 Postea
1205 3869 1364 3954 adiungit,
1416 3869 1494 3936 dum
1516 3891 1650 3948 nomen,
1680 3877 1714 3933 et
1738 3870 1898 3952 putabant
1920 3890 1954 3935 ss
1977 3871 2145 3937 defunctos
2168 3892 2260 3955 ssss,
2288 3872 2314 3936 si
2340 3867 2381 3932 di-

390 3957 592 4026 aemoioteros
624 3960 758 4019 ambos:
798 3961 913 4038 quarto
948 3955 1033 4032 loeo,
1066 3975 1202 4040 sapores
1233 3961 1365 4022 osseos:
1415 3964 1528 4021 cersut
1546 3954 1722 4022 audiendos
1738 3976 1808 4020 esse
1823 3956 2009 4040 prophetas,
2030 3977 2129 4040 quum
2146 3963 2260 4024 tamen
2281 3975 2383 4024 secure

390 4045 515 4128 quinte,
530 4040 797 4124 praestigiatores,
820 4039 873 4105 vsl
896 4040 1123 4107 incantatores.
1168 4040 1364 4125 Quanquam
1417 4041 1622 4125 despicerent
1649 4061 1745 4106 veros
1774 4041 1836 4105 Dei
1870 4060 2000 4106 servos:
2037 4041 2133 4108 sicuti
2161 4042 2261 4108 hodie
2291 4061 2382 4126 quum

392 4142 477 4206 nutv
495 4127 625 4212 quidam
648 4126 813 4209 accipiunt
827 4145 887 4208 pro
909 4124 1169 4192 observatoribus
1192 4129 1364 4211 temperis:
1416 4129 1555 4194 iactatur
1577 4127 1754 4193 catholicae
1777 4127 1929 4194 eeclesias
1948 4148 2068 4192 noman
2091 4130 2124 4194 in
2146 4138 2280 4212 papatu,
2303 4127 2383 4194 vide·

392 4215 545 4299 quouiam
568 4225 638 4289 natu
660 4221 709 4276 est
732 4222 859 4294 tempus
881 4220 1059 4277 statutum:
1089 4212 1162 4277 idco
1187 4215 1241 4298 qui
1263 4215 1364 4280 eonii·
1417 4225 1471 4278 tur
1492 4213 1555 4279 hoe
1577 4221 1682 4277 totum
1713 4211 1827 4278 referri
1852 4211 1899 4294 ‚ad
1922 4213 2039 4278 Deum.
2086 4213 2152 4280 Sed
2182 4216 2241 4281 ubi
2271 4213 2384 4298 proler-

392 4303 483 4366 ciunt
504 4300 567 4364 hoe
588 4297 641 4364 vel
665 4297 721 4362 illo
744 4297 796 4361 die
817 4297 878 4362 sibi
901 4295 1021 4380 aliquid
1045 4317 1115 4363 esse
1135 4300 1309 4383 agendum,
1332 4307 1365 4365 st
1416 4307 1471 4365 tur
1493 4316 1600 4364 sermo
1625 4299 1702 4381 Dei,
1733 4298 1787 4363 ubi
1810 4297 1991 4364 ostenditur
2012 4299 2090 4382 quid
2114 4298 2274 4383 loquutus
2297 4298 2385 4365 luerit

392 4386 530 4453 feliciter
552 4382 674 4466 aliquid
696 4382 817 4463 suscipi
840 4384 979 4467 negotii:
1009 4384 1092 4449 tales
1119 4385 1221 4467 igitur
1248 4394 1365 4466 putant
1417 4406 1475 4469 per
1496 4383 1658 4468 apostolos
1680 4396 1713 4448 st
1735 4381 1921 4467 prophetas,
1948 4384 2008 4451 hee
2031 4385 2098 4450 lere
2120 4407 2179 4470 pro
2203 4386 2309 4452 nihilo
2331 4383 2383 4448 du·

394 4473 502 4539 vocari
532 4482 632 4547 multu,
671 4467 755 4551 quod
789 4466 884 4532 horas
916 4478 949 4533 st
985 4477 1168 4552 temporum
1201 4482 1365 4536 momenta
1416 4473 1511 4537 citur.
1556 4468 1714 4536 Videmus
1736 4490 1814 4554 ergo
1844 4478 1882 4536 ut
1904 4471 2012 4536 Deum
2042 4493 2118 4536 ass
2140 4473 2212 4554 ipso
2242 4479 2385 4556 separant

394 4555 620 4642 superstitiosa
643 4555 826 4620 observent.
872 4551 937 4619 Sed
960 4557 1114 4637 queniam
1136 4566 1182 4649 titt
1205 4556 1366 4639 significat
1416 4556 1571 4641 papistae‚
1602 4554 1874 4639 quemadmodum
1903 4557 1980 4621 olim
2009 4557 2156 4624 lecerunt
2177 4557 2304 4624 Iudaei.
2346 4555 2385 4620 Et

394 4643 533 4723 nubam,
562 4641 662 4707 etiam
690 4649 825 4722 possunt
852 4639 958 4704 vecari
984 4651 1084 4720 niatu,
1115 4641 1169 4723 qui
1200 4661 1241 4705 sx
1269 4644 1365 4707 astrIs
1417 4643 1493 4708 hine
1526 4642 1621 4707 stiam
1656 4642 1869 4726 perspicimus
1903 4662 1999 4724 quam
2041 4643 2264 4710 necessarium
2298 4641 2386 4708 luerit

394 4729 555 4809 divinant,
588 4735 621 4792 st
653 4724 729 4791 inde
762 4725 895 4809 capiunt
928 4726 1097 4790 consilium
1128 4726 1205 4808 quid
1234 4727 1294 4792 sibi
1323 4728 1366 4791 sit
1417 4727 1572 4794 Ieremias
1594 4727 1708 4793 tollore
1736 4727 1801 4793 tale
1831 4725 2071 4794 offendiculum.
2116 4729 2279 4795 Poterant
2306 4730 2385 4795 euim

394 4816 567 4901 agendum.
613 4811 678 4879 Sed
702 4829 790 4876 nunc
811 4809 988 4875 videndum
1011 4823 1059 4876 sat
1082 4833 1122 4878 an
1154 4811 1193 4877 ds
1223 4813 1365 4878 somnia·
1417 4813 1627 4896 pertinaciter
1649 4813 1798 4878 insistere
1820 4812 1932 4878 Iudaei
1954 4815 1989 4879 in
2016 4814 2078 4880 hae
2101 4817 2311 4899 exceptione,
2340 4813 2385 4878 I'u

395 4902 521 4968 toribus
543 4907 575 4966 et
598 4897 732 4981 reliquis
754 4894 905 4978 loquatur
926 4895 1097 4972 Ieremias,
1127 4898 1183 4979 qui
1213 4909 1305 4964 erant
1331 4899 1365 4961 in
1419 4920 1503 4965 unus
1525 4898 1618 4964 nobis
1641 4899 1805 4963 minitaris
1828 4900 2005 4965 auxilium:
2035 4901 2146 4985 plures
2177 4909 2306 4985 autem,
2336 4898 2385 4983 qui

395 4987 532 5070 Iudaea,
561 4985 614 5051 vel
642 4987 740 5050 etiam
763 4980 1017 5064 comprehendat
1039 4983 1093 5064 qui
1116 4983 1250 5066 dispersi
1273 4993 1368 5048 erant
1417 4985 1514 5050 stiam
1547 4983 1731 5067 gloriantur
1768 4984 1898 5050 nemine
1936 4986 2141 5070 prophetico,
2180 4988 2385 5054 securitatem

396 5074 483 5138 iuter
515 5072 639 5138 vicinas
672 5077 796 5154 gentes.
841 5066 925 5131 Mihi
959 5064 1124 5148 probabile
1157 5077 1222 5148 est,
1251 5068 1367 5134 debers
1417 5071 1510 5136 nobis
1532 5070 1744 5152 premittunt:
1766 5073 1857 5136 visne
1880 5073 1986 5154 potius
2007 5072 2105 5137 fidem
2125 5072 2183 5139 tibi
2202 5073 2262 5138 uui
2281 5069 2387 5138 haberi

397 5167 502 5224 totum
527 5157 614 5222 hune
636 5175 818 5222 sermonem
847 5151 1002 5236 restringi
1033 5150 1073 5216 ad
1095 5151 1243 5220 Iudaeos.
1289 5154 1367 5218 Em·
1418 5174 1514 5237 quam
1535 5154 1667 5221 multis?
1698 5155 1856 5221 Conflixit
1877 5158 1978 5241 igitur
2000 5159 2159 5242 propheta
2181 5179 2285 5242 quum
2308 5163 2386 5223 essct

396 5244 526 5329 phatioe
548 5243 636 5309 enim
659 5243 780 5324 accipie
802 5237 995 5322 particulam
1018 5257 1084 5302 vos.
1136 5237 1196 5304 Vos
1225 5260 1302 5323 ergo
1331 5259 1368 5302 ua
1418 5239 1524 5320 solus,
1558 5261 1631 5306 eum
1665 5240 1729 5306 illis
1756 5241 2055 5327 pseudoprophetis.
2101 5245 2145 5309 Et
2176 5243 2276 5310 hodie
2307 5243 2387 5308 idsm

396 5330 550 5412 audictis,
580 5329 713 5396 dicendo.
759 5325 923 5409 Sequetur
951 5331 1065 5405 postea
1092 5323 1279 5406 explicatio,
1312 5323 1368 5390 Se·
1420 5325 1486 5390 lare
1509 5335 1673 5392 certamen
1701 5326 1793 5391 nobis
1823 5337 1871 5392 est
1903 5349 1977 5394 eum
2006 5331 2152 5414 papistis.
2196 5329 2387 5396 Gloriantur
