5134 6124
363 392 424 458 155
1168 389 1555 458 Pennnnomoltue
2300 389 2358 454 156

358 583 496 659 afficere,
527 589 564 645 ut
592 579 754 646 sentirent
784 577 870 662 qued
899 577 1043 644 instabat
1072 578 1134 643 Dei
1164 578 1331 645 iudicium.
1384 579 1442 644 sed
1463 583 1617 662 qnoniam
1636 594 1696 672 ῑιιιι
1717 581 1875 662 accipitur
1892 582 1927 646 in
1944 591 2116 662 utramque
2135 592 2271 661 partem,
2289 578 2358 642 idae

358 667 526 749 Quantum
556 665 597 730 ad
626 663 870 730 similitudinem
901 663 1023 730 balthei
1056 663 1106 729 vel
1137 663 1332 748 subligaculi
1384 684 1443 748 pro
1465 665 1662 732 excellentia
1690 687 1754 732 nen
1783 665 1896 732 dubito
1926 666 1980 732 hic
2009 666 2099 749 peni,
2129 665 2213 749 qued
2242 663 2358 729 malins

357 761 491 836 spectat,
514 752 636 817 seimus
654 771 753 834 quarn
770 752 908 832 superbe
925 749 1056 833 gloriati
1074 749 1334 829 inerintludaei,
1385 752 1508 833 patebit
1537 773 1578 816 ex
1608 752 1828 834 sequentibus.
1872 751 1956 816 Nam
1986 765 2044 847 titt}
2073 750 2126 816 hic
2149 760 2284 816 vocatur
2312 748 2358 812 di-

359 859 459 922 quum
482 846 636 921 putarent
657 836 767 901 Deum
790 837 852 901 sibi
874 856 944 901 ease
968 833 1176 901 devinctum:
1206 845 1240 900 et
1263 842 1334 900 erat
1385 836 1494 920 gnitas
1512 836 1578 912 illa,
1597 857 1660 920 qua
1673 837 1765 902 Deus
1784 837 1937 921 dignatus
1956 837 2064 902 fuerat
2081 858 2187 921 genus
2199 835 2360 911 Abrahae,

358 945 395 988 re
419 943 505 1002 vera,
527 922 555 987 si
578 930 692 987 mutue
713 922 777 1004 ipsi
799 922 978 987 coluissent
999 921 1108 986 fidem.
1146 921 1212 988 Sed
1231 942 1333 1004 quum
1385 942 1487 1005 quum
1510 923 1572 987 sibi
1594 935 1788 988 ornamento
1811 944 1881 992 ease
1899 923 2010 988 vellet.
2042 921 2360 1001 ItaExed.15.cap.

358 1019 427 1074 tam
450 1007 591 1074 fuissent
611 1007 813 1092 immorigeri
834 1018 867 1071 et
889 1007 1019 1090 ingrati,
1049 1007 1154 1089 qualis
1178 1022 1248 1072 erat
1271 1007 1334 1072 Dei
1385 1007 1431 1093 (v.
1449 1008 1481 1096 1)
1505 1007 1632 1088 dieitur,
1657 1009 1695 1073 In
1719 1010 1962 1091 magnificentia
1985 1019 2041 1072 tua
2063 1017 2178 1092 gentes
2198 1017 2359 1072 conteres:

359 1094 515 1177 obligatio
539 1113 617 1176 erga
639 1091 750 1176 ipses?
779 1092 839 1158 sibi
863 1093 995 1175 quidem
1025 1091 1169 1175 elegerat
1189 1093 1277 1174 ipses
1298 1093 1333 1157 in
1386 1093 1505 1160 deinde
1527 1095 1653 1160 Ponam
1677 1106 1709 1159 te
1731 1095 1766 1160 in
1789 1094 2016 1160 excellentiam
2039 1093 2169 1171 saeculi,
2196 1091 2298 1157 Isaiae
2320 1091 2362 1156 60

357 1179 526 1264 populum,
557 1177 614 1244 sed
637 1178 700 1245 hac
722 1180 793 1262 lege
822 1176 943 1254 addita,
974 1189 1010 1242 ιιι
1035 1191 1146 1244 εεεειιι
1176 1188 1333 1261 tanquam
1386 1180 1454 1250 illie
1475 1189 1563 1245 certe
1586 1201 1653 1246 nen
1684 1189 1790 1262 potest
1818 1181 1904 1245 sumi
1932 1181 1995 1246 nisi
2018 1180 2051 1244 in
2076 1181 2194 1244 bonam
2225 1189 2359 1260 partem.

358 1266 478 1349 podica
499 1285 593 1342 uxor,
613 1265 683 1348 ipse
702 1273 811 1328 autam
830 1265 972 1330 vicissim
995 1273 1082 1328 esset
1103 1264 1167 1329 illia
1185 1264 1333 1341 maritus,
1386 1265 1431 1330 Et
1463 1265 1545 1330 haee
1578 1266 1665 1330 inter
1698 1287 1734 1330 se
1765 1265 1958 1331 cohaerent:
1992 1264 2078 1347 qued
2111 1263 2235 1330 seilicet
2268 1261 2360 1328 Deus

359 1362 397 1416 ιιι
418 1359 517 1416 εειεε
539 1350 645 1414 visum
668 1361 733 1414 est:
757 1349 821 1432 ipsi
843 1358 953 1415 autem
976 1369 1011 1413 se
1034 1350 1279 1431 prostituerant,
1302 1361 1333 1412 et
1387 1352 1549 1432 aptaverit
1570 1352 1632 1416 sibi
1653 1351 1791 1417 Iudaeos
1813 1352 1907 1434 quasi
1931 1351 2115 1416 baltheum:
2138 1348 2256 1414 deinde
2278 1347 2362 1430 qnod

359 1437 500 1519 turpiter
520 1435 706 1518 polluerant
727 1457 802 1501 eum
820 1434 925 1501 idelis.
956 1434 1069 1516 Quum
1092 1436 1193 1520 igitur
1211 1435 1334 1519 perfide
1386 1437 1459 1501 illes
1481 1438 1655 1519 proiecerit
1676 1437 1710 1501 in
1731 1457 1917 1516 cavernam,
1941 1448 1978 1501 ut
1998 1436 2069 1502 luae
2092 1444 2126 1501 et
2147 1435 2236 1500 omni
2258 1431 2363 1515 gloria

359 1521 573 1588 descivissent
595 1542 614 1585 a
636 1541 728 1586 sacra
750 1521 807 1585 illa
829 1521 971 1605 coniugii
1004 1520 1077 1596 tide,
1110 1541 1220 1586 annon
1241 1520 1335 1586 Deua
1388 1522 1428 1587 ad
1452 1531 1582 1604 tempus
1604 1533 1762 1588 carerent.
1808 1521 1947 1589 Summa
1975 1522 2168 1606 igiturest:
2202 1518 2363 1600 Quamvis

358 1607 422 1673 fnit
445 1605 548 1672 liber?
576 1606 852 1690 quemadmodum
875 1606 954 1672 dicit
976 1626 1035 1688 per
1057 1605 1178 1672 Isaiam
1202 1604 1267 1692 (50,
1293 1605 1334 1692 l),
1387 1608 1526 1692 ιιιριιὶιαε
1554 1607 1698 1674 Iehudab
1730 1613 1758 1673 et
1786 1607 1965 1674 Ierusalem
1996 1627 2114 1690 mapna
2143 1605 2259 1687 fuerit,
2293 1615 2364 1670 erat

358 1693 434 1759 Non
461 1713 542 1775 epea
571 1703 622 1757 est
649 1693 741 1759 vebia
769 1692 848 1758 dare
876 1691 1026 1757 libellum
1059 1691 1195 1775 repudii,
1229 1702 1335 1757 mater
1387 1695 1475 1758 enim
1513 1694 1652 1776 populea
1688 1694 1847 1780 inclytus,
1887 1713 1983 1775 quem
2017 1692 2110 1757 Deus
2143 1691 2363 1773 adoptaverat,

359 1780 447 1845 enim
469 1790 579 1843 vestra
600 1786 651 1843 eet
671 1776 828 1844 adultera.
862 1778 953 1862 Ergo
972 1774 1131 1860 propheta
1153 1779 1251 1842 etiam
1274 1778 1336 1844 hec
1388 1777 1664 1861 quemadmodum
1702 1780 1822 1846 dicitur
1859 1779 1994 1844 Denter.
2027 1778 2057 1844 4.
2089 1798 2159 1860 cup.
2194 1775 2239 1863 (v.
2265 1776 2294 1842 1.
2321 1775 2364 1859 8),

357 1864 428 1931 lece
461 1863 567 1930 veluit
599 1863 743 1930 breviter
773 1863 903 1929 Iudaeis
937 1873 1091 1930 excutere
1124 1885 1227 1930 vanae
1262 1864 1335 1929 illas
1388 1867 1537 1950 quamvis
1570 1886 1648 1950 ergo
1682 1886 1802 1949 magna
1838 1865 1935 1929 luerit
1972 1863 2110 1930 altitudo
2143 1860 2296 1927 Iehudab
2334 1872 2365 1925 et

356 1949 541 2028 iactantiae,
569 1970 671 2032 quum
695 1949 801 2031 plenis
822 1951 931 2017 buccis
953 1951 1099 2016 dicerent
1121 1971 1156 2016 ae
1178 1971 1249 2016 esee
1271 1949 1335 2014 Dei
1387 1950 1578 2026 Ierusalem,
1599 1972 1651 2034 epo
1673 1957 1775 2016 tamen
1797 1951 1888 2017 illem
1909 1969 2118 2031 corrumpam,
2141 1949 2258 2031 iuquit.
2305 1946 2363 2011 Vi·

357 2036 525 2121 populum,
543 2044 578 2100 et
594 2044 744 2100 sanetum
758 2035 911 2101 Abrahae
929 2056 1049 2120 genes:
1074 2056 1198 2114 verum,
1217 2035 1335 2118 inquit,
1389 2036 1504 2102 demna
1536 2045 1573 2101 ut
1605 2037 1767 2119 propheta
1799 2035 1930 2101 Iudaeis
1963 2035 2081 2118 eripiat
2116 2053 2253 2117 pravam
2288 2051 2366 2098 eon·

357 2127 392 2187 et
413 2121 487 2204 plue
510 2122 601 2186 vebis
623 2119 774 2197 cencede,
798 2142 916 2204 nempe
938 2143 996 2186 voa
1018 2121 1118 2186 inisse
1133 2120 1206 2186 Dee
1228 2121 1335 2187 instar
1388 2122 1565 2202 fidentiam,
1588 2143 1652 2205 qua
1674 2144 1710 2187 ae
1731 2125 1819 2203 ipaea
1842 2121 2008 2187 fallebant.
2052 2121 2210 2185 Poterant
2233 2118 2365 2201 quidem

358 2206 500 2285 balthei,
533 2226 597 2289 quo
630 2206 693 2270 viri
723 2219 899 2272 ornantur:
934 2206 991 2273 aed
1020 2228 1121 2290 quum
1152 2207 1245 2272 Deua
1277 2227 1337 2272 ves
1389 2211 1424 2273 in
1445 2206 1519 2273 Dee
1550 2208 1692 2292 gloriari,
1722 2210 1750 2272 si
1772 2208 1807 2272 id
1830 2228 1907 2274 vere
1937 2219 1970 2272 et
1992 2229 2033 2272 ex
2055 2209 2164 2271 animo
2195 2205 2366 2270 fecissent:

361 2292 567 2376 adoptaverit
599 2301 637 2356 nt
669 2305 756 2358 easta
789 2293 897 2375 ipsum
931 2293 1098 2371 coleretis,
1138 2314 1226 2360 nuno
1260 2293 1337 2375 quia
1389 2293 1446 2360 aad
1464 2314 1566 2374 quum
1585 2294 1647 2359 sibi
1669 2305 1861 2378 arrogarent
1882 2293 2000 2371 omnia,
2023 2292 2236 2357 detraherent
2257 2298 2366 2355 autem

360 2377 483 2446 foenus
515 2379 645 2443 irritum
680 2379 749 2444 eiua
783 2388 931 2461 paetum,
968 2378 1120 2444 detrahet
1152 2379 1215 2442 sibi
1249 2378 1337 2444 huuc
1388 2379 1461 2445 Dee
1483 2379 1656 2462 imperium
1677 2381 1730 2444 oui
1752 2379 1888 2446 subiecti
1910 2395 2013 2460 erant,
2042 2386 2165 2460 quanta
2194 2375 2258 2441 fuit
2286 2375 2367 2440 haee

360 2463 540 2542 baltheum,
558 2463 615 2546 qui
632 2463 741 2547 petina
757 2469 807 2528 est
822 2463 996 2548 opprobrie
1014 2484 1113 2547 quarn
1128 2473 1336 2529 ornamento:
1390 2466 1517 2531 vanitas
1539 2472 1573 2530 et
1594 2485 1694 2548 quam
1717 2464 1864 2541 ridicula,
1894 2483 2024 2546 semper
2054 2464 2117 2529 sibi
2141 2461 2285 2528 retinere
2308 2479 2366 2524 ne·

361 2554 396 2614 et
425 2548 574 2631 proiioiet
606 2549 641 2613 in
671 2549 811 2631 aliquam
846 2570 1038 2630 cavernam,
1072 2550 1127 2614 ubi
1161 2553 1335 2631 putrescat.
1389 2571 1465 2616 men
1487 2548 1568 2615 illud
1591 2571 1731 2632 aeorum,
1755 2550 1958 2616 Nossemus
1981 2549 2119 2632 populus
2142 2547 2230 2613 Dei?
2264 2565 2367 2630 quum

361 2634 437 2700 Heu
465 2634 567 2716 igitur
600 2635 781 2700 notandum
812 2645 862 2700 est
891 2636 931 2700 de
958 2634 1172 2700 similitudine
1205 2633 1336 2711 balthei,
1389 2647 1500 2701 tamen
1523 2636 1635 2701 nullus
1657 2635 1743 2719 apud
1765 2635 1838 2701 illes
1861 2647 1945 2702 esset
1967 2635 2069 2716 Deus,
2095 2634 2158 2700 hee
2180 2642 2240 2710 est,
2262 2653 2366 2714 quum

361 2720 416 2786 vel
444 2719 653 2803 subligaculi,
682 2728 721 2785 ut
749 2730 861 2803 postea
887 2721 1007 2786 elarius
1029 2719 1220 2786 videbimus.
1265 2720 1337 2785 Iam
1389 2721 1482 2787 illum
1500 2719 1592 2786 nullo
1610 2723 1680 2788 leco
1696 2722 1863 2798 ducerent,
1881 2730 1916 2786 et
1932 2719 2156 2802 contemptim,
2178 2720 2247 2784 imo
2265 2718 2365 2783 etiam

362 2804 449 2888 qnod
471 2805 635 2888 propheta
656 2807 773 2871 recitat
794 2826 828 2872 ee
848 2809 969 2872 emisse
989 2807 1033 2872 ed
1048 2806 1253 2889 Euphraten,
1275 2806 1338 2872 hoe
1389 2807 1622 2873 contumeliose
1644 2808 1815 2873 reiicerent
1837 2813 1908 2872 eius
1928 2804 2068 2890 iugum?
2100 2806 2193 2889 llrge
2215 2802 2367 2870 videmus

360 2890 402 2956 ad
435 2891 717 2956 confirmationem
752 2891 919 2958 doctrinae
951 2891 1049 2958 valet.
1099 2892 1215 2974 Neque
1247 2892 1337 2956 enim
1389 2895 1436 2958 sio
1458 2893 1560 2974 accipi
1587 2912 1707 2958 nemen
1734 2907 1793 2991 pat
1818 2893 1854 2958 in
1882 2892 2004 2958 bonam
2031 2901 2167 2974 partem,
2198 2900 2237 2955 nt
2258 2899 2367 2954 tamen

361 2975 518 3059 intelligit
540 2977 737 3054 sevenisse,
767 2976 826 3043 sed
849 2977 951 3044 voluit
979 2978 1073 3060 quasi
1094 2977 1128 3042 in
1150 2997 1221 3041 rem
1243 2998 1337 3059 prae·
1389 2978 1608 3063 ignominiose
1641 2979 1817 3061 exprobret
1849 2978 2008 3061 propheta
2041 2977 2117 3052 illis,
2154 2975 2240 3059 qued
2273 2975 2369 3040 abusi

362 3070 489 3126 sentem
517 3059 679 3127 adducere
701 3060 850 3128 Iudaees.
895 3064 960 3129 Eat
980 3064 1081 3148 igitur
1110 3063 1337 3147 hypotyposis,
1389 3065 1513 3130 fuerint
1531 3065 1593 3129 Dei
1613 3064 1743 3130 nemine
1765 3073 1798 3128 et
1819 3065 1898 3129 falae
1915 3085 1951 3130 ae
1965 3061 2178 3128 venditarent
2199 3081 2260 3145 pro
2278 3061 2368 3126 illius

362 3143 638 3228 quemadmodum
661 3146 820 3224 rhetoras,
842 3149 970 3213 etiamsi
988 3149 1095 3215 leeem
1113 3169 1180 3213 nen
1199 3158 1337 3226 mutent,
1390 3149 1511 3233 popule
1533 3159 1567 3214 et
1588 3147 1800 3215 haereditate.
1845 3149 1988 3231 Reliqua
2017 3169 2083 3214 nen
2112 3167 2281 3232 possemus
2311 3145 2367 3212 ab·

363 3237 476 3296 tamen
498 3237 687 3312 proponunt
704 3232 783 3296 viva
801 3233 1015 3314 descriptione
1033 3254 1102 3298 rem
1121 3245 1197 3299 ante
1214 3233 1337 3300 ocules:
1391 3237 1526 3314 solvere,
1550 3255 1622 3302 cras
1644 3255 1887 3319 prosequemur.

362 3316 410 3380 ita
439 3313 538 3379 etiam
570 3313 743 3398 propheta,
776 3319 932 3399 quoniam
966 3318 1055 3384 surdi
1089 3327 1183 3382 erant
1211 3317 1338 3398 Iudaei,

362 3397 505 3467 ostendit
519 3400 728 3483 conspicuum
744 3402 830 3484 qued
846 3402 960 3468 audire
976 3422 1043 3467 nen
1059 3411 1219 3485 poterant.
1246 3403 1339 3468 Haeo
1478 3407 1528 3473 10.
1560 3405 1704 3488 Populus
1734 3407 1784 3472 bic
1810 3407 1913 3472 melus
1945 3409 2105 3472 renuentes
2133 3404 2247 3470 undae
2274 3400 2369 3467 uerba

362 3487 464 3572 igitur
485 3485 569 3550 ratio
591 3496 643 3551 eat
665 3507 723 3552 eur
744 3489 831 3553 dieat
859 3508 892 3553 ee
912 3489 1040 3553 emisse.
1085 3487 1211 3553 Eodem
1240 3490 1338 3554 etiam
1390 3511 1470 3571 unca,
1491 3491 1684 3558 ambutantes
1704 3494 1740 3558 ia
1755 3493 1916 3573 pravitate
1936 3492 2039 3559 cerdis
2059 3491 2128 3556 eui:
2158 3487 2370 3556 mandalum

363 3571 507 3654 pertinet
538 3568 627 3653 qued
658 3573 822 3654 seqnitur,
861 3571 894 3636 A
924 3574 986 3655 fune
1017 3573 1142 3638 durum
1173 3572 1339 3639 multorum
1385 3582 1460 3658 post
1487 3579 1558 3644 deos
1584 3578 1703 3643 atiena
1724 3582 1759 3643 ut
1780 3579 1920 3644 anetem
1941 3578 2033 3658 quate,
2062 3575 2245 3642 etudormt
2264 3575 2370 3657 ipsos:

363 3656 469 3724 Deum
490 3657 658 3722 mandasse
679 3661 714 3720 ut
735 3657 897 3740 cinpulum
925 3657 1107 3723 eetratnret.
1151 3658 1217 3724 Hic
1240 3659 1338 3724 etiam
1391 3661 1437 3726 m
1465 3668 1555 3728 erum
1583 3661 1802 3746 (collectivum
1831 3683 1952 3729 nemen
1980 3661 2093 3746 pean
2116 3671 2166 3727 est
2187 3657 2370 3744 singulare)

364 3747 500 3807 notatur
529 3741 636 3807 exsilii
667 3741 877 3808 diuturnitas.
929 3742 1100 3824 Quantum
1129 3744 1170 3807 ad
1196 3744 1340 3826 feramen
1391 3752 1543 3830 tanquam
1570 3747 1712 3814 eremos
1740 3749 1804 3830 tte,
1834 3749 1890 3830 qut
1922 3750 1965 3815 ad
1990 3747 2127 3814 nibilum
2147 3745 2278 3828 prodeat
2300 3741 2370 3829 (qui

358 3832 476 3910 petrae,
508 3826 691 3908 ignominia
725 3832 873 3894 notatur:
906 3830 982 3910 quia
1012 3828 1136 3894 seilicet
1168 3831 1239 3895 aine
1274 3830 1340 3895 ulle
1392 3833 1433 3899 ad
1455 3833 1634 3917 quidquam
1657 3855 1723 3900 nen
1746 3845 1796 3900 cst
1819 3833 1932 3919 utilis).

367 3912 492 3978 honere
513 3921 546 3976 et
564 3913 667 3994 pretio
684 3911 797 3978 Iudaei
816 3911 851 3978 in
869 3913 985 3979 exsilio
1004 3914 1165 3979 vixerunt.
1198 3915 1340 3982 Perinde

367 3997 470 4081 igitur
492 4007 600 4062 estae
623 3997 812 4064 siceniecti
837 3998 1030 4064 fuissentin
1054 3998 1196 4081 aliquam
1225 4021 1338 4066 eover-
1478 4006 1618 4070 Dixerat
1650 4004 1723 4069 heri
1758 4003 1914 4088 propheta
1947 4004 2100 4088 populum
2130 4003 2198 4067 fore
2227 3999 2370 4067 similem

367 4103 456 4148 nam.
501 4081 592 4165 Ergo
617 4083 844 4163 perforamen
873 4091 1006 4149 notatur
1035 4082 1187 4168 ignobilis
1217 4096 1250 4149 et
1277 4106 1338 4167 pu·
1393 4090 1531 4168 baltheo,
1559 4111 1656 4174 quem
1685 4090 1898 4156 absconderat
1925 4089 1960 4154 in
1991 4089 2168 4166 toramine,
2201 4099 2236 4152 et
2268 4104 2369 4169 quem

368 4166 474 4234 denda
496 4167 593 4232 etiam
616 4167 761 4249 ipserum
785 4167 940 4235 conditio:
966 4168 1051 4251 quod
1074 4169 1197 4236 scilieet
1218 4170 1340 4236 fuerint
1390 4176 1563 4242 invenerat
1584 4177 1811 4258 putrefactum.
1851 4173 1918 4242 Sed
1940 4197 2037 4241 eausa
2059 4195 2149 4240 nune
2170 4171 2370 4256 exprimitur

367 4253 461 4337 quasi
493 4252 611 4317 remoti
644 4252 686 4318 ab
719 4255 866 4319 omnium
899 4263 1091 4336 conspectu,
1130 4266 1164 4319 et
1195 4258 1236 4320 ab
1268 4256 1340 4338 ipsa
1392 4262 1688 4343 quaraDenatam
1711 4281 1922 4326 severacum
1945 4261 2063 4345 popule
2084 4280 2182 4344 agere
2203 4257 2368 4324 statuerit.

366 4339 533 4406 eemmnni
556 4337 636 4404 luee.
668 4336 733 4403 Per
747 4338 840 4419 sinen
860 4340 1030 4406 multorum
1049 4340 1183 4422 dimum,
1207 4348 1245 4405 ιιι
1262 4341 1339 4418 dixi,
1393 4345 1484 4410 Dicit
1515 4346 1616 4429 igitur
1646 4367 1680 4410 se
1711 4347 1778 4411 lere
1808 4346 1986 4430 vindicem,
2020 4345 2173 4429 quoniam
2196 4343 2370 4410 renuerint

367 4433 501 4490 notatur
529 4423 636 4488 exsilii
670 4421 881 4488 diuturnitas.
925 4424 1010 4489 Nam
1044 4423 1163 4507 exigue
1195 4435 1340 4508 tempere
1393 4430 1505 4495 Iudaei
1535 4429 1666 4495 obedire
1696 4431 1767 4495 voci
1796 4451 1883 4507 suae,
1913 4441 1948 4498 et
1976 4431 2191 4514 praetulerint
2220 4451 2282 4496 aua
2309 4431 2368 4513 fig-

366 4531 433 4576 non
465 4509 604 4574 luissent
632 4509 819 4591 putrefacti:
850 4521 884 4574 et
911 4510 973 4576 nisi
1002 4511 1100 4574 etiam
1130 4509 1192 4576 hoe
1222 4511 1340 4577 diserte
1394 4525 1513 4596 menta,
1541 4521 1575 4580 ut
1597 4515 1791 4580 ambularent
1808 4522 1881 4595 post
1901 4519 2058 4596 etardum,
2086 4527 2145 4581 aut
2167 4517 2369 4599 pravitatem

367 4597 484 4662 fuisset
514 4613 707 4677 expressum
736 4616 756 4661 a
786 4593 957 4677 propheta,
992 4615 1161 4677 nunquam
1195 4597 1340 4678 persuasi
1392 4602 1496 4666 cordia
1523 4602 1584 4666 aui.
1630 4600 1791 4664 Videmus
1817 4622 1895 4685 ergo
1924 4602 2026 4669 cladis
2055 4603 2141 4668 hane
2166 4601 2269 4667 fuisse
2292 4621 2368 4666 oau-

367 4683 507 4748 luissent
543 4679 606 4745 sibi
645 4679 769 4744 instare
807 4680 1035 4764 gravissimam
1075 4679 1165 4744 illam
1205 4679 1340 4746 cladem.
1392 4706 1462 4750 sam
1484 4685 1570 4768 qued
1596 4685 1737 4767 populus
1760 4685 1906 4752 reiecerit
1928 4688 2151 4772 propheticam
2173 4687 2367 4754 doctrinam.

367 4768 457 4851 Ergo
487 4765 565 4831 dicit
594 4763 706 4830 mutter
726 4765 794 4846 sere
815 4766 893 4847 dies,
924 4776 963 4829 nt
984 4764 1191 4847 putredinem
1213 4775 1341 4831 eontra·
1392 4769 1465 4835 Hee
1498 4770 1584 4835 enim
1617 4770 1715 4853 lenge
1747 4772 1882 4853 gravius
1914 4782 1966 4840 eat
1997 4793 2096 4857 quam
2128 4774 2156 4839 si
2190 4791 2302 4840 errore
2336 4779 2369 4836 et

368 4853 449 4918 hant
470 4853 503 4916 in
527 4851 687 4917 feramina
709 4850 897 4916 absconditi.
939 4849 1108 4930 Quantum
1131 4850 1173 4915 ad
1193 4851 1339 4916 vaticinii
1391 4854 1577 4936 ignorantia
1610 4855 1723 4921 luisset
1754 4856 1878 4939 lapsus:
1911 4859 2185 4941 quemadmodum
2218 4856 2369 4926 videmus

368 4939 625 5022 applicationem
648 4944 782 5019 spectat,
813 4936 962 5017 pluribus
985 4935 1094 5000 verbis
1122 4935 1240 5004 deinde
1268 4955 1339 5000 eam
1392 4960 1489 5023 saepe
1528 4940 1693 5020 hemines,
1734 4940 1789 5006 nbi
1823 4943 1932 5009 ablata
1963 4953 2014 5009 est
2047 4943 2225 5025 doetrina,·
2249 4944 2369 5009 misere

367 5035 586 5108 prosequetur
618 5022 794 5105 propheta:
831 5019 888 5086 ead
922 5039 1097 5116 summam¹
1120 5030 1229 5086 tomen
1262 5021 1340 5087 satis
1393 5026 1522 5108 vagari:
1544 5024 1601 5090 sed
1623 5025 1679 5090 ubi
1697 5026 1788 5092 Deua
1811 5029 1897 5093 viam
1920 5029 2134 5109 demonstrat,
2156 5041 2191 5097 et
2208 5027 2368 5114 praecipit

367 5109 510 5176 dilucide
542 5108 769 5191 complectitur
801 5127 902 5190 quum
937 5104 1024 5180 dicit,
1060 5103 1114 5168 Suc
1143 5125 1341 5188 corrumpam
1392 5110 1471 5190 qnid
1495 5117 1620 5175 reetnm
1642 5111 1693 5190 sit,
1717 5113 1771 5177 ubi
1793 5134 1851 5195 per
1873 5135 1985 5180 serves
1999 5137 2076 5183 snos
2091 5117 2191 5183 etiam
2208 5117 2367 5190 hortatur,

367 5195 564 5261 mantinea
579 5193 730 5276 Iehudab,
747 5198 774 5258 et
789 5192 985 5260 altitudinem
996 5187 1171 5254 Ierusalem
1185 5211 1215 5254 nu
1279 5209 1340 5255 om.
1393 5193 1473 5260 haee
1495 5201 1545 5260 cat
1566 5195 1797 5263 inexcusabilis
1815 5199 1959 5280 durities,
1981 5203 2009 5266 si
2027 5203 2202 5285 repudient
2217 5203 2369 5268 hemines

368 5281 436 5347 Alii
465 5281 661 5364 interpretes
689 5289 823 5348 vertunt
854 5297 919 5344 une
948 5295 1108 5344 censensu
1137 5295 1236 5357 super
1258 5276 1339 5340 iam:
1394 5289 1521 5345 tantum
1555 5279 1755 5348 heneficium.
1801 5283 1868 5349 Sed
1897 5289 2048 5368 queniam
2080 5288 2142 5354 hae
2170 5289 2210 5354 de
2233 5309 2269 5354 re
2291 5283 2368 5352 alibi
