5134 6124
341 453 406 519 315
1151 445 1539 514 PRAELEOTIONES
2283 445 2347 510 316

342 645 565 726 prostraverat
595 637 726 720 impios,
759 636 915 703 volebant
948 634 1102 718 apostoli,
1144 644 1179 699 ut
1216 634 1316 700 etiam
1370 635 1426 701 sed
1458 639 1589 701 tantum
1616 655 1714 719 agere
1743 633 1908 717 publiaam
1938 653 2088 700 eaumm:
2118 634 2195 718 quia
2224 634 2347 702 soilieet

342 727 454 794 statim
483 725 617 792 elioeret
638 723 790 790 Christus
824 722 948 788 fulmen
976 743 994 786 e
1024 721 1129 787 ooelo:
1163 719 1316 798 Nesoitis,
1369 720 1461 804 impii
1494 722 1542 786 illi
1571 719 1695 804 perfide
1723 720 1869 805 egissent
1896 718 2055 785 adversus
2084 721 2212 803 ipsum,
2245 740 2346 804 quum

343 814 461 896 inquit,
479 832 543 896 quo
561 810 677 895 spiritu
696 807 866 891 regamini.
900 807 1085 874 Dissimiles
1103 806 1317 872 erantllliae:
1370 816 1479 872 tamen
1519 806 1603 872 nihil
1644 805 1731 872 aliud
1772 805 1921 872 studeret
1953 825 2052 890 quam
2086 826 2217 889 operam
2253 825 2346 872 suam

343 899 496 966 volebant
518 906 629 963 tamen
652 894 744 978 quasi
767 894 881 959 simiae
904 893 1026 958 imitari
1047 892 1135 976 quod
1157 891 1212 957 ille
1236 893 1318 958 leoe-
1369 893 1559 975 impendere
1591 890 1678 971 Deo,
1718 900 1751 957 et
1784 891 1913 976 quidem
1947 891 1983 955 in
2015 891 2163 975 ipsorum
2194 891 2345 958 salutem.

344 993 405 1050 rat.
452 983 529 1061 Sed,
559 979 835 1067 quemadmodum
856 980 921 1045 iam
946 977 1023 1055 dixi,
1053 979 1159 1063 primo
1182 980 1320 1043 lacessat
1371 978 1518 1044 Tandem
1543 976 1646 1052 addit,

343 1071 451 1136 omnis
472 1075 638 1151 respeotus
661 1064 715 1133 vel
737 1065 890 1132 utilitatis
914 1072 1054 1142 nostrae,
1086 1063 1137 1129 rel
1164 1063 1318 1141 iaaturae,

343 1175 450 1238 neque
481 1173 617 1238 agamus
650 1151 816 1236 propriam
849 1170 992 1226 oausam,
1026 1151 1053 1214 si
1080 1149 1234 1214 volumus
1261 1169 1318 1212 ex·
1457 1149 1508 1214 23.
1532 1148 1576 1214 Et
1608 1153 1642 1214 tu
1671 1146 1808 1214 lateat
1839 1149 1920 1214 nortt
1950 1148 2067 1226 moia,
2082 1147 2215 1214 nomilia
2242 1168 2347 1214 eorum

343 1240 538 1308 oandesoere
566 1239 725 1305 adversus
747 1237 940 1303 seeleratos:
975 1234 1093 1300 deinde
1115 1233 1200 1302 adsit
1221 1234 1318 1318 spiri·
1370 1255 1467 1316 saper
1486 1256 1535 1299 nte
1557 1236 1592 1300 in
1613 1239 1755 1299 mortem:
1776 1253 1814 1299 ne
1830 1233 1994 1316 propitias
2015 1234 2063 1298 eir
2079 1233 2147 1318 (rel
2164 1233 2347 1320 plausibilis)

344 1335 398 1393 tus
416 1325 526 1391 iudioii
545 1332 578 1389 et
596 1322 811 1390 diseretionis.
844 1323 1013 1388 Postremo
1035 1322 1134 1386 etiam
1157 1322 1320 1386 lacessant
1370 1340 1465 1404 saper
1496 1321 1663 1403 iniguitute
1694 1321 1857 1401 ipsorum:
1896 1323 1925 1384 et
1949 1324 2111 1401 peceatum
2143 1339 2249 1384 eoram
2280 1317 2348 1405 (vol

344 1432 458 1478 omnes
480 1410 661 1477 turbulenti
691 1409 800 1475 earnis
822 1409 973 1474 effeetus:
1004 1409 1079 1490 quia
1101 1405 1200 1472 simul
1222 1413 1319 1488 atque
1371 1406 1477 1472 soelus
1516 1403 1677 1491 ipsorum)
1711 1426 1731 1469 a
1761 1404 1844 1486 faeie
1881 1409 1937 1470 teta
1974 1425 2014 1470 ae
2046 1405 2165 1472 Meae:
2201 1404 2347 1489 (qnidam

344 1496 527 1563 admixtum
550 1505 600 1560 est
622 1493 745 1577 aliquid
767 1493 948 1558 humanum
973 1493 1057 1560 votis
1080 1492 1210 1570 nostris,
1234 1512 1318 1557 sem·
1371 1493 1562 1557 existimant
1591 1504 1674 1559 'nun
1703 1511 1773 1556 esee
1803 1493 1836 1555 in
1860 1489 1930 1567 Gal,
1960 1500 1994 1556 et
2020 1505 2030 1540 ³
2057 1493 2132 1574 poni
2162 1491 2231 1556 loeo
2256 1490 2292 1575 n)
2321 1495 2349 1556 d

345 1603 405 1667 per
435 1581 617 1665 reperietur
650 1579 774 1664 aliquid
807 1577 988 1646 oonlusum.
1044 1578 1084 1643 In
1114 1578 1175 1644 hao
1210 1587 1319 1643 autem
1370 1579 1435 1642 sint
1452 1579 1656 1661 impinpeotes
1669 1596 1773 1643 eoram
1787 1577 1869 1656 satie
1883 1581 1948 1660 tuo,
1967 1577 2003 1641 ia
2017 1577 2069 1642 die
2082 1577 2348 1643 emandeaoeotior

345 1667 531 1753 preoatione
563 1666 722 1731 Ieremias
757 1663 837 1731 nihil
872 1664 934 1730 fuit
967 1663 1207 1729 turbulentum:
1244 1663 1320 1746 quia
1370 1668 1442 1728 taos
1472 1664 1525 1746 foc
1546 1683 1616 1730 eum
1644 1663 1735 1744 ipsis.
1779 1661 1867 1748 (Non
1902 1683 2029 1746 possem
2053 1662 2149 1728 hodie
2183 1682 2346 1746 exponere

344 1749 1319 1922 atltllttlttttlt,ttlttlltttl{illis
1373 1749 1460 1816 ¹¹⁰⁰⁰
1483 1746 1641 1834 mm)

627 1887 634 1902 ·
1311 1882 1319 1914 r

344 1929 379 1990 et
400 1925 465 1989 iam
489 1923 667 1990 destinatos
696 1921 736 1988 ad
766 1922 920 1987 ultimum
950 1921 1129 1986 interitum.
1174 1919 1321 1985 Itanon
1457 1920 1619 1986 Ultimum
1650 1940 1782 1985 versum
1804 1919 1918 1987 deoimi
1941 1918 2048 1985 optavi
2070 1919 2187 2003 eapitis
2209 1919 2281 1984 heri
2305 1918 2346 1984 ad

345 2009 511 2077 dubitavit
531 2009 646 2091 spiritu
670 2007 858 2093 prophetiae
881 2007 945 2073 illis
966 2007 1139 2091 imprecari
1161 2004 1245 2090 quod
1267 2006 1320 2071 hio
1372 2005 1509 2071 verbum
1549 2006 1756 2088 interpretati
1793 2025 1922 2071 sumus:
1965 2025 2052 2070 nuno
2084 2004 2265 2071 ridendum
2298 2013 2348 2070 est

346 2095 496 2180 legimus.
551 2094 667 2176 Neque
702 2093 790 2159 euim
829 2091 963 2158 dubium
995 2103 1046 2159 est
1078 2095 1156 2176 quin
1193 2112 1321 2175 semper
1372 2091 1449 2176 quid
1470 2091 1523 2156 his
1546 2091 1656 2157 verbis
1674 2092 1836 2177 signifieat
1854 2090 2022 2176 propheta,
2045 2099 2190 2174 atquem
2206 2090 2348 2156 hostum

347 2181 504 2248 sollieitus
536 2180 636 2245 fuerit
668 2199 726 2262 pro
759 2179 915 2262 reliquiis.
964 2177 1096 2246 Seiebat
1128 2179 1216 2242 enim
1249 2197 1320 2242 esse
1371 2201 1412 2245 ex
1445 2179 1524 2261 ipsis
1551 2177 1703 2261 oolligere
1732 2187 1889 2260 oporteat.
1944 2177 2081 2243 Dioehat
2109 2178 2210 2260 igitur
2240 2177 2349 2242 Deum

346 2266 471 2350 aliquos
493 2265 622 2332 fideles:
644 2276 678 2329 et
698 2264 848 2349 quamvis
870 2271 981 2330 essent
1000 2264 1170 2348 inoogniti,
1192 2261 1320 2328 studuit
1372 2284 1443 2331 esso
1465 2273 1581 2330 testem
1605 2263 1774 2347 pravitatis
1794 2263 1938 2328 hostium
1954 2282 2099 2345 suorum,
2121 2261 2208 2345 quod
2224 2261 2350 2328 soilieet

346 2361 457 2417 tamen
480 2352 587 2417 Deum
610 2351 676 2416 illis
698 2349 835 2434 plaeere.
870 2349 936 2417 Sed
958 2349 1012 2416 hie
1034 2349 1185 2414 fulminet
1206 2355 1320 2414 eontra
1371 2351 1481 2415 omnia
1511 2369 1623 2415 eorum
1650 2348 1784 2415 oonsilio
1815 2348 1988 2414 tenderent
2009 2349 2044 2413 in
2067 2349 2137 2414 eius
2160 2349 2348 2430 pernioiem.

346 2437 510 2522 reprobos,
534 2438 588 2520 qui
611 2437 676 2501 iam
698 2447 814 2519 sponte
836 2434 944 2502 devoti
966 2447 1061 2501 erant
1083 2436 1192 2500 exitio.
1227 2433 1320 2500 Haeo
1372 2437 1476 2502 Porro
1510 2436 1564 2501 hio
1593 2433 1816 2502 subaudienda
1849 2444 1900 2499 est
1932 2433 2125 2514 antithesis,
2158 2434 2245 2517 qnod
2276 2453 2349 2516 pro·

347 2523 449 2609 igitur
470 2523 553 2588 ratio
576 2526 628 2587 ost
648 2541 708 2586 our
729 2542 794 2587 non
817 2520 942 2588 dubitet
963 2530 1074 2603 petere
1095 2525 1130 2584 ut
1150 2521 1261 2586 ᾶυυίυν
1278 2519 1321 2586 od
1372 2521 1471 2604 pheta
1502 2520 1646 2586 fideliter
1677 2526 1826 2586 ourasset
1857 2541 1971 2586 eornm
2005 2519 2160 2598 salutem,
2193 2518 2349 2602 quemad·

346 2609 472 2692 famen,
504 2613 533 2674 et
560 2608 707 2690 feramur
729 2609 773 2674 ad
794 2627 909 2672 monus
929 2605 1042 2691 gladii,
1066 2605 1114 2671 vel
1135 2607 1246 2686 (luunt
1274 2607 1321 2670 ita
1373 2605 1505 2672 modum
1529 2617 1606 2673 ante
1628 2606 1779 2673 vidimus.
1825 2607 1908 2671 llrat
1930 2606 2032 2691 igitur
2053 2605 2135 2672 haee
2158 2606 2350 2688 turpissima

347 2699 383 2759 ut
403 2696 469 2760 aiot
490 2693 582 2759 orbae
603 2699 632 2758 et
651 2693 765 2759 oidooe
786 2694 929 2775 ipsorum
950 2692 1114 2759 mutere:
1143 2692 1207 2757 oiri
1228 2693 1322 2756 dmm
1373 2692 1591 2777 ingratitudo,
1625 2691 1709 2775 quod
1738 2690 2008 2759 maehinarentur
2036 2691 2208 2756 interitum
2235 2703 2349 2757 saneto

345 2781 486 2862 ipsoram
507 2779 660 2845 intorem
681 2779 725 2845 od
740 2783 876 2861 mortem,
899 2779 1070 2844 etiuoeotee
1091 2779 1232 2859 ipsorum
1247 2797 1322 2858 per·
1373 2779 1560 2862 prophetae,
1583 2778 1639 2861 qui
1659 2797 1725 2842 non
1740 2788 1867 2844 tantum
1885 2787 1956 2844 erat
1971 2777 2135 2857 innoxius,
2153 2776 2210 2842 ead
2227 2777 2350 2860 optime

344 2866 504 2931 manta
524 2864 641 2950 plodio.
686 2864 783 2931 Nune
806 2864 963 2948 sequitur,
1373 2865 1473 2930 etiam
1514 2865 1650 2930 meritus
1691 2864 1730 2930 ds
1769 2866 1911 2949 ipsorum
1950 2864 2066 2930 salute.
2122 2863 2212 2928 Hine
2247 2863 2350 2947 igitur

1373 2950 1496 3034 oolligit
1517 2949 1669 3034 indignos
1692 2971 1762 3016 esse
1780 2948 2021 3015 miserieordia:
2047 2949 2106 3028 Tre,
2129 2948 2246 3031 inquit,
2269 2947 2351 3013 noeti

433 3037 485 3102 22.
518 3034 683 3101 Aeduae
712 3035 828 3101 domm
858 3054 897 3099 aa
928 3033 1057 3101 aedibus
1088 3053 1193 3100 eonem
1225 3053 1322 3116 quum
1373 3036 1554 3120 omilium,
1589 3035 1742 3118 quidquid
1771 3035 1943 3101 murat
1975 3036 2058 3102 iuter
2089 3054 2123 3101 ee
2153 3035 2274 3100 tendere
2306 3031 2350 3098 nd

345 3121 513 3188 industrie
533 3140 629 3203 super
650 3141 700 3186 eoa
721 3121 890 3186 maedam
910 3125 1049 3202 repente.-
1076 3120 1154 3202 qaia
1173 3119 1323 3200 foderunt
1372 3126 1501 3188 mortem
1529 3141 1627 3203 saper
1653 3141 1710 3186 me.
1754 3121 1842 3204 Erpa
1871 3141 1911 3186 aa
1933 3120 2096 3203 propitiae
2116 3121 2164 3186 eie
2185 3119 2351 3202 aripuituti

344 3207 466 3290 foveam
488 3205 530 3270 ad
550 3205 739 3286 capiendam
760 3226 817 3287 ote,
847 3206 1025 3288 etlopaeoa
1052 3206 1244 3272 oeadtorant
1266 3226 1323 3288 pe·
1373 3225 1496 3287 eoram,
1536 3211 1565 3273 et
1600 3211 1760 3290 precatam
1798 3227 1903 3274 eoram
1940 3227 1979 3271 uo
2017 3207 2131 3272 dolone.
2194 3205 2350 3272 Diximus

346 3291 440 3358 didus
460 3291 547 3356 maie.
1374 3304 1538 3376 postrema
1579 3293 1718 3358 leotione
1756 3292 1842 3359 hano
1885 3291 2147 3371 vehementiam,
2194 3290 2350 3373 quoniam

1374 3378 1496 3445 dietata
1526 3379 1587 3444 luit
1615 3399 1635 3444 a
1663 3377 1782 3461 spiritu
1811 3389 1933 3454 sanato,
1963 3398 2027 3442 non
2058 3397 2153 3460 posse
2182 3375 2348 3442 damnari:

432 3460 548 3545 Pergit
568 3460 604 3524 in
627 3481 686 3525 sua
707 3461 951 3544 impreoetione.
989 3459 1082 3543 Optat
1099 3461 1200 3545 igitur
1214 3461 1325 3526 audiri
1374 3463 1431 3529 sed
1460 3485 1524 3529 non
1555 3463 1663 3530 deberi
1694 3463 1783 3528 trahi
1811 3464 1846 3528 in
1873 3462 2072 3547 exemplum,
2101 3462 2180 3545 quia
2201 3461 2263 3527 hoo
2284 3461 2349 3525 sin·

346 3547 512 3615 domem
534 3564 573 3609 eo
598 3545 727 3612 oedibus
748 3565 872 3611 eoram.-
899 3548 993 3629 quasi
1017 3544 1147 3629 diceret,
1177 3545 1259 3611 nihil
1281 3547 1324 3612 sit
1374 3549 1488 3632 gulare
1510 3550 1571 3614 luit
1593 3549 1628 3613 in
1651 3549 1819 3631 propheta,
1850 3569 1951 3632 quum
1975 3550 2074 3615 seirat
2095 3549 2162 3613 iam
2184 3547 2257 3612 illos
2278 3566 2350 3612 esse

346 3632 413 3698 illis
447 3632 582 3716 refugii,
621 3651 724 3715 quum
756 3630 879 3697 aooidet
911 3631 1089 3697 oalamitas.
1145 3630 1231 3696 Nam
1265 3651 1325 3696 sua
1374 3634 1543 3715 reprobos:
1566 3643 1600 3700 et
1621 3634 1719 3699 simul
1741 3635 1944 3700 ostendimus
1965 3656 2025 3701 our
2045 3655 2112 3700 non
2131 3632 2248 3699 debeat
2264 3651 2351 3697 oom-

347 3718 464 3801 ouique
493 3717 608 3784 domus
636 3725 686 3785 est
708 3717 799 3800 quasi
822 3718 1062 3802 receptaculum
1085 3718 1118 3781 in
1142 3716 1241 3783 rebus
1263 3718 1324 3782 mi·
1375 3721 1484 3785 munis
1517 3719 1570 3785 lex
1603 3721 1702 3785 statui
1735 3741 1776 3785 ex
1810 3720 2032 3805 singularibus
2063 3719 2239 3804 exemplis:
2272 3718 2352 3800 quia

348 3807 440 3868 seris.
478 3802 561 3868 Vult
583 3804 684 3888 igitur
706 3803 864 3887 propheta
887 3804 985 3868 etiam
1009 3824 1109 3886 quum
1133 3803 1221 3868 domi
1243 3801 1323 3869 lats·
1374 3805 1533 3870 Ieremias
1554 3803 1724 3888 praeditus
1745 3805 1810 3870 luit
1825 3807 1944 3889 spiritu
1961 3805 2156 3890 prudentiae
2172 3813 2207 3870 et
2224 3803 2352 3869 iudioii:

348 3889 442 3967 bunt,
476 3888 618 3972 iugulari
638 3889 708 3955 illie
729 3889 769 3954 ab
793 3886 950 3954 hostibus.
995 3888 1078 3953 Nam
1103 3909 1123 3954 a
1144 3889 1325 3972 posteriore
1375 3889 1493 3956 deinde
1522 3892 1601 3975 quia
1620 3890 1709 3956 zelus
1732 3891 1853 3976 gloriae
1875 3891 1940 3957 Dei
1962 3893 2010 3956 ita
2033 3891 2219 3956 dominatus
2244 3901 2294 3954 est
2316 3889 2352 3952 in

348 3973 505 4059 intelligit
536 3974 678 4040 eaedem.
721 3972 888 4056 Quorsum
919 3975 1007 4041 enim
1035 3975 1168 4054 elamor,
1199 3975 1239 4040 de
1261 3994 1324 4058 quo
1375 3978 1445 4042 eius
1475 3975 1580 4057 eorde,
1612 3983 1649 4042 ut
1678 3978 1786 4043 oannis
1816 3978 1951 4043 effeetus
1973 3976 2095 4042 luerint
2117 3995 2252 4059 prorsus
2274 3974 2351 4040 sub·

347 4059 500 4143 loquitur,
524 4059 588 4125 nisi
611 4061 686 4143 quia
709 4060 765 4125 uhi
788 4061 898 4126 hostes
916 4061 1105 4142 irrumpent,
1128 4073 1162 4127 et
1179 4061 1325 4126 saevient
1375 4064 1449 4138 aeti,
1473 4062 1526 4127 vel
1548 4064 1649 4128 ooaeti
1673 4063 1707 4128 in
1725 4062 1890 4128 ordinem:
1913 4064 1990 4147 quia
2007 4063 2131 4129 soilioet
2149 4082 2215 4128 non
2233 4059 2352 4146 agebat

349 4145 506 4212 adversus
538 4147 643 4228 ipsos,
684 4167 743 4213 noo
775 4155 932 4230 poterunt
965 4148 1048 4211 tueri
1086 4148 1187 4213 vitam
1221 4167 1322 4223 suam,
1376 4150 1538 4232 privatam
1572 4167 1714 4214 oausam.
1771 4149 1941 4214 Postremo
1977 4149 2121 4214 diximus
2154 4147 2256 4213 luisse
2289 4145 2351 4212 hoo

348 4232 540 4316 oonlugient
574 4230 703 4296 tandem
739 4233 780 4297 ad
814 4231 1066 4297 lamentationes
1099 4242 1133 4296 et
1161 4231 1324 4297 eiulatus?
1376 4234 1561 4311 oraculum,
1595 4235 1671 4317 quia
1704 4233 1809 4300 soluit
1838 4233 1930 4300 Deus
1963 4237 2160 4319 patelaoere,
2194 4230 2351 4316 reprobos

349 4315 514 4382 Audiatur
530 4337 607 4400 orgo
625 4337 664 4382 ex
679 4316 930 4384 meteororum
944 4317 1069 4401 clamor,
1091 4318 1327 4382 ubiindaaerie
1377 4338 1447 4384 esse
1480 4319 1554 4384 illos
1587 4330 1621 4384 et
1653 4317 1856 4402 desperatos,
1890 4321 1947 4402 qui
1979 4321 2027 4385 ita
2056 4319 2266 4402 pertinaoiter
2294 4337 2351 4401 op·

351 4403 519 4466 erardum
547 4422 642 4483 super
671 4421 721 4468 eos
742 4409 871 4484 repente.
917 4403 1028 4482 Addit,
1062 4404 1219 4484 Quoniam
1238 4403 1326 4487 foda-
1377 4404 1568 4487 pugnabant
1598 4425 1708 4471 veram
1741 4404 1934 4472 doetrinam.
1979 4404 2147 4486 Quoniam
2174 4405 2255 4469 haee
2284 4423 2351 4468 non

349 4491 427 4552 ruat
458 4487 580 4567 foveam
615 4488 659 4553 od
690 4489 876 4570 capiendum
905 4509 962 4556 eae.
1018 4487 1160 4554 Videtur
1192 4488 1324 4572 quidem
1376 4489 1529 4556 omnibus
1558 4492 1762 4574 oontingunt,
1793 4491 1866 4556 ideo
1894 4491 2077 4575 promiseue
2105 4511 2172 4556 non
2195 4489 2351 4555 debemus

348 4571 1326 4742 ltllttlttlltztt,tttlt‘tlttltlte?
1376 4574 1862 4746 hittlltllttlttt
1884 4576 2351 4728 lilt‘tttadltfflttf

348 4757 406 4808 tur
435 4765 563 4820 eorum,
596 4743 636 4808 de
663 4744 781 4828 quibus
808 4744 970 4830 loquitur,
998 4745 1211 4828 impietatem,
1238 4743 1325 4829 quod
1376 4746 1471 4830 pulis,
1494 4747 1634 4814 Nesoitis
1656 4747 1728 4829 quis
1749 4747 1886 4830 spiritus
1908 4769 1966 4815 vos
1989 4748 2159 4831 gubernet.
2196 4747 2241 4811 ut
2262 4755 2350 4811 uerte

348 4829 504 4896 insidiose
526 4830 634 4913 ipsum
657 4832 926 4914 oppugnaverint,
955 4851 1057 4915 quum
1079 4841 1191 4896 tamen
1214 4838 1326 4916 ageret
1376 4833 1437 4898 hoe
1470 4835 1568 4897 etiam
1602 4833 1771 4898 horrorem
1806 4833 1902 4900 debet
1931 4833 2024 4899 nobis
2053 4835 2214 4908 inoutere,
2249 4850 2350 4912 quum

347 4917 515 4999 negotium
532 4915 605 4982 Dei.
639 4915 809 4998 Propheta
827 4917 916 4982 enim
934 4937 1041 5000 neque
1059 4917 1196 4994 serebat,
1220 4937 1325 4999 neque
1375 4919 1535 5001 audimus,
1565 4917 1615 4983 Ne
1636 4919 1797 5002 propitios
1824 4921 1871 4986 aia
1892 4919 1967 4998 illia,
1996 4924 2083 4984 etue
2104 4918 2209 4986 deleas
2223 4922 2350 4998 peecata

348 5001 492 5066 metebat
513 5001 591 5068 sibi:
614 5001 670 5066 sed
695 5009 821 5067 tantum
845 5003 976 5069 volebat
997 5004 1223 5086 obtemperare
1241 5002 1323 5068 Deo.
1374 5006 1524 5087 ι’μεουυυυ
1570 5002 1662 5070 Deus
1695 5011 1836 5072 testatur
1868 5015 1936 5071 tam
1965 5005 2078 5070 multis
2106 5005 2185 5070 lonis
2214 5025 2250 5070 se
2279 5023 2350 5068 esse

348 5081 461 5164 Quum
479 5087 581 5171 igitur
599 5087 768 5153 fraudibus
786 5088 894 5169 ipsum
913 5087 1114 5169 adoriuntur,
1136 5101 1167 5153 et
1185 5089 1325 5154 eiroum·
1374 5089 1632 5170 miserioordem,
1672 5110 1870 5173 propensum
1912 5090 1954 5157 ad
1992 5091 2217 5171 elementiam,
2256 5097 2291 5155 et
2322 5090 2350 5154 si

349 5171 496 5250 veniunt,
526 5173 604 5256 quid
638 5175 699 5240 hoo
728 5184 777 5240 est
808 5174 871 5239 nisi
901 5181 1012 5257 aperte
1034 5173 1155 5239 bellum
1179 5173 1250 5240 Deo
1272 5173 1323 5237 in·
1375 5175 1505 5259 quando
1533 5177 1696 5254 irascitur,
1725 5174 1786 5242 hoo
1807 5197 1874 5243 non
1895 5197 1968 5242 esse
1989 5178 2052 5242 nisi
2075 5176 2116 5240 ad
2138 5183 2350 5243 momentum.

348 5255 457 5322 ferre?
509 5259 704 5324 Tenendum
737 5259 838 5342 igitur
870 5269 920 5324 est
953 5259 1144 5346 prophetam
1174 5260 1229 5325 hio
1258 5279 1323 5324 non
1375 5261 1516 5326 Videtur
1553 5282 1632 5346 ergo
1668 5280 1739 5327 esse
1771 5283 1929 5346 magnum
1964 5261 2135 5328 dissidium
2168 5263 2257 5327 inter
2290 5262 2350 5327 hoe

348 5343 502 5425 oonqueri
521 5343 561 5409 de
580 5345 738 5412 molestiis
757 5365 839 5430 quas
856 5346 1021 5425 sustinuit,
1044 5364 1105 5409 nee
1122 5346 1162 5411 de
1179 5345 1323 5410 iniuriis:
1375 5347 1568 5414 vaticinium
1592 5348 1779 5432 prophetae,
1807 5361 1841 5414 et
1863 5349 1950 5415 inter
1970 5348 2028 5413 illa
2049 5350 2246 5426 testimonia,
2276 5347 2350 5432 qui·
