5158 6124
359 434 423 500 447
1170 433 1565 503 PRAELEOTIONES'
2298 436 2362 502 448

360 633 399 688 ut
424 643 532 688 sermo
559 644 671 688 eornm
700 625 796 689 melle
823 625 866 690 sit
895 624 1029 690 dnleior.
1082 623 1148 689 Sed
1178 625 1332 707 qnoniam
1386 622 1427 689 ab
1456 625 1527 706 ipsu
1556 625 1690 706 antepit,
1724 625 1816 690 nullo
1845 625 1913 690 loeo
1947 624 2134 690 habendum
2167 647 2254 706 oasa,
2285 627 2362 708 qnia

360 694 422 800 npb
438 710 602 791 signifieat
616 709 773 792 anoipera‚
796 709 967 791 attollere,
985 723 1085 792 atqna
1100 714 1198 774 etiam
1218 710 1334 775 efferre
1385 718 1453 773 tota
1474 711 1545 775 eins
1567 711 1713 794 gravitas
1736 711 1839 777 levior
1860 711 1923 774 erit
1945 711 2065 794 pluma,
2092 721 2126 777 et
2148 719 2218 776 tota
2239 711 2363 795 speeies

358 795 393 858 in
423 793 576 875 sublime,
609 793 773 860 interdum
807 802 842 858 et
870 805 1018 878 portare,
1053 795 1124 861 ideo
1159 805 1267 878 posset
1298 796 1333 859 in
1385 795 1563 874 sapientiae
1586 797 1648 859 erit
1670 797 1885 862 mendacium.
1927 795 2073 861 Tandem
2096 796 2188 863 addit
2208 817 2272 864 noa
2287 817 2361 880 pre·

359 881 491 962 propria
506 880 744 961 signifieatione
762 880 860 959 sumi,
879 900 939 945 nae
956 881 1049 946 video
1067 881 1145 964 quid
1162 891 1333 964 repugnet.
1383 879 1509 961 fetmoa
1529 879 1668 963 popae.-
1704 883 1824 964 quibns
1854 881 1963 948 vorbis
1996 881 2149 948 admonet
2177 884 2361 948 navandum

360 965 458 1031 Certe
480 965 575 1029 video
600 965 726 1030 nullam
755 985 826 1031 esse
845 986 976 1032 oausam
1000 987 1059 1030 our
1087 976 1263 1050 torqueant
1292 963 1334 1031 ad
1386 986 1457 1030 esse
1485 986 1505 1030 a
1534 967 1592 1030 tali
1623 975 1721 1049 peste.
1765 968 1851 1033 Nam
1882 967 2034 1033 videmus
2063 982 2099 1032 nt
2129 967 2192 1033 sibi
2221 968 2363 1033 muudus

359 1051 449 1116 illam
481 1051 707 1134 metaphoram
739 1051 826 1134 qnod
854 1051 1046 1133 simpliciter
1082 1057 1191 1134 potest
1221 1051 1332 1133 assipi,
1384 1049 1447 1115 hao
1468 1051 1501 1115 in
1531 1062 1625 1134 parte
1652 1052 1831 1137 indulgeat.
1874 1052 2021 1136 Torpent
2050 1055 2136 1118 enim
2159 1054 2217 1137 qni
2248 1053 2362 1120 volunt

358 1156 477 1219 nempe
509 1136 596 1219 quod
629 1135 745 1200 tollant
777 1137 924 1219 linguam
957 1158 1068 1217 suam,
1101 1137 1135 1202 id
1169 1146 1229 1214 est,
1263 1156 1333 1202 sese
1384 1137 1589 1220 ignorantiae
1612 1149 1785 1221 praetextu
1815 1136 1957 1216 absolvi,
1987 1149 2020 1201 st
2048 1139 2202 1205 reiioinnt
2230 1139 2361 1221 uulpam

358 1222 515 1302 efferant,
545 1227 580 1284 et
609 1222 780 1305 magnifiee
809 1224 932 1287 inotent
964 1223 1025 1288 sibi
1048 1224 1241 1288 mandatum
1263 1241 1334 1288 ease
1384 1222 1420 1285 in
1438 1240 1515 1286 suos
1527 1232 1691 1304 pastores:
1710 1227 1804 1305 qnasi
1816 1242 1895 1288 vero
1913 1225 1976 1306 ipsi
1996 1237 2090 1288 extra
2102 1245 2224 1290 noxam
2241 1235 2361 1290 esseut

359 1306 496 1373 donandi
520 1327 650 1372 munna.
695 1305 827 1373 Soimus
855 1309 942 1372 euim
972 1328 1070 1391 qnam
1094 1308 1239 1374 fastuose
1260 1307 1333 1372 salai
1385 1305 1454 1372 Sed
1477 1306 1639 1373 Dominus
1662 1309 1716 1375 hio
1739 1309 1902 1388 admouet,
1925 1310 2072 1375 dootores
2091 1311 2262 1391 pestiferos
2281 1330 2361 1386 ease,

358 1393 506 1458 duotoree
529 1413 602 1458 aeae
624 1393 785 1457 attollant.
830 1394 919 1476 Ergo
946 1403 1056 1476 posset
1077 1395 1123 1458 ita
1144 1393 1230 1458 anmi
1253 1393 1333 1458 haee
1386 1391 1464 1456 dnm
1493 1413 1547 1458 eos
1580 1394 1696 1476 resipit
1730 1395 1879 1476 populns.
1932 1393 2130 1477 Quanquam
2166 1395 2231 1460 alia
2265 1397 2362 1460 etiam

359 1480 530 1558 sententia,
553 1476 640 1560 qnod
656 1477 748 1543 Dens
770 1498 907 1562 poenam
923 1486 1119 1562 sumpturus
1141 1479 1185 1545 sit
1207 1478 1247 1542 de
1269 1479 1335 1543 illis
1386 1478 1511 1542 ratione
1543 1479 1677 1545 iuntiles
1708 1500 1780 1546 ease
1812 1485 1962 1558 metatur,
1998 1501 2116 1562 nempe
2148 1493 2185 1545 ut
2217 1481 2363 1547 exentiat

358 1563 599 1647 impostoribus,
621 1563 677 1645 qni
699 1564 847 1647 linguam
871 1583 963 1628 suam
986 1566 1116 1648 tollunt,
1139 1563 1172 1628 id
1195 1573 1254 1639 est,
1277 1563 1334 1647 qni
1387 1582 1504 1627 vanam
1529 1564 1758 1630 ooubdentiam
1783 1564 1929 1641 Indaeis,
1959 1566 2014 1647 qui
2037 1564 2187 1632 solebant
2207 1566 2361 1652 elypeum

359 1648 554 1732 superbiunt
584 1660 617 1713 st
644 1647 799 1715 andaoter
832 1649 994 1732 arripiunt
1023 1651 1084 1717 sibi
1114 1651 1333 1726 autoritatem,
1386 1668 1550 1730 opponere
1571 1650 1722 1714 omnibns
1745 1650 1809 1714 Dei
1835 1651 1949 1728 minis,
1980 1671 2080 1733 quum
2110 1652 2182 1717 falsi
2212 1651 2362 1718 deuteres

359 1737 452 1820 qnasi
475 1744 586 1801 esseut
607 1734 706 1817 legati
736 1734 901 1801 eoelestes.
947 1736 1104 1818 Sequitur
1133 1745 1261 1819 postea,
1292 1733 1335 1799 Iit
1387 1734 1470 1798 mira
1492 1734 1556 1800 illis
1580 1737 1818 1817 promitterent.
1865 1735 2031 1819 Sequitur,

358 1822 466 1887 dissent
488 1834 559 1888 ortt.
603 1819 735 1886 Soimna
758 1820 820 1886 hoo
841 1821 875 1884 in
898 1821 1063 1885 oommuui
1085 1843 1148 1886 usn
1170 1841 1241 1886 asse
1266 1841 1333 1886 om-

359 1905 457 1971 nibns
482 1905 667 1989 prophetia,
703 1915 738 1969 ut
766 1906 921 1972 adiioiaut
949 1907 1209 1972 confirmationis
1238 1925 1335 1972 eausa
1471 1905 1523 1971 33.
1557 1904 1645 1986 Quod
1672 1907 1703 1970 ai
1730 1907 1966 1989 memorarit
1995 1911 2023 1972 te
2046 1907 2187 1988 popalus
2215 1907 2282 1990 bie,
2311 1910 2363 1975 vel

360 2012 396 2057 sa
418 1991 501 2056 nihil
524 1991 747 2073 pronuntiare.
770 1990 835 2056 uisi
857 1990 944 2074 quod
960 1991 1118 2058 divinitus
1133 1993 1333 2074 aooeperint:
1381 1990 1540 2071 propbeta,
1565 1991 1614 2055 vel
1641 1993 1785 2057 sacerdos
1805 1992 1950 2074 dicendo,
1983 1993 2072 2073 Quod
2100 2012 2179 2058 enus
2201 1992 2361 2059 Ieboooe?

359 2090 428 2145 ntro
446 2090 507 2144 ῠιιι
535 2077 658 2142 dietum
681 2072 839 2154 laboras,
870 2087 927 2142 ant
957 2099 1064 2143 sermo
1094 2078 1246 2143 Ishovae.
1290 2077 1335 2141 Et
1385 2080 1457 2140 turre
1483 2077 1569 2142 dites
1601 2076 1677 2159 allia,
1711 2078 1800 2158 Quod
1831 2096 1912 2142 onata
1937 2076 2096 2143 Iebovoe?
2134 2077 2366 2162 Derelinqaorrs

360 2163 390 2228 si
409 2183 477 2227 nuo
497 2173 653 2227 eontextu
676 2160 817 2246 legimns
839 2163 928 2228 huno
954 2184 1102 2246 versum,
1135 2164 1334 2247 reperiemus
1386 2180 1448 2244 ros,
1470 2162 1574 2244 iaqnit
1596 2161 1742 2228 laboral.

359 2269 475 2312 verum
498 2269 569 2313 ease
592 2245 677 2330 qnod
696 2247 774 2326 dixi,
797 2268 915 2330 nempe
935 2247 1072 2314 verbnm
1094 2235 1156 2334 npb
1182 2269 1246 2312 uun
1266 2259 1333 2311 tum
1452 2303 1457 2311 .

359 2333 528 2399 leuitatem
562 2332 616 2397 vel
650 2331 825 2398 blanditias
856 2333 909 2400 hio
942 2343 1074 2413 notare,
1113 2355 1210 2416 qnam
1245 2333 1334 2398 illam
1472 2331 1516 2396 las
1538 2332 1600 2398 hoo
1617 2332 1689 2400 loeo
1707 2335 1788 2398 satia
1803 2343 1903 2415 patet,
1927 2343 2052 2398 tantam
2071 2335 2171 2401 fnisse
2191 2345 2363 2401 oontnma-

359 2419 787 2570 tlttltttllbtb
813 2419 1252 2589 llttwhltd¹¹ttth
1279 2419 1336 2568 ”l
1386 2416 1559 2568 tibuit
1580 2418 2028 2587 ilthhidlhltt
2049 2419 2366 2588 {tlhtttttzt

359 2589 567 2655 transierunt
588 2587 630 2653 sd
651 2609 687 2653 ae
709 2588 865 2671 quidquid
888 2588 953 2654 Dei
975 2599 1034 2655 eat.
1075 2590 1161 2654 Nam
1185 2590 1264 2656 haas
1286 2599 1336 2655 eat
1389 2589 1513 2661 Deum,
1546 2609 1647 2670 quum
1678 2591 1813 2655 verbum
1846 2590 1916 2656 eina
1946 2590 2126 2656 raiioeraut.
2180 2590 2265 2656 Nam
2299 2592 2364 2657 hoe

360 2675 468 2755 elatio,
491 2673 578 2757 quod
600 2695 714 2740 aeonra
734 2675 856 2740 iaetant
875 2675 982 2740 Deum
1000 2676 1108 2760 ipsum
1131 2697 1201 2741 ease
1223 2676 1336 2759 loqnn-
1387 2674 1485 2742 etiam
1515 2676 1650 2740 artifieio
1678 2675 1817 2742 iasniuat
1845 2674 1993 2741 diabolus
2020 2677 2191 2758 reprobes.
2222 2676 2276 2741 nbi
2307 2677 2363 2742 vel

360 2775 450 2825 tum:
475 2759 592 2841 Sarno,
615 2779 732 2842 nempe
755 2769 791 2824 nt
812 2771 921 2825 eareat
943 2763 1165 2828 oontroveraia
1176 2761 1336 2844 quidquid
1387 2758 1533 2823 odiosum
1554 2759 1620 2825 illis
1642 2759 1779 2826 verbnm
1803 2759 1867 2825 Dei
1890 2759 2006 2836 reddit,
2030 2762 2081 2826 vel
2101 2763 2361 2845 eoutamptibila:

360 2847 520 2932 garriunt,
548 2846 698 2928 quamvis
720 2846 803 2910 satia
825 2855 951 2912 oonstat
973 2868 1037 2911 eoa·
1049 2867 1222 2930 perperam
1244 2867 1335 2911 men·
1388 2853 1422 2907 et
1443 2842 1497 2907 ubi
1521 2855 1627 2926 potest
1649 2848 1846 2911 exaaerbare
1868 2867 1980 2911 eorum
2001 2847 2144 2925 animos,
2174 2868 2216 2911 ue
2238 2868 2365 2914 aermo-

360 2932 418 2996 tiri
441 2932 505 2997 Dei
527 2951 655 2996 nomeu.
701 2931 813 2996 Tertio
835 2931 936 3014 addit,
959 2932 1047 3014 Eeee,
1070 2953 1123 3016 epo
1143 2933 1187 2997 ed
1203 2931 1335 3015 prephe-
1388 2949 1462 2994 uem
1494 2931 1557 2996 Dei
1586 2930 1721 2995 audiant
1749 2932 1871 3014 absque
1901 2930 2029 2996 fastidio
2066 2945 2099 2997 et
2132 2934 2363 3012 amarulentis,

359 3017 603 3082 tuederamo
622 3016 786 3082 mertdeeii.
831 3016 973 3083 Neuesae
1002 3029 1112 3083 autem
1142 3019 1206 3083 init
1235 3020 1336 3082 inter·
1388 3014 1525 3097 adeptus
1562 3026 1612 3081 est
1652 3017 1812 3099 qnidqnid
1854 3023 1972 3098 oaptat.
2026 3018 2105 3082 Huo
2146 3039 2224 3103 ergo
2264 3021 2364 3085 manti

360 3102 439 3184 poni
478 3100 576 3176 illud,
624 3121 742 3183 nempe
782 3104 932 3184 quamvis
973 3103 1046 3169 lalsi
1086 3103 1235 3170 deuteres
1274 3104 1336 3169 sibi
1388 3102 1517 3166 fueraut
1534 3100 1648 3167 Iudaei
1671 3113 1707 3166 nt
1725 3103 1863 3168 verbnm
1876 3102 1939 3166 Dei
1953 3101 2064 3168 odioso
2086 3103 2183 3169 titulo
2199 3111 2363 3183 notarent,

361 3195 517 3269 arrogent
538 3186 623 3268 qnod
642 3186 774 3268 proprie
794 3189 950 3269 oompetit
966 3189 999 3252 in
1023 3188 1108 3253 solos
1126 3188 1191 3254 Dei
1213 3207 1336 3264 servos,
1389 3196 1427 3250 nt
1457 3185 1579 3252 aeilieet
1607 3187 1788 3253 alienarent
1817 3209 1852 3252 se
1882 3187 1923 3251 ab
1951 3188 2040 3252 omui
2073 3188 2238 3254 dooilitate
2267 3200 2301 3256 et
2321 3191 2363 3256 ab

362 3280 472 3334 tamen
495 3291 566 3334 esse
589 3271 769 3335 mandaces.
815 3272 935 3338 Postea
956 3272 1053 3348 addit,
1079 3274 1224 3340 Narrant
1245 3275 1336 3356 ipsis,
1388 3273 1478 3335 omui
1511 3272 1643 3352 piatatis
1676 3273 1794 3338 studio.
1844 3273 1886 3339 Iu
1918 3293 2062 3354 summa,
2096 3274 2292 3358 prophetae,
2325 3289 2364 3341 nt

362 3361 391 3420 et
411 3374 520 3420 errore
546 3355 670 3438 feriunt
690 3355 844 3438 papalem
871 3377 975 3422 merem
1000 3359 1036 3422 in
1063 3358 1237 3426 meadaats
1256 3360 1336 3440 aaa,
1388 3358 1469 3422 satis
1491 3367 1605 3422 uotnm
1627 3369 1692 3437 eat,
1723 3360 1841 3440 passim
1865 3368 2026 3442 usurpant
2047 3359 2108 3426 hoe
2131 3380 2252 3426 nomen
2274 3373 2362 3445 hm,

362 3442 447 3506 etin
471 3439 591 3505 levitate
619 3459 688 3505 osa.
733 3439 873 3506 Summa
899 3453 962 3520 est,
990 3443 1169 3528 quamlibet
1198 3444 1335 3526 superba
1389 3443 1450 3508 hou
1471 3453 1530 3522 est,
1552 3443 1657 3509 Onna.
1701 3442 1796 3510 Onna
1818 3449 1930 3509 summ
1959 3444 2123 3528 signifieat
2145 3445 2362 3528 prophetiam,

363 3525 545 3591 obtendunt
567 3545 683 3589 nomen
705 3527 941 3609 prophetiam,
962 3548 1034 3593 ease
1052 3539 1160 3594 tamen
1181 3528 1335 3611 imposto-
1388 3548 1470 3609 qnae
1493 3537 1595 3594 terret
1618 3529 1680 3594 Dei
1701 3540 1956 3612 eontamptorea,
1987 3529 2064 3594 dnm
2094 3529 2161 3597 illis
2184 3531 2363 3599 viudiotam

363 3609 1188 3765 natantianatantia
1210 3616 1338 3780 titt
1389 3614 1746 3783 lithhsi‘htl
1766 3617 2290 3784 ,tebbathtttlztll
2308 3622 2365 3770 „b

363 3782 400 3845 iu
422 3780 540 3845 bonam
564 3787 709 3863 partam:
739 3781 796 3846 aad
825 3785 992 3865 epitheton
1015 3783 1157 3850 ostendit
1178 3785 1338 3851 fallaoiter
1388 3805 1463 3851 aare
1485 3805 1668 3849 sermonem
1685 3785 1749 3851 Dei
1767 3798 1855 3866 ιιιιιι,
1869 3798 1946 3854 tttm
1963 3797 2015 3850 est
2030 3783 2137 3852 Onna.
2171 3786 2365 3853 Debuerant

364 3885 421 3931 eoa
443 3865 564 3930 iactare
586 3886 645 3931 ana
667 3867 804 3932 somnia.
839 3869 883 3933 lit
901 3870 962 3934 hoo
983 3871 1102 3936 iterum
1125 3873 1338 3936 eoniirmatnr
1389 3871 1514 3936 moveri
1536 3870 1576 3934 ad
1597 3871 1658 3936 Dei
1677 3871 1792 3950 minas,
1815 3881 1849 3934 et
1870 3873 2124 3937 eontramiaoere
2146 3892 2248 3954 quum
2271 3873 2365 3939 audi·

364 3952 419 4017 ubi
448 3950 528 4016 dioit
555 3951 712 4017 Ieremias
741 3973 792 4018 eos
819 3954 958 4034 decipere
981 3955 1133 4036 populum
1158 3957 1228 4023 essia
1256 3977 1338 4022 mert-
1389 3966 1464 4021 reut
1492 3977 1568 4021 enm
1600 3958 1679 4038 ipsis
1708 3976 1779 4022 esse
1804 3957 1936 4021 iratum.
1986 3957 2076 4040 Ergo
2105 3977 2224 4024 nomen
2255 3960 2365 4026 oneris

364 4037 478 4104 raaia
523 4034 686 4120 Adiungit
711 4037 882 4103 levitdem:
912 4039 966 4104 alii
989 4049 1125 4104 vertunt
1153 4040 1337 4107 blanditias.
1389 4041 1526 4107 debebat
1546 4063 1658 4106 eorum
1680 4043 1806 4107 animos
1829 4042 1987 4108 deiioare:
2009 4042 2066 4106 aed
2088 4043 2197 4125 potius
2218 4063 2291 4110 asse
2313 4047 2365 4109 iu·

365 4121 433 4188 Sed
456 4141 522 4186 non
549 4120 661 4186 dubito
688 4123 766 4204 quiu
797 4123 904 4207 potius
931 4122 1079 4208 designat
1110 4147 1221 4191 eorum
1250 4147 1337 4192 eom·
1388 4125 1521 4204 flabant,
1543 4128 1685 4209 primum
1708 4129 1810 4207 tastu,
1839 4126 1957 4191 deinde
1980 4125 2172 4193 indomabili
2194 4137 2365 4196 eontnma·

364 4217 485 4286 menta,
504 4226 587 4288 qnae
605 4205 715 4271 iutilia
731 4221 819 4285 suut,
842 4209 992 4291 qnoniam
1009 4220 1188 4276 naseuntur
1208 4218 1338 4276 tautum
1389 4215 1449 4291 uia,
1472 4214 1567 4277 tertio
1589 4212 1810 4278 ascendebant
1837 4234 1873 4278 se
1894 4213 1994 4278 rabie.
2038 4212 2135 4278 Nune
2163 4235 2242 4299 ergo
2271 4215 2364 4281 vide·

365 4291 518 4357 exinani
542 4292 735 4356 temeritate.
771 4292 882 4371 Addit,
909 4294 1014 4376 ριιιιιιι
1034 4315 1086 4360 eos
1105 4316 1168 4360 noa
1188 4297 1338 4376 miserim,
1391 4319 1464 4362 mna
1497 4296 1582 4361 nuda
1615 4307 1707 4362 ortus
1738 4299 1837 4364 fuerit
1871 4299 1924 4363 hie
1956 4319 2079 4374 sermo,
2116 4321 2216 4382 qnum
2249 4321 2366 4368 omnes

364 4377 700 4458 repraesentaverim
722 4378 813 4459 ipsis.
850 4378 943 4445 Haeo
965 4379 1173 4443 adversativa
1195 4382 1339 4446 notanda
1390 4382 1576 4466 prophetias
1607 4394 1763 4448 voearant
1796 4405 1906 4451 onera.
1950 4383 2021 4448 Iam
2052 4384 2142 4450 Dens
2172 4405 2287 4453 severa
2314 4387 2366 4452 in-

364 4477 424 4542 est,
447 4464 522 4544 qnia
543 4461 687 4526 ostendit
709 4462 800 4528 Daue
822 4463 909 4528 nude
930 4465 1001 4529 lieri
1028 4463 1184 4529 indiainm
1214 4464 1338 4550 debeat,
1392 4467 1521 4532 vehitur
1553 4479 1667 4532 eontra
1699 4469 1842 4533 furorem
1875 4469 1988 4548 illnm,
2021 4468 2106 4551 quod
2140 4470 2265 4537 aeilieet
2298 4493 2365 4536 nou

364 4548 421 4615 nbi
444 4547 591 4630 quaestio
609 4557 761 4611 movetur
783 4547 824 4611 de
846 4549 934 4614 veris
957 4559 1014 4613 aut
1037 4549 1127 4614 falsis
1145 4550 1338 4617 duetoribus.
1382 4553 1578 4617 'dubitarent
1599 4553 1836 4634 impudentiam
1858 4575 1950 4620 suam
1981 4554 2028 4618 ita
2048 4555 2157 4637 palam
2179 4557 2364 4623 ostendero.

366 4632 535 4718 Quidquid
564 4649 642 4716 ergo
671 4641 721 4697 eat
749 4641 876 4714 praeter
897 4632 962 4698 Dei
991 4633 1200 4716 mandatum,
1233 4635 1339 4702 simile
1390 4638 1470 4702 Fnit
1491 4646 1577 4703 uerte
1599 4638 1679 4702 illud
1703 4639 1907 4720 pudendum,
1936 4641 2029 4722 qnasi
2055 4661 2115 4722 par
2135 4641 2307 4707 infamiam
2330 4653 2366 4707 et

365 4729 416 4787 eet
436 4728 544 4799 vento,
566 4724 600 4781 et
620 4725 736 4799 sponte
758 4718 932 4783 evaueeeit.
976 4719 1067 4802 Ergo
1089 4718 1180 4783 unllri
1202 4731 1251 4784 est
1275 4722 1338 4786 uisi
1390 4721 1529 4788 dadanus
1564 4743 1748 4788 sermonem
1783 4724 1847 4789 Dei
1885 4726 1932 4791 sio
1965 4726 2075 4791 voeari
2113 4725 2149 4790 in
2182 4728 2294 4792 triviis
2326 4747 2365 4793 ao

365 4805 478 4905 inDei
500 4802 654 4869 mandato
672 4801 847 4902 soliditas..
864 4801 960 4868 Unda
977 4803 1125 4886 s'equitor
1143 4825 1198 4871 eos
1216 4825 1337 4885 omnes,
1389 4809 1546 4888 oompitis.
1602 4809 1695 4906 Nam,
1722 4808 1783 4906 hoe
1816 4809 1912 4875 modo
1943 4821 2037 4875 erant
2069 4811 2151 4876 satis
2182 4829 2297 4895 aperta
2328 4816 2365 4878 iu

366 4890 872 5058 ttllttltltshtttlt
901 4889 1337 5057 ttllnttllhzdlt
1389 4893 1497 5041 litt
1520 4893 1757 5057 titillet·
1778 4894 2250 5047 siliddbiimsiiisihd
2272 4912 2365 5049 tlt

366 5062 444 5144 qnia
467 5061 559 5126 Dana
580 5061 661 5126 haeo
683 5056 747 5123 dno
769 5058 909 5123 interae
931 5059 1073 5139 opponit,
1095 5058 1136 5123 ab
1159 5079 1224 5123 nua
1246 5071 1339 5143 perta
1389 5063 1508 5126 mirum
1530 5071 1581 5126 est
1602 5063 1717 5144 igitur,
1749 5064 1834 5146 qnod
1864 5077 1956 5130 tanta
1978 5067 2184 5132 vehementia
2212 5070 2364 5154 obiurgat

366 5147 574 5213 mendaoium
598 5156 632 5211 at
653 5145 838 5222 levitatem,
867 5143 907 5207 ab
936 5143 1041 5206 altera
1070 5151 1179 5207 antem
1204 5145 1335 5210 manda·
1389 5147 1531 5211 furorem
1554 5148 1653 5212 istnm
1669 5169 1769 5230 qnnm
1791 5150 1879 5226 dioit,
1905 5151 1942 5217 Si
1963 5157 1991 5217 te
2011 5154 2249 5235 muneraverit
2265 5175 2364 5237 popu-

367 5241 439 5298 tum
462 5251 556 5297 snum
580 5239 614 5295 at
634 5230 847 5296 voeationem.
893 5227 982 5292 Hine
1004 5228 1161 5309 seqnitur,
1185 5229 1249 5292 nisi
1265 5231 1339 5313 qnia
1389 5231 1447 5312 less,
1476 5232 1637 5311 Quodnam
1658 5239 1702 5298 est
1731 5233 1837 5298 onas?
1867 5235 1932 5301 Hie
1960 5238 2048 5302 anim
2078 5257 2147 5304 moa
2174 5241 2364 5306 seisoitandi

367 5317 559 5402 simplieiter
588 5325 701 5398 pareat
730 5317 815 5394 Deo,
848 5324 881 5380 et
909 5310 1051 5377 fideliter
1080 5312 1224 5392 proferat
1253 5314 1337 5397 qnod
1390 5321 1462 5380 erat
1483 5317 1599 5397 plsuns
1621 5318 1789 5394 ludibriis,
1821 5339 1920 5400 qnnm
1944 5321 2092 5388 ditarent
2113 5333 2181 5390 tam
2203 5324 2364 5391 Ieremias
