5134 6124
200 479 264 545 269
899 477 947 542 ΙΝ
970 477 1220 543 IEREMIAM.
1265 476 1364 542 OAP.
1388 474 1504 541 XVIl.
2139 480 2204 546 270

200 668 394 752 opponitur:
424 665 508 744 Erit,
537 667 655 750 inquit,
682 667 763 732 siout
791 666 886 731 arbor
910 666 1056 748 plautm
1084 685 1180 747 super
1318 665 1347 730 9.
1373 663 1569 732 Iusidiosrm
1596 687 1647 734 eor
1671 687 1752 752 pree
1771 666 1915 735 manibus
1938 671 2053 752 (supra
2076 667 2207 755 omnia),

201 758 476 838 equeseques
502 753 598 818 meur
617 772 695 818 suas
714 753 837 818 radices
858 772 961 834 supra
981 753 1094 830 riuum,
1126 752 1179 817 vel
1230 755 1258 816 et
1285 771 1472 833 pateream
1515 752 1663 838 (vertunt
1697 752 1831 837 quidum
1874 753 1931 819 alii
1972 753 2111 838 durum,
2154 755 2209 820 alii
2318 776 2320 780 ’

200 842 294 906 iuxta
322 839 443 920 rivum,
472 859 554 921 qaae
581 859 644 908 aaa
671 837 785 905 abac
814 858 911 919 quam
938 839 1037 903 uenia
1063 841 1178 903 aestas
1230 847 1418 922 aegrotum:
1451 857 1623 920 possumus
1636 879 1639 885 ,
1653 851 1781 906 vertere
1810 841 1977 918 vitiosum,
2007 841 2058 907 rel
2089 841 2208 907 morbi·

200 927 267 992 Hie
296 926 458 1010 propheta
481 925 654 992 diserimen
678 933 772 989 notat
793 925 880 990 inter
901 944 998 990 veros
1022 923 1086 988 Dei
1107 922 1177 990 oul·
1231 922 1333 1009 dum),
1356 924 1429 1006 quis
1450 930 1602 1008 requescet
1622 925 1728 992 illud?

202 1024 299 1092 tores,
321 1013 376 1095 qui
400 1011 436 1077 in
458 1013 528 1096 ipso
550 1009 731 1091 eonfidunt,
752 1019 786 1074 et
807 1010 894 1075 inter
916 1031 971 1076 eos
995 1011 1051 1092 qui
1070 1009 1178 1074 inflati
1317 1009 1367 1074 10.
1390 1009 1459 1093 qu
1481 1010 1619 1076 Iebovab
1646 1013 1813 1095 exquirens
1842 1012 1909 1099 (vel
1937 1014 2126 1103 explorans)
2148 1036 2208 1101 aar,

201 1109 280 1166 sunt
301 1098 370 1164 suis
393 1097 557 1181 perversis
578 1096 877 1180 imaginationibus,
900 1096 946 1160 ita
966 1105 1003 1161 ut
1026 1095 1079 1162 vel
1102 1117 1121 1160 a
1143 1115 1178 1160 se
1230 1097 1419 1161 examinans
1450 1117 1540 1164 renes
1570 1098 1614 1163 ad
1641 1099 1783 1165 anaim
1805 1100 1852 1184 (id
1882 1109 1948 1177 est,
1980 1110 2019 1166 ut
2048 1101 2138 1182 darn,
2173 1117 2210 1168 nt

201 1186 292 1268 ipsis,
324 1185 376 1249 vel
407 1184 448 1250 ab
476 1185 549 1250 aliis
577 1181 716 1248 salntem
743 1189 911 1264 quaerant.
957 1181 1042 1248 Nam
1066 1181 1105 1246 de
1128 1183 1178 1246 in·
1229 1179 1378 1266 reddam)
1396 1183 1507 1264 auique
1522 1184 1689 1252 sauream
1704 1185 1775 1250 vias
1790 1187 1867 1266 aias,
1885 1187 2055 1253 amandum
2069 1188 2209 1269 stratum

201 1270 342 1337 eredulis
365 1269 460 1351 dixit,
482 1290 554 1336 esse
576 1268 699 1335 miles
721 1268 860 1349 myriois,
883 1288 967 1350 quae
989 1269 1030 1333 ad
1051 1279 1179 1350 tempus
1229 1287 1357 1354 operum
1377 1269 1454 1334 aitis.

201 1357 326 1434 virent,
367 1355 425 1422 sed
458 1375 625 1439 nunquam
662 1354 833 1437 proferunt
864 1355 1021 1434 lruetum,
1061 1354 1178 1420 deiude

202 1463 284 1526 quas
307 1449 418 1508 aestus
440 1443 535 1510 faoile
557 1442 728 1508 eonsumit.
762 1439 859 1521 Quod
883 1453 992 1506 autem
1007 1439 1049 1505 ad
1064 1438 1177 1506 fideles
1316 1439 1445 1506 Pendet
1468 1439 1549 1506 baeo
1571 1440 1720 1507 doetrina
1741 1462 1784 1506 ex
1806 1444 1975 1526 superiori,
1998 1455 2031 1510 et
2052 1445 2124 1513 ideo
2140 1470 2208 1514 uuo

202 1538 336 1613 spectat,
365 1529 446 1595 dioit
475 1548 541 1594 esse
568 1527 688 1594 similes
715 1525 881 1592 arteriae
902 1527 1062 1608 plantatis
1077 1547 1179 1608 prope
1231 1533 1389 1592 oontextu
1411 1527 1492 1593 liaeo
1515 1527 1612 1592 simul
1633 1526 1772 1611 legenda
1794 1539 1880 1594 suut.
1923 1531 2023 1596 Multi
2045 1535 2209 1617 arripiunt

201 1635 319 1699 waes,
346 1619 374 1680 et
401 1635 481 1697 quae
509 1614 663 1692 radicata,
693 1612 814 1696 inquit,
847 1614 982 1678 mittunt.
1036 1613 1179 1696 Myrioae
1232 1611 1292 1678 bas
1323 1614 1513 1693 sententias,
1543 1621 1575 1678 et
1606 1613 1770 1694 mutilant,
1801 1615 1925 1682 interea
1954 1639 2019 1683 non
2050 1621 2208 1686 secedunt

201 1701 324 1767 habent
356 1701 498 1784 speeiem
538 1699 698 1782 aliquam,
738 1697 797 1764 sed
828 1699 956 1764 interea
988 1698 1098 1765 nullus
1129 1709 1180 1763 est
1232 1697 1273 1763 ad
1312 1699 1493 1783 prophetae
1530 1700 1718 1765 eonsilium:
1762 1699 1823 1766 hoo
1862 1715 2109 1787 praeposterum
2148 1718 2207 1770 eet.

200 1808 334 1871 sunaus,
367 1786 478 1853 nullus
510 1786 629 1853 humor
664 1786 700 1850 in
736 1785 817 1850 loeis
849 1784 965 1851 aridis:
1002 1786 1051 1850 ita
1083 1784 1178 1850 radix
1231 1785 1316 1849 Nam
1347 1787 1453 1869 primo
1481 1785 1551 1850 looo
1579 1785 1756 1851 videndum
1786 1787 1865 1868 quid
1888 1792 2110 1872 speetaverint
2130 1813 2207 1876 pro·

201 1894 315 1940 earum
343 1873 437 1940 faaile
458 1873 587 1939 aresoit.
634 1871 806 1951 Quantum
829 1882 938 1937 autem
961 1870 1002 1936 ad
1024 1869 1088 1936 Dei
1111 1871 1179 1937 eul·
1230 1870 1363 1954 phetae,
1396 1880 1429 1937 et
1462 1892 1527 1956 qua
1560 1871 1613 1937 rel
1644 1873 1838 1938 necessitate
1864 1875 1915 1940 vel
1946 1896 2045 1942 eausa
2074 1879 2207 1961 impulsi

202 1967 291 2026 tores
313 1969 448 2043 apertat,
475 1959 615 2042 plumati
636 1963 719 2042 aaut,
748 1958 865 2040 inquit,
892 1958 928 2023 iu
950 1956 1014 2024 loeo
1042 1955 1178 2036 bremide,
1231 1958 1299 2022 sint
1337 1957 1378 2022 ad
1418 1957 1631 2042 loquendum,
1670 1958 1775 2043 qualis
1812 1960 1913 2025 luerit
1948 1961 2012 2027 illis
2045 1965 2206 2031 eonditio:

201 2045 255 2112 oui
276 2047 463 2132 suggeritur
485 2065 601 2112 suetus
624 2064 642 2108 u
665 2045 819 2111 eontinuo
840 2041 935 2109 fluxu
953 2064 1065 2127 aquae.
1099 2043 1179 2109 Ideo
1230 2053 1343 2127 postea
1371 2044 1533 2129 generalis
1562 2043 1708 2110 doetrina
1736 2044 1813 2110 inde
1843 2045 1952 2130 oolligi
1981 2058 2094 2131 potest.
2140 2049 2208 2117 Sed

201 2131 352 2216 adiungit
378 2132 552 2215 propheta,
584 2131 657 2196 Nea
685 2129 817 2214 timebit,
852 2130 971 2212 inquit,
1001 2129 1093 2196 arbor
1121 2129 1180 2195 illa
1230 2131 1258 2194 si
1288 2130 1437 2197 volumus
1471 2149 1545 2196 oum
1574 2131 1682 2197 fructu
1712 2130 1822 2216 legere
1852 2133 2042 2216 prophetas,
2076 2157 2208 2203 neeesse

200 2222 321 2283 oesiam
349 2239 445 2300 quum
474 2219 584 2284 aare.
636 2216 777 2300 Oblique
810 2215 974 2300 signifieat
1000 2215 1085 2281 filios
1113 2215 1177 2280 Dei
1230 2225 1281 2280 est
1313 2216 1456 2300 primum
1489 2216 1673 2300 expendere
1702 2237 1761 2283 our
1791 2218 2045 2303 unumquodque
2073 2221 2207 2304 dieatur,

201 2325 268 2369 non
314 2325 385 2370 esso
428 2323 564 2387 prorsus
603 2313 755 2387 expertos
794 2323 906 2367 rerum
947 2302 1178 2368 aduersarum:
1231 2302 1348 2368 deinde
1370 2303 1488 2368 elicere
1510 2303 1698 2388 generalem
1719 2304 1908 2370 doetrinam.
1945 2305 2001 2374 Sia
2023 2318 2207 2391 opportune

200 2389 348 2456 sentiunt
370 2389 459 2456 enim
477 2388 628 2455 ardorem
646 2388 733 2468 solis,
757 2388 1030 2472 quemadmodum
1047 2389 1179 2454 arbores
1229 2389 1409 2473 poterimus
1432 2389 1676 2455 aooommodare
1700 2391 1787 2456 huna
1809 2391 1913 2457 looum
1938 2392 1979 2458 ad
2002 2415 2097 2459 usum
2120 2416 2206 2460 eom·

202 2497 269 2542 non
303 2481 438 2561 possunt
472 2475 616 2559 effugere
649 2475 735 2542 bano
768 2475 1011 2541 nenessitatem:
1045 2472 1102 2539 sed
1136 2493 1179 2537 ex
1230 2495 1373 2553 munem,
1402 2475 1497 2541 modo
1527 2477 1741 2559 praesenserit
1771 2476 1829 2542 illa
1858 2479 2057 2558 observatio,
2090 2501 2207 2565 nempe

201 2561 327 2629 oooulto
348 2563 418 2629 looo
440 2562 631 2647 suggeritur
652 2561 770 2627 bumor
791 2569 825 2626 et
839 2581 965 2638 sunaus,
987 2560 1044 2644 qui
1059 2559 1178 2626 diffnn·
1229 2582 1288 2627 aur
1320 2560 1480 2645 propheta
1513 2562 1633 2628 dixerit
1665 2581 1717 2628 cor
1748 2562 1884 2630 beminis
1910 2584 1975 2630 ease
2002 2566 2205 2633 insidiosum.

202 2647 292 2713 ditur
318 2650 354 2714 in
384 2668 506 2725 ramos,
539 2647 811 2732 quemadmodum
840 2646 990 2731 adiungit
1019 2646 1180 2730 propbeta
1231 2645 1304 2712 Non
1324 2646 1461 2712 dubium
1479 2657 1530 2713 est
1547 2651 1624 2731 quin
1644 2649 1786 2714 voluerit
1804 2651 1909 2734 magis
1924 2671 2041 2734 urgere
2055 2651 2206 2732 Iudaeos,

202 2754 253 2800 eos
270 2735 340 2817 sore
360 2735 489 2816 uirida,
517 2755 634 2816 nempe
656 2734 697 2798 ab
719 2731 778 2798 illo
800 2732 947 2812 humore,
970 2753 1068 2816 quem
1091 2742 1179 2800 terra
1230 2734 1308 2816 quia
1341 2732 1473 2799 videbat
1504 2745 1630 2800 tantum
1665 2756 1735 2802 esse
1773 2736 1808 2800 in
1841 2736 1907 2804 illis
1941 2739 2140 2820 pervieaolae
2173 2751 2207 2806 et

202 2819 403 2905 suppeditet,
436 2839 521 2904 quau
555 2821 650 2903 aquis
682 2819 836 2885 abluitur.
892 2818 983 2903 Ergo
1014 2819 1179 2903 signifieat
1230 2817 1474 2899 obstinationis,
1508 2830 1544 2885 ut
1572 2821 1712 2903 simplex
1742 2820 1891 2887 doetrina
1920 2844 1986 2887 non
2017 2835 2207 2906 penetraret

201 2906 371 2990 propheta,
394 2906 545 2990 quamvis
562 2905 623 2970 filii
639 2905 703 2971 Dei
721 2905 865 2971 sentiant
883 2925 1019 2990 magnos
1035 2904 1178 2986 ardores,
1230 2904 1272 2970 ad
1294 2925 1407 2970 eorum
1430 2907 1564 2971 animos.
1599 2905 1691 2972 Haeo
1713 2907 1846 2990 quidem
1869 2909 2030 2974 sententia
2050 2908 2206 2976 debuerat

201 2989 476 3075 quemadmodum
516 3001 551 3058 et
589 2989 765 3071 inereduli,
806 2992 884 3074 quia
914 2991 1095 3056 eommunis
1129 2999 1178 3056 est
1229 2990 1303 3056 illos
1335 2991 1414 3056 satis
1445 3011 1593 3071 movere,
1627 3011 1730 3073 quum
1759 2992 1887 3059 dioebat
1915 2995 2104 3061 maledictos
2135 3017 2206 3062 esse

201 3079 350 3162 utrisque
378 3077 530 3157 uenditio,
561 3087 669 3144 tamen
701 3079 769 3142 lora
797 3097 928 3158 semper
955 3076 1072 3154 salros,
1102 3078 1178 3160 quia
1230 3077 1399 3160 quispam
1421 3077 1455 3142 in
1479 3074 1666 3143 hominibus
1695 3089 1831 3161 ponunt,
1862 3079 1987 3146 nullam
2010 3102 2082 3147 esse
2105 3081 2205 3147 beati·

200 3165 331 3229 etiamsi
353 3165 402 3230 sol
421 3164 538 3229 ardore
553 3185 613 3230 suo
629 3163 852 3230 summitatem
868 3171 1001 3241 torreat,
1026 3173 1177 3246 paratum
1230 3161 1376 3228 tudinem
1417 3164 1627 3247 sperandam,
1667 3163 1731 3230 nisi
1763 3165 1800 3229 in
1833 3164 1942 3232 Deum
1975 3167 2205 3236 reeumbimus.

200 3250 264 3316 erit
293 3251 487 3315 remedium:
518 3251 671 3333 qnoniam
697 3247 793 3314 radix
818 3248 928 3313 trahet
950 3248 1121 3314 humorem
1144 3255 1178 3314 et
1229 3247 1297 3316 Sed
1328 3270 1427 3334 quum
1460 3249 1587 3315 rideret
1619 3273 1685 3315 non
1716 3253 1795 3317 satis
1822 3273 1893 3318 esse
1919 3253 2148 3321 vehementiae
2170 3256 2205 3320 in

200 3354 337 3401 suenum
370 3333 411 3400 ab
432 3355 536 3418 aquae
558 3335 761 3420 irrigatione.
805 3333 915 3400 Radix
937 3334 1026 3399 enirn
1048 3355 1178 3418 semper
1228 3335 1287 3401 illa
1308 3334 1460 3419 loquendi
1487 3335 1600 3415 forma,
1630 3336 1791 3415 adiunxit,
1818 3337 1922 3405 Video
1945 3340 2024 3423 quid
2047 3342 2099 3421 sit,
2125 3361 2205 3423 pra·

200 3421 353 3487 abluitur.
386 3420 484 3486 Nune
506 3441 585 3506 ergo
606 3421 756 3486 videmus
778 3440 875 3504 quam
898 3420 982 3486 bene
1002 3422 1178 3487 eonveniat
1228 3441 1301 3488 uam
1323 3427 1367 3488 est
1387 3442 1441 3490 aar
1461 3427 1488 3488 et
1508 3423 1672 3490 uitiosum:
1695 3425 1741 3490 ita
1762 3425 1886 3510 putatis
1909 3426 1945 3491 in
1963 3427 2056 3493 vobis
2075 3437 2203 3492 tantum

199 3508 289 3573 omni
312 3529 352 3573 ex
376 3518 469 3591 parta
490 3505 687 3574 similitudo:
710 3506 784 3572 ideo
807 3506 886 3572 dioit
905 3527 968 3572 aaa
980 3507 1048 3590 sore
1062 3508 1176 3575 sellici-
1228 3529 1300 3575 esse
1328 3509 1478 3590 astutiae,
1507 3517 1543 3574 nt
1571 3509 1707 3593 impune
1729 3509 1865 3576 rideatis
1886 3510 2005 3592 Deum,
2036 3521 2069 3578 et
2090 3532 2204 3577 omnes

199 3599 273 3660 tam.
314 3592 400 3660 Nem
422 3607 482 3662 tm
502 3593 667 3678 signifieat
689 3593 814 3670 timere,
837 3602 870 3658 et
892 3613 962 3659 esse
984 3593 1175 3661 sollieitum:
1228 3597 1299 3662 aius
1321 3595 1505 3662 ministros:
1536 3594 1613 3680 qu,
1636 3617 1699 3680 eqo,
1726 3596 1833 3679 inquit
1855 3596 2014 3678 Iahovah,
2043 3599 2205 3679 inquiram

200 3679 365 3764 signifieat
386 3682 486 3746 etiam
508 3679 675 3746 interdum
699 3679 822 3745 dolere:
851 3679 923 3745 ideo
945 3679 1078 3764 quidam
1102 3703 1175 3748 ver·
1227 3681 1476 3748 etaeamiuabo:
1502 3701 1612 3747 meum
1633 3694 1683 3748 est
1704 3682 1872 3766 inquirere
1892 3685 1927 3748 in
1950 3683 2057 3749 eorda.
2102 3682 2204 3750 Vide·

155 3786 163 3801 ¹
199 3776 285 3843 tunt,
307 3765 383 3831 Non
406 3763 536 3845 dolebit,
559 3764 593 3831 id
616 3776 675 3845 est,
699 3767 792 3849 peius
813 3764 956 3832 babebit.
990 3763 1057 3832 Sed
1072 3766 1175 3833 altera
1228 3789 1300 3832 mus
1332 3787 1410 3852 ergo
1441 3766 1494 3833 bio
1523 3768 1656 3834 taeitam
1678 3789 1750 3835 esse
1772 3767 2069 3852 exprobrationem,
2102 3789 2203 3852 quum

199 3851 226 3917 si
252 3851 394 3918 nifieatio
416 3852 548 3918 videtur
568 3852 651 3917 mihi
674 3852 791 3917 melius
813 3850 923 3951 liuere,
945 3850 1032 3934 quod
1051 3853 1175 3920 sailioat
1228 3854 1308 3921 dioit
1329 3854 1517 3955 insidiosum
1538 3873 1604 3954 esse
1620 3873 1672 3920 eor
1687 3855 1851 3922 vitiosum:
1874 3854 2116 3954 quasildieeret,
2137 3855 2203 3922 Hie

198 3957 404 4089 tat&
425 3939 1175 4122 tlbtrttttttttt'lbtt
1227 3938 1797 4110 :trtzrtzeffllltltltlltl
1826 3960 2203 4111 {setestatus

194 4109 381 4193 proferam
409 4110 524 4193 fruatur.
579 4108 704 4175 Eadem
739 4110 806 4175 lere
839 4108 1019 4174 similitudo
1051 4109 1174 4195 legitur
1226 4112 1348 4178 Isaiam
1378 4109 1443 4196 (31,
1468 4111 1510 4199 1),
1540 4111 1626 4193 Vae,
1655 4113 1774 4196 inquit,
1805 4111 1883 4198 illis,
1912 4114 1970 4196 qui
2000 4112 2204 4179 descendunt

197 4195 330 4261 Psalmo
354 4197 383 4261 1.
433 4195 507 4262 Nisi
540 4195 625 4278 quod
655 4196 721 4263 illia
750 4196 848 4262 timor
876 4193 941 4259 Dei
969 4202 1002 4260 et
1028 4197 1172 4263 studium
1225 4198 1260 4265 iu
1284 4201 1487 4284 Aegyptum,
1520 4207 1554 4264 et
1586 4199 1648 4266 sibi
1681 4199 1805 4266 laniunt
1833 4199 1966 4264 loedere
1988 4198 2201 4277 elandestino,

196 4280 279 4366 legis
302 4281 435 4365 ponitur
456 4301 516 4364 pro
538 4281 671 4348 fidutia:
703 4282 825 4348 Beatus
848 4282 908 4358 vir,
936 4291 998 4348 eta.
1021 4282 1077 4365 qui
1104 4304 1173 4349 me·
1226 4285 1342 4369 etqui
1371 4285 1566 4369 sperantio
1596 4286 1698 4368 equis,
1727 4285 1819 4368 quasi
1842 4293 1976 4368 possent
1997 4307 2050 4350 me
2071 4285 2202 4351 lallare:

198 4367 325 4434 ditatur
346 4367 381 4432 in
405 4367 476 4452 lege
500 4367 573 4433 Dei.
612 4368 678 4433 Hie
699 4379 810 4435 autem
833 4366 1019 4450 spetialiter
1042 4368 1172 4436 disserit
1226 4392 1285 4439 vos
1316 4369 1394 4437 estis
1421 4372 1600 4455 sapientes,
1634 4392 1694 4456 ego
1725 4372 1824 4436 etiam
1854 4371 1958 4436 habeo
1991 4379 2118 4454 partem
2152 4391 2201 4437 sa·

196 4453 352 4520 Ieremias
375 4453 414 4519 de
436 4454 564 4532 fiduoia,
595 4455 732 4536 quaein
754 4454 823 4520 solo
844 4453 917 4520 Deo
940 4454 1040 4520 looari
1063 4454 1172 4523 debet:
1226 4458 1376 4541 pientiae.
1421 4457 1467 4522 Bt
1496 4453 1640 4522 notanda
1669 4465 1720 4523 eet
1749 4457 1910 4541 partioula
1938 4457 2046 4535 etiarn,
2079 4457 2200 4539 idest,

197 4539 255 4606 sed
288 4553 399 4606 tamen
433 4541 555 4624 optime
587 4542 796 4608 eonsentiunt
824 4541 911 4606 inter
940 4561 975 4607 se
1006 4540 1071 4608 duo
1100 4562 1173 4625 pro·
1227 4565 1284 4610 vos
1313 4566 1377 4609 non
1401 4543 1461 4610 soli
1484 4543 1611 4628 sapitis,
1640 4543 1817 4627 relinquite
1840 4544 1921 4608 mibi
1944 4544 2069 4628 aliquas
2090 4556 2201 4628 partes

196 4624 334 4708 phetae,
362 4626 448 4710 quod
475 4625 668 4692 maledietae
694 4626 761 4692 sint
791 4648 865 4710 spes
895 4646 1025 4703 omnes,
1055 4628 1173 4711 qulbus
1225 4629 1389 4714 sepiendi,
1424 4641 1459 4694 ut
1490 4651 1551 4714 ego
1585 4629 1753 4697 robisoum
1786 4630 1938 4696 similiter
1962 4631 2098 4712 sapiam.
2149 4630 2202 4695 Ita

196 4731 269 4778 sese
291 4710 440 4778 homines
460 4711 635 4793 inebriant,
657 4711 734 4777 dum
757 4713 895 4779 salutem
918 4711 972 4778 vel
990 4714 1024 4777 in
1043 4715 1172 4797 seipsis
1225 4717 1325 4781 etiem
1355 4715 1416 4782 hoe
1443 4714 1528 4781 looo:
1564 4714 1633 4781 Vos
1663 4718 1742 4782 estis
1768 4715 1899 4782 lallaoes
1922 4726 1956 4781 et
1977 4715 2138 4792 insidiosi,
2168 4724 2202 4778 et

196 4806 369 4882 quaerant,
397 4798 449 4865 vel
471 4799 508 4864 in
530 4798 662 4879 mundo,
693 4809 727 4863 et
748 4819 808 4864 sua
829 4797 977 4879 oonsilio,
1007 4819 1083 4865 suas
1106 4801 1171 4866 uir·
1225 4801 1347 4885 putatis
1376 4823 1429 4866 me
1458 4821 1553 4885 posse
1575 4800 1692 4885 deeipi:
1723 4801 1997 4886 quemadmodum
2020 4801 2118 4866 astuti
2143 4800 2201 4866 bo·

196 4891 295 4961 tutes,
318 4903 411 4949 suam
433 4886 624 4969 potentiam,
646 4883 699 4952 vel
723 4884 855 4964 auxilia,
877 4903 959 4967 quae
978 4885 1040 4951 sibi
1055 4896 1174 4970 putant
1226 4888 1333 4954 mines
1357 4905 1488 4970 semper
1515 4887 1578 4953 sibi
1607 4887 1738 4970 plaoent
1759 4891 1795 4952 in
1817 4889 1885 4954 suis
1907 4887 2060 4964 tonsillis,
2089 4896 2121 4951 et
2145 4907 2201 4953 vo·

196 4981 313 5052 parata
340 4968 420 5048 fore,
449 4971 555 5055 pluris
582 4971 716 5049 faaiunt,
745 4991 844 5053 quam
866 4969 975 5035 Deum
1006 4972 1116 5056 ipsum
1140 4982 1174 5039 et
1225 4974 1300 5040 lunt
1322 4973 1393 5040 Deo
1422 4970 1559 5040 obiioere
1581 4994 1691 5040 meros
1713 4973 1837 5041 fumos:
1867 4973 1946 5051 Vos,
1975 4973 2093 5055 inquit,
2122 4974 2201 5039 estis

196 5055 270 5121 eius
301 5056 542 5139 promissiones.
591 5057 679 5123 Nam
712 5057 769 5139 qui
803 5056 887 5122 serio
914 5053 1094 5124 meditatur
1121 5058 1174 5124 die
1225 5059 1321 5127 valde
1354 5059 1472 5138 astuti,
1504 5059 1559 5126 sed
1590 5081 1642 5144 eqo
1671 5059 1808 5127 Ieboaab
1839 5057 2023 5126 maseato
2050 5064 2079 5124 et
2106 5060 2203 5126 eorda

196 5150 231 5206 et
252 5151 347 5208 noete
374 5141 410 5206 in
432 5141 505 5228 lege
528 5142 602 5223 Del,
630 5141 688 5209 ille
709 5141 787 5210 hino
808 5142 907 5208 etiam
929 5145 1096 5226 eognoeoit
1117 5145 1173 5211 ubl
1225 5150 1337 5229 uestra,
1360 5149 1505 5214 etretas.
1540 5146 1615 5213 Non
1634 5167 1763 5230 possem
1781 5145 1877 5213 hodie
1895 5147 2005 5211 omnia
2022 5145 2199 5212 absolvere.

196 5225 334 5294 looanda
359 5227 404 5294 sit
425 5229 540 5295 salutis
563 5230 683 5298 fiduoia
703 5238 773 5296 tam
795 5237 949 5295 aeternae
971 5250 1068 5312 quam
1091 5239 1173 5296 tem·

196 5313 326 5396 poralis.
372 5309 542 5396 Sequitur,
1312 5315 1489 5402 coepimus
1519 5318 1591 5384 heri
1613 5339 1776 5401 exponere
1798 5317 1907 5383 looum
1929 5316 2117 5401 prophetae,
2145 5321 2201 5386 ubi

1227 5402 1305 5468 dioit
1326 5422 1377 5470 aar
1397 5423 1463 5470 ease
1484 5404 1681 5483 insidiosam,
1711 5402 1764 5470 vel
1785 5403 1887 5469 fallax
1910 5417 1943 5469 et
1965 5403 2129 5483 vitiosum,
2152 5407 2200 5472 ita
