<?xml version="1.0" encoding="UTF-8"?>
<!DOCTYPE html PUBLIC "-//W3C//DTD XHTML 1.0 Transitional//EN"
    "http://www.w3.org/TR/xhtml1/DTD/xhtml1-transitional.dtd">
<html xmlns="http://www.w3.org/1999/xhtml" xml:lang="en" lang="en">
 <head>
  <title>
</title>
<meta http-equiv="Content-Type" content="text/html;charset=utf-8" />
  <meta name='ocr-system' content='tesseract 3.04.00' />
  <meta name='ocr-capabilities' content='ocr_page ocr_carea ocr_par ocr_line ocrx_word'/>
</head>
<body>
  <div class='ocr_page' id='page_1' title='image "./corpusreformato14melagoog_0350.png"; bbox 0 0 5118 6136; ppageno 0'>
   <div class='ocr_carea' id='block_1_1' title="bbox 200 477 2209 550">
    <p class='ocr_par' dir='ltr' id='par_1_1' title="bbox 200 477 2209 550">
     <span class='ocr_line' id='line_1_1' title="bbox 200 477 2209 550; baseline 0 -2"><span class='ocrx_word' id='word_1_1' title='bbox 200 483 265 548; x_wconf 84' lang='grc'><strong>669</strong></span> <span class='ocrx_word' id='word_1_2' title='bbox 895 479 945 546; x_wconf 88' lang='lat' dir='ltr'><strong>IN</strong></span> <span class='ocrx_word' id='word_1_3' title='bbox 966 478 1217 548; x_wconf 80' lang='lat' dir='ltr'><strong>IEREMIAM.</strong></span> <span class='ocrx_word' id='word_1_4' title='bbox 1263 478 1361 546; x_wconf 85' lang='grc' dir='ltr'>ΟΔΡ.</span> <span class='ocrx_word' id='word_1_5' title='bbox 1385 477 1518 545; x_wconf 86' lang='lat' dir='ltr'>XXXI.</span> <span class='ocrx_word' id='word_1_6' title='bbox 2143 483 2209 550; x_wconf 80' lang='lat'><strong>670</strong></span> 
     </span>
    </p>
   </div>
   <div class='ocr_carea' id='block_1_2' title="bbox 200 666 2208 2208">
    <p class='ocr_par' dir='ltr' id='par_1_2' title="bbox 201 666 2208 925">
     <span class='ocr_line' id='line_1_2' title="bbox 201 666 2207 756; baseline 0 -18"><span class='ocrx_word' id='word_1_7' title='bbox 201 677 339 738; x_wconf 70' lang='lat' dir='ltr'><strong>eunome</strong></span> <span class='ocrx_word' id='word_1_8' title='bbox 371 690 437 753; x_wconf 85' lang='lat' dir='ltr'><strong>me,</strong></span> <span class='ocrx_word' id='word_1_9' title='bbox 473 675 701 753; x_wconf 69' lang='lat' dir='ltr'><strong>et‘ooaerrtar,</strong></span> <span class='ocrx_word' id='word_1_10' title='bbox 738 670 815 751; x_wconf 85' lang='lat' dir='ltr'><strong>quio</strong></span> <span class='ocrx_word' id='word_1_11' title='bbox 851 673 886 732; x_wconf 80' lang='lat' dir='ltr'><strong>ta</strong></span> <span class='ocrx_word' id='word_1_12' title='bbox 918 667 1056 733; x_wconf 76' lang='lat' dir='ltr'><strong>loborat</strong></span> <span class='ocrx_word' id='word_1_13' title='bbox 1091 666 1181 734; x_wconf 83' lang='lat' dir='ltr'><strong>Deae</strong></span> <span class='ocrx_word' id='word_1_14' title='bbox 1204 671 1208 724; x_wconf 87' lang='grc' dir='ltr'>Ι</span> <span class='ocrx_word' id='word_1_15' title='bbox 1231 667 1356 751; x_wconf 87' lang='lat' dir='ltr'><strong>plaeide</strong></span> <span class='ocrx_word' id='word_1_16' title='bbox 1386 676 1568 749; x_wconf 89' lang='lat' dir='ltr'><strong>sequentur</strong></span> <span class='ocrx_word' id='word_1_17' title='bbox 1598 667 1717 733; x_wconf 81' lang='lat' dir='ltr'><strong>fratrea</strong></span> <span class='ocrx_word' id='word_1_18' title='bbox 1747 687 1832 746; x_wconf 90' lang='lat' dir='ltr'><strong>suos,</strong></span> <span class='ocrx_word' id='word_1_19' title='bbox 1862 689 1968 752; x_wconf 88' lang='lat' dir='ltr'><strong>neque</strong></span> <span class='ocrx_word' id='word_1_20' title='bbox 1996 681 2063 737; x_wconf 91' lang='lat' dir='ltr'><strong>tam</strong></span> <span class='ocrx_word' id='word_1_21' title='bbox 2086 673 2207 756; x_wconf 90' lang='lat' dir='ltr'><strong>iniquis</strong></span> 
     </span>
     <span class='ocr_line' id='line_1_3' title="bbox 201 752 2208 840; baseline 0.008 -31"><span class='ocrx_word' id='word_1_22' title='bbox 201 775 298 822; x_wconf 64' lang='lat' dir='ltr'><strong>mm,</strong></span> <span class='ocrx_word' id='word_1_23' title='bbox 1232 753 1352 819; x_wconf 87' lang='lat' dir='ltr'><strong>animis</strong></span> <span class='ocrx_word' id='word_1_24' title='bbox 1381 753 1490 817; x_wconf 84' lang='lat' dir='ltr'><strong>lerant</strong></span> <span class='ocrx_word' id='word_1_25' title='bbox 1512 752 1678 831; x_wconf 78' lang='lat' dir='ltr'><strong>exsilium,</strong></span> <span class='ocrx_word' id='word_1_26' title='bbox 1707 755 1785 836; x_wconf 89' lang='lat' dir='ltr'><strong>quia</strong></span> <span class='ocrx_word' id='word_1_27' title='bbox 1807 753 1931 820; x_wconf 80' lang='lat' dir='ltr'><strong>seilicet</strong></span> <span class='ocrx_word' id='word_1_28' title='bbox 1952 756 2017 821; x_wconf 88' lang='lat' dir='ltr'><strong>iarn</strong></span> <span class='ocrx_word' id='word_1_29' title='bbox 2041 759 2208 840; x_wconf 79' lang='lat' dir='ltr'><strong>profuerat</strong></span> 
     </span>
     <span class='ocr_line' id='line_1_4' title="bbox 1231 837 2206 925; baseline 0.008 -23"><span class='ocrx_word' id='word_1_30' title='bbox 1231 839 1376 920; x_wconf 90' lang='lat' dir='ltr'><strong>ipsorum</strong></span> <span class='ocrx_word' id='word_1_31' title='bbox 1406 837 1573 905; x_wconf 82' lang='lat' dir='ltr'><strong>fratribus.</strong></span> <span class='ocrx_word' id='word_1_32' title='bbox 1624 837 1737 918; x_wconf 75' lang='lat' dir='ltr'><strong>Quum</strong></span> <span class='ocrx_word' id='word_1_33' title='bbox 1767 857 1845 924; x_wconf 89' lang='lat' dir='ltr'><strong>ergo</strong></span> <span class='ocrx_word' id='word_1_34' title='bbox 1874 840 1907 904; x_wconf 96' lang='lat' dir='ltr'><strong>in</strong></span> <span class='ocrx_word' id='word_1_35' title='bbox 1937 841 2072 925; x_wconf 90' lang='lat' dir='ltr'><strong>reliquis</strong></span> <span class='ocrx_word' id='word_1_36' title='bbox 2097 842 2206 910; x_wconf 90' lang='lat' dir='ltr'><strong>Israe-</strong></span> 
     </span>
    </p>

    <p class='ocr_par' dir='ltr' id='par_1_3' title="bbox 200 922 2207 2208">
     <span class='ocr_line' id='line_1_5' title="bbox 287 922 2207 1008; baseline 0.002 -16"><span class='ocrx_word' id='word_1_37' title='bbox 287 927 354 994; x_wconf 89' lang='lat' dir='ltr'><strong>Hio</strong></span> <span class='ocrx_word' id='word_1_38' title='bbox 382 925 496 1008; x_wconf 91' lang='lat' dir='ltr'><strong>inoipit</strong></span> <span class='ocrx_word' id='word_1_39' title='bbox 524 925 645 992; x_wconf 89' lang='lat' dir='ltr'><strong>olarios</strong></span> <span class='ocrx_word' id='word_1_40' title='bbox 670 922 829 989; x_wconf 83' lang='lat' dir='ltr'><strong>disserere</strong></span> <span class='ocrx_word' id='word_1_41' title='bbox 848 924 1010 1008; x_wconf 90' lang='lat' dir='ltr'><strong>prophete</strong></span> <span class='ocrx_word' id='word_1_42' title='bbox 1031 923 1071 988; x_wconf 92' lang='lat' dir='ltr'><strong>de</strong></span> <span class='ocrx_word' id='word_1_43' title='bbox 1093 923 1179 989; x_wconf 87' lang='lat' dir='ltr'><strong>ielioi</strong></span> <span class='ocrx_word' id='word_1_44' title='bbox 1231 923 1299 989; x_wconf 81' lang='lat' dir='ltr'><strong>litia</strong></span> <span class='ocrx_word' id='word_1_45' title='bbox 1329 931 1503 990; x_wconf 90' lang='lat' dir='ltr'><strong>oernerent</strong></span> <span class='ocrx_word' id='word_1_46' title='bbox 1531 944 1669 1006; x_wconf 92' lang='lat' dir='ltr'><strong>poenam</strong></span> <span class='ocrx_word' id='word_1_47' title='bbox 1699 924 1800 990; x_wconf 85' lang='lat' dir='ltr'><strong>luisse</strong></span> <span class='ocrx_word' id='word_1_48' title='bbox 1824 925 1948 1002; x_wconf 90' lang='lat' dir='ltr'><strong>utilem,</strong></span> <span class='ocrx_word' id='word_1_49' title='bbox 1979 937 2012 994; x_wconf 90' lang='lat' dir='ltr'><strong>et</strong></span> <span class='ocrx_word' id='word_1_50' title='bbox 2056 929 2207 996; x_wconf 88' lang='lat' dir='ltr'><strong>retulisse</strong></span> 
     </span>
     <span class='ocr_line' id='line_1_6' title="bbox 201 1008 2207 1094; baseline 0.001 -17"><span class='ocrx_word' id='word_1_51' title='bbox 201 1012 260 1077; x_wconf 93' lang='lat' dir='ltr'><strong>illo</strong></span> <span class='ocrx_word' id='word_1_52' title='bbox 293 1014 401 1078; x_wconf 89' lang='lat' dir='ltr'><strong>exitu:</strong></span> <span class='ocrx_word' id='word_1_53' title='bbox 437 1024 471 1078; x_wconf 85' lang='lat' dir='ltr'><strong>et</strong></span> <span class='ocrx_word' id='word_1_54' title='bbox 505 1009 652 1077; x_wconf 77' lang='lat' dir='ltr'><strong>ostendit</strong></span> <span class='ocrx_word' id='word_1_55' title='bbox 683 1029 805 1094; x_wconf 89' lang='lat' dir='ltr'><strong>poenas</strong></span> <span class='ocrx_word' id='word_1_56' title='bbox 838 1009 955 1092; x_wconf 88' lang='lat' dir='ltr'><strong>quibua</strong></span> <span class='ocrx_word' id='word_1_57' title='bbox 988 1010 1054 1075; x_wconf 90' lang='lat' dir='ltr'><strong>iam</strong></span> <span class='ocrx_word' id='word_1_58' title='bbox 1088 1009 1179 1075; x_wconf 90' lang='lat' dir='ltr'><strong>Deus</strong></span> <span class='ocrx_word' id='word_1_59' title='bbox 1230 1008 1403 1091; x_wconf 85' lang='lat' dir='ltr'><strong>optabilem</strong></span> <span class='ocrx_word' id='word_1_60' title='bbox 1434 1009 1588 1094; x_wconf 81' lang='lat' dir='ltr'><strong>frustum,</strong></span> <span class='ocrx_word' id='word_1_61' title='bbox 1618 1008 1779 1076; x_wconf 89' lang='lat' dir='ltr'><strong>debebant</strong></span> <span class='ocrx_word' id='word_1_62' title='bbox 1808 1009 1946 1076; x_wconf 77' lang='lat' dir='ltr'><strong>libenter</strong></span> <span class='ocrx_word' id='word_1_63' title='bbox 1976 1033 2012 1079; x_wconf 88' lang='lat' dir='ltr'><strong>se</strong></span> <span class='ocrx_word' id='word_1_64' title='bbox 2068 1033 2106 1078; x_wconf 91' lang='lat' dir='ltr'><strong>eo</strong></span> <span class='ocrx_word' id='word_1_65' title='bbox 2129 1015 2207 1080; x_wconf 91' lang='lat' dir='ltr'><strong>sub·</strong></span> 
     </span>
     <span class='ocr_line' id='line_1_7' title="bbox 202 1093 2206 1182; baseline 0.001 -20"><span class='ocrx_word' id='word_1_66' title='bbox 202 1099 420 1181; x_wconf 84' lang='lat' dir='ltr'><strong>uestigaverat</strong></span> <span class='ocrx_word' id='word_1_67' title='bbox 439 1096 607 1180; x_wconf 89' lang='lat' dir='ltr'><strong>populum,</strong></span> <span class='ocrx_word' id='word_1_68' title='bbox 631 1103 665 1160; x_wconf 91' lang='lat' dir='ltr'><strong>et</strong></span> <span class='ocrx_word' id='word_1_69' title='bbox 687 1095 807 1178; x_wconf 88' lang='lat' dir='ltr'><strong>quibus</strong></span> <span class='ocrx_word' id='word_1_70' title='bbox 829 1094 937 1161; x_wconf 90' lang='lat' dir='ltr'><strong>adhue</strong></span> <span class='ocrx_word' id='word_1_71' title='bbox 955 1105 1090 1178; x_wconf 89' lang='lat' dir='ltr'><strong>paratus</strong></span> <span class='ocrx_word' id='word_1_72' title='bbox 1108 1101 1180 1160; x_wconf 90' lang='lat' dir='ltr'><strong>erat</strong></span> <span class='ocrx_word' id='word_1_73' title='bbox 1230 1095 1338 1178; x_wconf 90' lang='lat' dir='ltr'><strong>iieere,</strong></span> <span class='ocrx_word' id='word_1_74' title='bbox 1361 1105 1394 1159; x_wconf 89' lang='lat' dir='ltr'><strong>et</strong></span> <span class='ocrx_word' id='word_1_75' title='bbox 1416 1115 1482 1160; x_wconf 92' lang='lat' dir='ltr'><strong>non</strong></span> <span class='ocrx_word' id='word_1_76' title='bbox 1503 1095 1642 1160; x_wconf 83' lang='lat' dir='ltr'><strong>fremere</strong></span> <span class='ocrx_word' id='word_1_77' title='bbox 1665 1093 1821 1161; x_wconf 84' lang='lat' dir='ltr'><strong>adversus</strong></span> <span class='ocrx_word' id='word_1_78' title='bbox 1839 1096 1946 1178; x_wconf 92' lang='lat' dir='ltr'><strong>ipsum</strong></span> <span class='ocrx_word' id='word_1_79' title='bbox 1965 1118 2068 1181; x_wconf 89' lang='lat' dir='ltr'><strong>quum</strong></span> <span class='ocrx_word' id='word_1_80' title='bbox 2085 1119 2206 1182; x_wconf 90' lang='lat' dir='ltr'><strong>poenas</strong></span> 
     </span>
     <span class='ocr_line' id='line_1_8' title="bbox 200 1180 2204 1267; baseline 0.001 -18"><span class='ocrx_word' id='word_1_81' title='bbox 200 1185 362 1267; x_wconf 85' lang='lat' dir='ltr'><strong>uestigare</strong></span> <span class='ocrx_word' id='word_1_82' title='bbox 384 1183 506 1249; x_wconf 84' lang='lat' dir='ltr'><strong>tribum</strong></span> <span class='ocrx_word' id='word_1_83' title='bbox 530 1181 690 1259; x_wconf 90' lang='lat' dir='ltr'><strong>Iehudab,</strong></span> <span class='ocrx_word' id='word_1_84' title='bbox 719 1201 853 1264; x_wconf 90' lang='lat' dir='ltr'><strong>prorsus</strong></span> <span class='ocrx_word' id='word_1_85' title='bbox 876 1201 946 1247; x_wconf 84' lang='lat' dir='ltr'><strong>ease</strong></span> <span class='ocrx_word' id='word_1_86' title='bbox 968 1182 1177 1257; x_wconf 89' lang='lat' dir='ltr'><strong>neeessarias,</strong></span> <span class='ocrx_word' id='word_1_87' title='bbox 1231 1187 1375 1245; x_wconf 78' lang='lat' dir='ltr'><strong>sumeret</strong></span> <span class='ocrx_word' id='word_1_88' title='bbox 1401 1180 1441 1246; x_wconf 90' lang='lat' dir='ltr'><strong>de</strong></span> <span class='ocrx_word' id='word_1_89' title='bbox 1471 1181 1616 1262; x_wconf 82' lang='lat' dir='ltr'><strong>ipsorum</strong></span> <span class='ocrx_word' id='word_1_90' title='bbox 1642 1183 1799 1263; x_wconf 88' lang='lat' dir='ltr'><strong>peoeatis:</strong></span> <span class='ocrx_word' id='word_1_91' title='bbox 1829 1181 1886 1247; x_wconf 90' lang='lat' dir='ltr'><strong>sed</strong></span> <span class='ocrx_word' id='word_1_92' title='bbox 1909 1183 2031 1248; x_wconf 90' lang='lat' dir='ltr'><strong>seirent</strong></span> <span class='ocrx_word' id='word_1_93' title='bbox 2052 1185 2204 1251; x_wconf 86' lang='lat' dir='ltr'><strong>exsilium</strong></span> 
     </span>
     <span class='ocr_line' id='line_1_9' title="bbox 201 1265 2206 1355; baseline 0.001 -20"><span class='ocrx_word' id='word_1_94' title='bbox 201 1289 239 1335; x_wconf 89' lang='lat' dir='ltr'><strong>ao</strong></span> <span class='ocrx_word' id='word_1_95' title='bbox 269 1272 296 1333; x_wconf 90' lang='lat' dir='ltr'><strong>si</strong></span> <span class='ocrx_word' id='word_1_96' title='bbox 322 1269 484 1335; x_wconf 84' lang='lat' dir='ltr'><strong>oonierret</strong></span> <span class='ocrx_word' id='word_1_97' title='bbox 506 1267 697 1332; x_wconf 87' lang='lat' dir='ltr'><strong>medioinae.</strong></span> <span class='ocrx_word' id='word_1_98' title='bbox 740 1266 824 1332; x_wconf 89' lang='lat' dir='ltr'><strong>Nam</strong></span> <span class='ocrx_word' id='word_1_99' title='bbox 847 1267 1003 1350; x_wconf 76' lang='lat' dir='ltr'><strong>quamdiu</strong></span> <span class='ocrx_word' id='word_1_100' title='bbox 1025 1266 1178 1349; x_wconf 90' lang='lat' dir='ltr'><strong>proponi·</strong></span> <span class='ocrx_word' id='word_1_101' title='bbox 1231 1265 1312 1330; x_wconf 86' lang='lat' dir='ltr'><strong>illud</strong></span> <span class='ocrx_word' id='word_1_102' title='bbox 1346 1286 1416 1331; x_wconf 88' lang='lat' dir='ltr'><strong>esee</strong></span> <span class='ocrx_word' id='word_1_103' title='bbox 1449 1268 1541 1349; x_wconf 87' lang='lat' dir='ltr'><strong>quesi</strong></span> <span class='ocrx_word' id='word_1_104' title='bbox 1572 1274 1743 1349; x_wconf 89' lang='lat' dir='ltr'><strong>paternam</strong></span> <span class='ocrx_word' id='word_1_105' title='bbox 1776 1266 1923 1333; x_wconf 83' lang='lat' dir='ltr'><strong>ferulam.</strong></span> <span class='ocrx_word' id='word_1_106' title='bbox 1975 1270 2099 1336; x_wconf 81' lang='lat' dir='ltr'><strong>Audivi</strong></span> <span class='ocrx_word' id='word_1_107' title='bbox 2128 1291 2206 1355; x_wconf 86' lang='lat' dir='ltr'><strong>ergo</strong></span> 
     </span>
     <span class='ocr_line' id='line_1_10' title="bbox 201 1349 2205 1435; baseline 0.001 -16"><span class='ocrx_word' id='word_1_108' title='bbox 201 1373 277 1419; x_wconf 90' lang='lat' dir='ltr'><strong>mus</strong></span> <span class='ocrx_word' id='word_1_109' title='bbox 305 1353 400 1419; x_wconf 90' lang='lat' dir='ltr'><strong>nobis</strong></span> <span class='ocrx_word' id='word_1_110' title='bbox 428 1353 513 1419; x_wconf 91' lang='lat' dir='ltr'><strong>iram</strong></span> <span class='ocrx_word' id='word_1_111' title='bbox 542 1352 620 1430; x_wconf 90' lang='lat' dir='ltr'><strong>Dei,</strong></span> <span class='ocrx_word' id='word_1_112' title='bbox 655 1352 931 1434; x_wconf 77' lang='lat' dir='ltr'><strong>quemadmodum</strong></span> <span class='ocrx_word' id='word_1_113' title='bbox 959 1354 1025 1416; x_wconf 90' lang='lat' dir='ltr'><strong>iam</strong></span> <span class='ocrx_word' id='word_1_114' title='bbox 1055 1350 1179 1417; x_wconf 92' lang='lat' dir='ltr'><strong>dietum</strong></span> <span class='ocrx_word' id='word_1_115' title='bbox 1232 1349 1406 1434; x_wconf 75' lang='lat' dir='ltr'><strong>Ephraim</strong></span> <span class='ocrx_word' id='word_1_116' title='bbox 1428 1371 1494 1434; x_wconf 90' lang='lat' dir='ltr'><strong>quo</strong></span> <span class='ocrx_word' id='word_1_117' title='bbox 1516 1350 1686 1435; x_wconf 80' lang='lat' dir='ltr'><strong>tempore?</strong></span> <span class='ocrx_word' id='word_1_118' title='bbox 1714 1354 1856 1417; x_wconf 87' lang='lat' dir='ltr'><strong>notanda</strong></span> <span class='ocrx_word' id='word_1_119' title='bbox 1877 1360 1929 1419; x_wconf 91' lang='lat' dir='ltr'><strong>eet</strong></span> <span class='ocrx_word' id='word_1_120' title='bbox 1950 1355 2205 1434; x_wconf 88' lang='lat' dir='ltr'><strong>eireamstantia,</strong></span> 
     </span>
     <span class='ocr_line' id='line_1_11' title="bbox 201 1437 2205 1523; baseline 0 -18"><span class='ocrx_word' id='word_1_121' title='bbox 201 1447 260 1518; x_wconf 89' lang='lat' dir='ltr'><strong>est,</strong></span> <span class='ocrx_word' id='word_1_122' title='bbox 294 1459 426 1506; x_wconf 85' lang='lat' dir='ltr'><strong>neeesse</strong></span> <span class='ocrx_word' id='word_1_123' title='bbox 453 1443 505 1504; x_wconf 88' lang='lat' dir='ltr'><strong>eet</strong></span> <span class='ocrx_word' id='word_1_124' title='bbox 534 1457 594 1503; x_wconf 90' lang='lat' dir='ltr'><strong>nos</strong></span> <span class='ocrx_word' id='word_1_125' title='bbox 623 1437 782 1521; x_wconf 83' lang='lat' dir='ltr'><strong>reingere,</strong></span> <span class='ocrx_word' id='word_1_126' title='bbox 812 1439 888 1520; x_wconf 90' lang='lat' dir='ltr'><strong>quia</strong></span> <span class='ocrx_word' id='word_1_127' title='bbox 917 1437 1067 1520; x_wconf 88' lang='lat' dir='ltr'><strong>oupimue</strong></span> <span class='ocrx_word' id='word_1_128' title='bbox 1096 1439 1179 1502; x_wconf 91' lang='lat' dir='ltr'><strong>bene</strong></span> <span class='ocrx_word' id='word_1_129' title='bbox 1231 1457 1348 1520; x_wconf 87' lang='lat' dir='ltr'><strong>nempe</strong></span> <span class='ocrx_word' id='word_1_130' title='bbox 1375 1441 1544 1519; x_wconf 80' lang='lat' dir='ltr'><strong>postquem</strong></span> <span class='ocrx_word' id='word_1_131' title='bbox 1574 1438 1825 1522; x_wconf 71' lang='lat' dir='ltr'><strong>baumipravit:</strong></span> <span class='ocrx_word' id='word_1_132' title='bbox 1857 1440 1934 1520; x_wconf 90' lang='lat' dir='ltr'><strong>quie</strong></span> <span class='ocrx_word' id='word_1_133' title='bbox 1966 1460 2066 1523; x_wconf 92' lang='lat' dir='ltr'><strong>quum</strong></span> <span class='ocrx_word' id='word_1_134' title='bbox 2097 1455 2205 1509; x_wconf 86' lang='lat' dir='ltr'><strong>essent</strong></span> 
     </span>
     <span class='ocr_line' id='line_1_12' title="bbox 201 1521 2206 1607; baseline 0.001 -19"><span class='ocrx_word' id='word_1_135' title='bbox 201 1523 295 1590; x_wconf 88' lang='lat' dir='ltr'><strong>nobis</strong></span> <span class='ocrx_word' id='word_1_136' title='bbox 323 1545 403 1601; x_wconf 87' lang='lat' dir='ltr'><strong>ease,</strong></span> <span class='ocrx_word' id='word_1_137' title='bbox 435 1539 466 1589; x_wconf 87' lang='lat' dir='ltr'><strong>et</strong></span> <span class='ocrx_word' id='word_1_138' title='bbox 516 1522 649 1605; x_wconf 91' lang='lat' dir='ltr'><strong>uidquid</strong></span> <span class='ocrx_word' id='word_1_139' title='bbox 672 1535 722 1588; x_wconf 91' lang='lat' dir='ltr'><strong>est</strong></span> <span class='ocrx_word' id='word_1_140' title='bbox 744 1523 931 1601; x_wconf 84' lang='lat' dir='ltr'><strong>adversum,</strong></span> <span class='ocrx_word' id='word_1_141' title='bbox 961 1524 1177 1606; x_wconf 89' lang='lat' dir='ltr'><strong>quantumin</strong></span> <span class='ocrx_word' id='word_1_142' title='bbox 1232 1522 1334 1606; x_wconf 86' lang='lat' dir='ltr'><strong>quieti</strong></span> <span class='ocrx_word' id='word_1_143' title='bbox 1361 1523 1396 1586; x_wconf 92' lang='lat' dir='ltr'><strong>in</strong></span> <span class='ocrx_word' id='word_1_144' title='bbox 1426 1521 1540 1604; x_wconf 89' lang='lat' dir='ltr'><strong>patria,</strong></span> <span class='ocrx_word' id='word_1_145' title='bbox 1570 1532 1664 1587; x_wconf 88' lang='lat' dir='ltr'><strong>erent</strong></span> <span class='ocrx_word' id='word_1_146' title='bbox 1685 1523 1807 1590; x_wconf 87' lang='lat' dir='ltr'><strong>similes</strong></span> <span class='ocrx_word' id='word_1_147' title='bbox 1828 1524 1943 1590; x_wconf 77' lang='lat' dir='ltr'><strong>vitulis</strong></span> <span class='ocrx_word' id='word_1_148' title='bbox 1964 1526 2140 1607; x_wconf 87' lang='lat' dir='ltr'><strong>indomitis,</strong></span> <span class='ocrx_word' id='word_1_149' title='bbox 2168 1535 2206 1592; x_wconf 90' lang='lat' dir='ltr'><strong>ut</strong></span> 
     </span>
     <span class='ocr_line' id='line_1_13' title="bbox 201 1545 2206 1695; baseline 0.002 -21"><span class='ocrx_word' id='word_1_150' title='bbox 201 1609 294 1675; x_wconf 90' lang='lat' dir='ltr'><strong>nobis</strong></span> <span class='ocrx_word' id='word_1_151' title='bbox 315 1620 375 1691; x_wconf 89' lang='lat' dir='ltr'><strong>est,</strong></span> <span class='ocrx_word' id='word_1_152' title='bbox 397 1545 514 1695; x_wconf 57' lang='lat' dir='ltr'><strong>prorui</strong></span> <span class='ocrx_word' id='word_1_153' title='bbox 534 1609 668 1674; x_wconf 90' lang='lat' dir='ltr'><strong>reiieere</strong></span> <span class='ocrx_word' id='word_1_154' title='bbox 690 1628 855 1674; x_wconf 90' lang='lat' dir='ltr'><strong>oonamur.</strong></span> <span class='ocrx_word' id='word_1_155' title='bbox 896 1609 987 1692; x_wconf 87' lang='lat' dir='ltr'><strong>Ergo</strong></span> <span class='ocrx_word' id='word_1_156' title='bbox 1010 1628 1177 1691; x_wconf 90' lang='lat' dir='ltr'><strong>nunquam</strong></span> <span class='ocrx_word' id='word_1_157' title='bbox 1231 1609 1388 1691; x_wconf 88' lang='lat' dir='ltr'><strong>sequitur.</strong></span> <span class='ocrx_word' id='word_1_158' title='bbox 1422 1607 1466 1671; x_wconf 88' lang='lat' dir='ltr'><strong>Et</strong></span> <span class='ocrx_word' id='word_1_159' title='bbox 1482 1608 1661 1691; x_wconf 88' lang='lat' dir='ltr'><strong>prophetae</strong></span> <span class='ocrx_word' id='word_1_160' title='bbox 1683 1610 1782 1672; x_wconf 90' lang='lat' dir='ltr'><strong>etiam</strong></span> <span class='ocrx_word' id='word_1_161' title='bbox 1804 1609 1867 1674; x_wconf 89' lang='lat' dir='ltr'><strong>hee</strong></span> <span class='ocrx_word' id='word_1_162' title='bbox 1889 1617 2029 1675; x_wconf 89' lang='lat' dir='ltr'><strong>utuntur</strong></span> <span class='ocrx_word' id='word_1_163' title='bbox 2049 1611 2206 1695; x_wconf 90' lang='lat' dir='ltr'><strong>loquendi</strong></span> 
     </span>
     <span class='ocr_line' id='line_1_14' title="bbox 201 1692 2204 1780; baseline 0.002 -20"><span class='ocrx_word' id='word_1_164' title='bbox 201 1715 324 1779; x_wconf 88' lang='lat' dir='ltr'><strong>poenae</strong></span> <span class='ocrx_word' id='word_1_165' title='bbox 353 1715 435 1778; x_wconf 90' lang='lat' dir='ltr'><strong>quas</strong></span> <span class='ocrx_word' id='word_1_166' title='bbox 461 1694 554 1760; x_wconf 90' lang='lat' dir='ltr'><strong>Deus</strong></span> <span class='ocrx_word' id='word_1_167' title='bbox 583 1695 717 1778; x_wconf 84' lang='lat' dir='ltr'><strong>infligit,</strong></span> <span class='ocrx_word' id='word_1_168' title='bbox 745 1693 837 1760; x_wconf 90' lang='lat' dir='ltr'><strong>nobis</strong></span> <span class='ocrx_word' id='word_1_169' title='bbox 867 1693 1063 1771; x_wconf 88' lang='lat' dir='ltr'><strong>duleesoent,</strong></span> <span class='ocrx_word' id='word_1_170' title='bbox 1091 1713 1177 1759; x_wconf 88' lang='lat' dir='ltr'><strong>nun·</strong></span> <span class='ocrx_word' id='word_1_171' title='bbox 1230 1693 1344 1771; x_wconf 80' lang='lat' dir='ltr'><strong>forma,</strong></span> <span class='ocrx_word' id='word_1_172' title='bbox 1367 1713 1466 1775; x_wconf 91' lang='lat' dir='ltr'><strong>quum</strong></span> <span class='ocrx_word' id='word_1_173' title='bbox 1489 1693 1672 1775; x_wconf 88' lang='lat' dir='ltr'><strong>loquuntur</strong></span> <span class='ocrx_word' id='word_1_174' title='bbox 1693 1692 1733 1758; x_wconf 92' lang='lat' dir='ltr'><strong>de</strong></span> <span class='ocrx_word' id='word_1_175' title='bbox 1751 1694 1910 1759; x_wconf 73' lang='lat' dir='ltr'><strong>Israelitis</strong></span> <span class='ocrx_word' id='word_1_176' title='bbox 1932 1695 2040 1764; x_wconf 87' lang='lat' dir='ltr'><strong>adhue</strong></span> <span class='ocrx_word' id='word_1_177' title='bbox 2057 1699 2125 1762; x_wconf 90' lang='lat' dir='ltr'><strong>inte</strong></span> <span class='ocrx_word' id='word_1_178' title='bbox 2169 1699 2204 1780; x_wconf 92' lang='lat' dir='ltr'><strong>&#39;s,</strong></span> 
     </span>
     <span class='ocr_line' id='line_1_15' title="bbox 200 1777 2206 1866; baseline 0.001 -19"><span class='ocrx_word' id='word_1_179' title='bbox 200 1801 300 1864; x_wconf 87' lang='lat' dir='ltr'><strong>quam</strong></span> <span class='ocrx_word' id='word_1_180' title='bbox 330 1780 535 1864; x_wconf 73' lang='lat' dir='ltr'><strong>mitigabitur</strong></span> <span class='ocrx_word' id='word_1_181' title='bbox 560 1788 673 1844; x_wconf 90' lang='lat' dir='ltr'><strong>nostra</strong></span> <span class='ocrx_word' id='word_1_182' title='bbox 696 1778 830 1844; x_wconf 88' lang='lat' dir='ltr'><strong>tristitia</strong></span> <span class='ocrx_word' id='word_1_183' title='bbox 852 1780 884 1844; x_wconf 93' lang='lat' dir='ltr'><strong>in</strong></span> <span class='ocrx_word' id='word_1_184' title='bbox 909 1778 1005 1844; x_wconf 89' lang='lat' dir='ltr'><strong>malie</strong></span> <span class='ocrx_word' id='word_1_185' title='bbox 1026 1787 1060 1844; x_wconf 93' lang='lat' dir='ltr'><strong>et</strong></span> <span class='ocrx_word' id='word_1_186' title='bbox 1080 1777 1178 1844; x_wconf 88' lang='lat' dir='ltr'><strong>rebus</strong></span> <span class='ocrx_word' id='word_1_187' title='bbox 1231 1789 1349 1844; x_wconf 80' lang='lat' dir='ltr'><strong>vocant</strong></span> <span class='ocrx_word' id='word_1_188' title='bbox 1383 1777 1480 1844; x_wconf 82' lang='lat' dir='ltr'><strong>borea</strong></span> <span class='ocrx_word' id='word_1_189' title='bbox 1513 1780 1679 1866; x_wconf 84' lang='lat' dir='ltr'><strong>saginatos</strong></span> <span class='ocrx_word' id='word_1_190' title='bbox 1712 1786 1747 1844; x_wconf 89' lang='lat' dir='ltr'><strong>et</strong></span> <span class='ocrx_word' id='word_1_191' title='bbox 1778 1780 1934 1864; x_wconf 76' lang='lat' dir='ltr'><strong>pingues,</strong></span> <span class='ocrx_word' id='word_1_192' title='bbox 1975 1783 2051 1864; x_wconf 90' lang='lat' dir='ltr'><strong>quia</strong></span> <span class='ocrx_word' id='word_1_193' title='bbox 2082 1784 2129 1850; x_wconf 89' lang='lat' dir='ltr'><strong>eoi</strong></span> <span class='ocrx_word' id='word_1_194' title='bbox 2142 1785 2206 1850; x_wconf 91' lang='lat' dir='ltr'><strong>ieet</strong></span> 
     </span>
     <span class='ocr_line' id='line_1_16' title="bbox 201 1862 2206 1948; baseline 0.002 -17"><span class='ocrx_word' id='word_1_195' title='bbox 201 1865 363 1945; x_wconf 83' lang='lat' dir='ltr'><strong>adversis,</strong></span> <span class='ocrx_word' id='word_1_196' title='bbox 402 1885 509 1948; x_wconf 90' lang='lat' dir='ltr'><strong>neque</strong></span> <span class='ocrx_word' id='word_1_197' title='bbox 541 1883 686 1948; x_wconf 90' lang='lat' dir='ltr'><strong>unquam</strong></span> <span class='ocrx_word' id='word_1_198' title='bbox 720 1864 845 1948; x_wconf 90' lang='lat' dir='ltr'><strong>plaoide</strong></span> <span class='ocrx_word' id='word_1_199' title='bbox 878 1863 1086 1930; x_wconf 89' lang='lat' dir='ltr'><strong>subiioiemus</strong></span> <span class='ocrx_word' id='word_1_200' title='bbox 1119 1885 1197 1929; x_wconf 89' lang='lat' dir='ltr'><strong>nos·</strong></span> <span class='ocrx_word' id='word_1_201' title='bbox 1230 1864 1398 1929; x_wconf 80' lang='lat' dir='ltr'><strong>affluentia</strong></span> <span class='ocrx_word' id='word_1_202' title='bbox 1430 1862 1584 1947; x_wconf 76' lang='lat' dir='ltr'><strong>gignebat</strong></span> <span class='ocrx_word' id='word_1_203' title='bbox 1616 1864 1652 1929; x_wconf 92' lang='lat' dir='ltr'><strong>in</strong></span> <span class='ocrx_word' id='word_1_204' title='bbox 1684 1865 1765 1947; x_wconf 89' lang='lat' dir='ltr'><strong>ipsis</strong></span> <span class='ocrx_word' id='word_1_205' title='bbox 1799 1867 1978 1945; x_wconf 88' lang='lat' dir='ltr'><strong>luxuriam,</strong></span> <span class='ocrx_word' id='word_1_206' title='bbox 2012 1875 2044 1932; x_wconf 86' lang='lat' dir='ltr'><strong>et</strong></span> <span class='ocrx_word' id='word_1_207' title='bbox 2071 1867 2206 1935; x_wconf 85' lang='lat' dir='ltr'><strong>luxuria</strong></span> 
     </span>
     <span class='ocr_line' id='line_1_17' title="bbox 200 1947 2205 2034; baseline 0.002 -17"><span class='ocrx_word' id='word_1_208' title='bbox 200 1952 291 2030; x_wconf 89' lang='lat' dir='ltr'><strong>Deo,</strong></span> <span class='ocrx_word' id='word_1_209' title='bbox 326 1951 390 2017; x_wconf 85' lang='lat' dir='ltr'><strong>nisi</strong></span> <span class='ocrx_word' id='word_1_210' title='bbox 422 1955 552 2017; x_wconf 89' lang='lat' dir='ltr'><strong>mentes</strong></span> <span class='ocrx_word' id='word_1_211' title='bbox 585 1960 714 2016; x_wconf 89' lang='lat' dir='ltr'><strong>nostras</strong></span> <span class='ocrx_word' id='word_1_212' title='bbox 749 1950 928 2034; x_wconf 86' lang='lat' dir='ltr'><strong>dirigemus</strong></span> <span class='ocrx_word' id='word_1_213' title='bbox 961 1949 1002 2016; x_wconf 89' lang='lat' dir='ltr'><strong>ad</strong></span> <span class='ocrx_word' id='word_1_214' title='bbox 1032 1950 1176 2016; x_wconf 87' lang='lat' dir='ltr'><strong>iruotum</strong></span> <span class='ocrx_word' id='word_1_215' title='bbox 1230 1948 1426 2032; x_wconf 86' lang='lat' dir='ltr'><strong>superbiam.</strong></span> <span class='ocrx_word' id='word_1_216' title='bbox 1480 1948 1591 2029; x_wconf 75' lang='lat' dir='ltr'><strong>Quum</strong></span> <span class='ocrx_word' id='word_1_217' title='bbox 1624 1947 1702 2034; x_wconf 87' lang='lat' dir='ltr'><strong>erg&#39;o</strong></span> <span class='ocrx_word' id='word_1_218' title='bbox 1729 1952 1777 2014; x_wconf 90' lang='lat' dir='ltr'><strong>ita</strong></span> <span class='ocrx_word' id='word_1_219' title='bbox 1809 1951 2018 2017; x_wconf 89' lang='lat' dir='ltr'><strong>ealoitrarent</strong></span> <span class='ocrx_word' id='word_1_220' title='bbox 2046 1953 2205 2022; x_wconf 84' lang='lat' dir='ltr'><strong>adversus</strong></span> 
     </span>
     <span class='ocr_line' id='line_1_18' title="bbox 201 2032 2206 2184; baseline 0.001 -81"><span class='ocrx_word' id='word_1_221' title='bbox 201 2057 299 2120; x_wconf 89' lang='lat' dir='ltr'><strong>quem</strong></span> <span class='ocrx_word' id='word_1_222' title='bbox 331 2037 467 2120; x_wconf 90' lang='lat' dir='ltr'><strong>pariunt</strong></span> <span class='ocrx_word' id='word_1_223' title='bbox 500 2036 694 2102; x_wconf 82' lang='lat' dir='ltr'><strong>afflietiones</strong></span> <span class='ocrx_word' id='word_1_224' title='bbox 726 2044 759 2100; x_wconf 91' lang='lat' dir='ltr'><strong>et</strong></span> <span class='ocrx_word' id='word_1_225' title='bbox 790 2053 934 2118; x_wconf 79' lang='lat' dir='ltr'><strong>poenae·</strong></span> <span class='ocrx_word' id='word_1_226' title='bbox 973 2035 1068 2101; x_wconf 89' lang='lat' dir='ltr'><strong>Nune</strong></span> <span class='ocrx_word' id='word_1_227' title='bbox 1097 2055 1177 2117; x_wconf 85' lang='lat' dir='ltr'><strong>ergo</strong></span> <span class='ocrx_word' id='word_1_228' title='bbox 1229 2033 1339 2100; x_wconf 89' lang='lat' dir='ltr'><strong>Deum</strong></span> <span class='ocrx_word' id='word_1_229' title='bbox 1386 2032 1499 2184; x_wconf 45' lang='lat' dir='ltr'><strong>§aienti</strong></span> <span class='ocrx_word' id='word_1_230' title='bbox 1550 2036 1649 2100; x_wconf 88' lang='lat' dir='ltr'><strong>etiem</strong></span> <span class='ocrx_word' id='word_1_231' title='bbox 1693 2035 1813 2101; x_wconf 89' lang='lat' dir='ltr'><strong>dieitur</strong></span> <span class='ocrx_word' id='word_1_232' title='bbox 1854 2037 1891 2100; x_wconf 90' lang='lat' dir='ltr'><strong>in</strong></span> <span class='ocrx_word' id='word_1_233' title='bbox 1934 2038 2059 2103; x_wconf 87' lang='lat' dir='ltr'><strong>oantioo</strong></span> <span class='ocrx_word' id='word_1_234' title='bbox 2103 2040 2206 2106; x_wconf 84' lang='lat' dir='ltr'><strong>hiosie</strong></span> 
     </span>
     <span class='ocr_line' id='line_1_19' title="bbox 200 2117 2204 2208; baseline 0.002 -21"><span class='ocrx_word' id='word_1_235' title='bbox 200 2133 355 2188; x_wconf 90' lang='lat' dir='ltr'><strong>tenemus</strong></span> <span class='ocrx_word' id='word_1_236' title='bbox 384 2123 565 2206; x_wconf 88' lang='lat' dir='ltr'><strong>prophetae</strong></span> <span class='ocrx_word' id='word_1_237' title='bbox 593 2121 777 2197; x_wconf 87' lang='lat' dir='ltr'><strong>eonsilium,</strong></span> <span class='ocrx_word' id='word_1_238' title='bbox 807 2122 883 2203; x_wconf 90' lang='lat' dir='ltr'><strong>quia</strong></span> <span class='ocrx_word' id='word_1_239' title='bbox 904 2119 1019 2186; x_wconf 88' lang='lat' dir='ltr'><strong>Iudaei</strong></span> <span class='ocrx_word' id='word_1_240' title='bbox 1048 2141 1177 2204; x_wconf 87' lang='lat' dir='ltr'><strong>semper</strong></span> <span class='ocrx_word' id='word_1_241' title='bbox 1231 2117 1341 2198; x_wconf 90' lang='lat' dir='ltr'><strong>[Deut.</strong></span> <span class='ocrx_word' id='word_1_242' title='bbox 1364 2119 1415 2198; x_wconf 39' lang='lat'><strong>3¹,</strong></span> <span class='ocrx_word' id='word_1_243' title='bbox 1440 2121 1505 2200; x_wconf 81' lang='lat'><strong>151,</strong></span> <span class='ocrx_word' id='word_1_244' title='bbox 1533 2120 1684 2204; x_wconf 91' lang='lat' dir='ltr'><strong>Populus</strong></span> <span class='ocrx_word' id='word_1_245' title='bbox 1712 2141 1804 2186; x_wconf 88' lang='lat' dir='ltr'><strong>meus</strong></span> <span class='ocrx_word' id='word_1_246' title='bbox 1831 2130 2007 2204; x_wconf 88' lang='lat' dir='ltr'><strong>postquam</strong></span> <span class='ocrx_word' id='word_1_247' title='bbox 2036 2125 2204 2208; x_wconf 85' lang='lat' dir='ltr'><strong>saginatus</strong></span> 
     </span>
    </p>
   </div>
   <div class='ocr_carea' id='block_1_3' title="bbox 198 2204 2205 2721">
    <p class='ocr_par' dir='ltr' id='par_1_4' title="bbox 198 2204 2205 2721">
     <span class='ocr_line' id='line_1_20' title="bbox 200 2204 2205 2292; baseline 0 -18"><span class='ocrx_word' id='word_1_248' title='bbox 200 2209 512 2284; x_wconf 85' lang='lat' dir='ltr'><strong>obmurmuraseent,</strong></span> <span class='ocrx_word' id='word_1_249' title='bbox 543 2206 612 2273; x_wconf 82' lang='lat' dir='ltr'><strong>Cur</strong></span> <span class='ocrx_word' id='word_1_250' title='bbox 634 2205 726 2272; x_wconf 88' lang='lat' dir='ltr'><strong>Deus</strong></span> <span class='ocrx_word' id='word_1_251' title='bbox 753 2226 819 2269; x_wconf 92' lang='lat' dir='ltr'><strong>uon</strong></span> <span class='ocrx_word' id='word_1_252' title='bbox 842 2207 949 2288; x_wconf 90' lang='lat' dir='ltr'><strong>pareit</strong></span> <span class='ocrx_word' id='word_1_253' title='bbox 971 2205 1086 2271; x_wconf 81' lang='lat' dir='ltr'><strong>nobis?</strong></span> <span class='ocrx_word' id='word_1_254' title='bbox 1118 2227 1176 2271; x_wconf 89' lang='lat' dir='ltr'><strong>our</strong></span> <span class='ocrx_word' id='word_1_255' title='bbox 1228 2215 1287 2286; x_wconf 91' lang='lat' dir='ltr'><strong>est,</strong></span> <span class='ocrx_word' id='word_1_256' title='bbox 1309 2204 1556 2291; x_wconf 85' lang='lat' dir='ltr'><strong>reoaloitrevit),</strong></span> <span class='ocrx_word' id='word_1_257' title='bbox 1585 2226 1686 2288; x_wconf 91' lang='lat' dir='ltr'><strong>quum</strong></span> <span class='ocrx_word' id='word_1_258' title='bbox 1710 2227 1788 2292; x_wconf 87' lang='lat' dir='ltr'><strong>ergo</strong></span> <span class='ocrx_word' id='word_1_259' title='bbox 1811 2207 1892 2273; x_wconf 91' lang='lat' dir='ltr'><strong>tales</strong></span> <span class='ocrx_word' id='word_1_260' title='bbox 1913 2216 2032 2283; x_wconf 82' lang='lat' dir='ltr'><strong>essent,</strong></span> <span class='ocrx_word' id='word_1_261' title='bbox 2060 2212 2205 2292; x_wconf 90' lang='lat' dir='ltr'><strong>oportuit</strong></span> 
     </span>
     <span class='ocr_line' id='line_1_21' title="bbox 199 2290 2204 2377; baseline 0.001 -20"><span class='ocrx_word' id='word_1_262' title='bbox 199 2313 266 2358; x_wconf 88' lang='lat' dir='ltr'><strong>non</strong></span> <span class='ocrx_word' id='word_1_263' title='bbox 295 2293 407 2358; x_wconf 90' lang='lat' dir='ltr'><strong>mitius</strong></span> <span class='ocrx_word' id='word_1_264' title='bbox 437 2310 497 2357; x_wconf 88' lang='lat' dir='ltr'><strong>nos</strong></span> <span class='ocrx_word' id='word_1_265' title='bbox 526 2291 669 2358; x_wconf 82' lang='lat' dir='ltr'><strong>trattati</strong></span> <span class='ocrx_word' id='word_1_266' title='bbox 712 2290 880 2373; x_wconf 80' lang='lat' dir='ltr'><strong>Propheta</strong></span> <span class='ocrx_word' id='word_1_267' title='bbox 907 2290 1011 2375; x_wconf 86' lang='lat' dir='ltr'><strong>igitar</strong></span> <span class='ocrx_word' id='word_1_268' title='bbox 1034 2291 1176 2356; x_wconf 88' lang='lat' dir='ltr'><strong>ostendit</strong></span> <span class='ocrx_word' id='word_1_269' title='bbox 1229 2292 1317 2373; x_wconf 92' lang='lat' dir='ltr'><strong>ipsos</strong></span> <span class='ocrx_word' id='word_1_270' title='bbox 1341 2290 1480 2356; x_wconf 90' lang='lat' dir='ltr'><strong>domari:</strong></span> <span class='ocrx_word' id='word_1_271' title='bbox 1504 2304 1537 2356; x_wconf 91' lang='lat' dir='ltr'><strong>et</strong></span> <span class='ocrx_word' id='word_1_272' title='bbox 1559 2292 1624 2357; x_wconf 90' lang='lat' dir='ltr'><strong>huo</strong></span> <span class='ocrx_word' id='word_1_273' title='bbox 1646 2292 1753 2357; x_wconf 89' lang='lat' dir='ltr'><strong>tendit</strong></span> <span class='ocrx_word' id='word_1_274' title='bbox 1774 2293 2019 2359; x_wconf 77' lang='lat' dir='ltr'><strong>circumstantia</strong></span> <span class='ocrx_word' id='word_1_275' title='bbox 2037 2297 2204 2377; x_wconf 88' lang='lat' dir='ltr'><strong>temporis,</strong></span> 
     </span>
     <span class='ocr_line' id='line_1_22' title="bbox 199 2375 2204 2463; baseline 0.002 -21"><span class='ocrx_word' id='word_1_276' title='bbox 199 2377 311 2443; x_wconf 91' lang='lat' dir='ltr'><strong>Deum</strong></span> <span class='ocrx_word' id='word_1_277' title='bbox 340 2377 511 2444; x_wconf 87' lang='lat' dir='ltr'><strong>oonsulere</strong></span> <span class='ocrx_word' id='word_1_278' title='bbox 539 2377 639 2443; x_wconf 88' lang='lat' dir='ltr'><strong>saluti</strong></span> <span class='ocrx_word' id='word_1_279' title='bbox 668 2395 815 2453; x_wconf 89' lang='lat' dir='ltr'><strong>suorum,</strong></span> <span class='ocrx_word' id='word_1_280' title='bbox 850 2376 905 2442; x_wconf 92' lang='lat' dir='ltr'><strong>ubi</strong></span> <span class='ocrx_word' id='word_1_281' title='bbox 936 2397 991 2442; x_wconf 92' lang='lat' dir='ltr'><strong>eos</strong></span> <span class='ocrx_word' id='word_1_282' title='bbox 1020 2375 1175 2459; x_wconf 86' lang='lat' dir='ltr'><strong>uestigat:</strong></span> <span class='ocrx_word' id='word_1_283' title='bbox 1228 2375 1314 2458; x_wconf 90' lang='lat' dir='ltr'><strong>quod</strong></span> <span class='ocrx_word' id='word_1_284' title='bbox 1336 2375 1459 2443; x_wconf 89' lang='lat' dir='ltr'><strong>soilioet</strong></span> <span class='ocrx_word' id='word_1_285' title='bbox 1479 2376 1639 2459; x_wconf 76' lang='lat' dir='ltr'><strong>Ephraim</strong></span> <span class='ocrx_word' id='word_1_286' title='bbox 1661 2385 1834 2460; x_wconf 89' lang='lat' dir='ltr'><strong>postquam</strong></span> <span class='ocrx_word' id='word_1_287' title='bbox 1858 2378 2017 2444; x_wconf 86' lang='lat' dir='ltr'><strong>violenter</strong></span> <span class='ocrx_word' id='word_1_288' title='bbox 2040 2381 2204 2463; x_wconf 88' lang='lat' dir='ltr'><strong>proieotue</strong></span> 
     </span>
     <span class='ocr_line' id='line_1_23' title="bbox 199 2461 2205 2547; baseline 0.001 -18"><span class='ocrx_word' id='word_1_289' title='bbox 199 2465 278 2546; x_wconf 88' lang='lat' dir='ltr'><strong>quia</strong></span> <span class='ocrx_word' id='word_1_290' title='bbox 292 2463 322 2529; x_wconf 89' lang='lat' dir='ltr'><strong>ei</strong></span> <span class='ocrx_word' id='word_1_291' title='bbox 336 2463 526 2547; x_wconf 88' lang='lat' dir='ltr'><strong>indulgeret</strong></span> <span class='ocrx_word' id='word_1_292' title='bbox 541 2482 654 2528; x_wconf 89' lang='lat' dir='ltr'><strong>eorum</strong></span> <span class='ocrx_word' id='word_1_293' title='bbox 670 2462 820 2545; x_wconf 85' lang='lat' dir='ltr'><strong>peoeatis,</strong></span> <span class='ocrx_word' id='word_1_294' title='bbox 840 2471 1000 2528; x_wconf 89' lang='lat' dir='ltr'><strong>eresoeret</strong></span> <span class='ocrx_word' id='word_1_295' title='bbox 1015 2462 1176 2544; x_wconf 90' lang='lat' dir='ltr'><strong>superbia,</strong></span> <span class='ocrx_word' id='word_1_296' title='bbox 1227 2461 1291 2526; x_wconf 82' lang='lat' dir='ltr'><strong>tuit</strong></span> <span class='ocrx_word' id='word_1_297' title='bbox 1319 2482 1338 2526; x_wconf 94' lang='lat' dir='ltr'><strong>e</strong></span> <span class='ocrx_word' id='word_1_298' title='bbox 1367 2464 1480 2544; x_wconf 91' lang='lat' dir='ltr'><strong>patria,</strong></span> <span class='ocrx_word' id='word_1_299' title='bbox 1513 2472 1590 2528; x_wconf 88' lang='lat' dir='ltr'><strong>tune</strong></span> <span class='ocrx_word' id='word_1_300' title='bbox 1620 2463 1726 2546; x_wconf 86' lang='lat' dir='ltr'><strong>eoepit</strong></span> <span class='ocrx_word' id='word_1_301' title='bbox 1755 2481 1931 2546; x_wconf 88' lang='lat' dir='ltr'><strong>agnoaoere</strong></span> <span class='ocrx_word' id='word_1_302' title='bbox 1956 2463 2043 2528; x_wconf 89' lang='lat' dir='ltr'><strong>mala</strong></span> <span class='ocrx_word' id='word_1_303' title='bbox 2070 2485 2139 2544; x_wconf 89' lang='lat' dir='ltr'><strong>sua,</strong></span> <span class='ocrx_word' id='word_1_304' title='bbox 2170 2478 2205 2532; x_wconf 91' lang='lat' dir='ltr'><strong>et</strong></span> 
     </span>
     <span class='ocr_line' id='line_1_24' title="bbox 198 2545 2205 2636; baseline 0.001 -22"><span class='ocrx_word' id='word_1_305' title='bbox 198 2559 232 2614; x_wconf 92' lang='lat' dir='ltr'><strong>et</strong></span> <span class='ocrx_word' id='word_1_306' title='bbox 260 2549 474 2616; x_wconf 87' lang='lat' dir='ltr'><strong>oontumaoia.</strong></span> <span class='ocrx_word' id='word_1_307' title='bbox 519 2547 611 2613; x_wconf 89' lang='lat' dir='ltr'><strong>Haeo</strong></span> <span class='ocrx_word' id='word_1_308' title='bbox 640 2548 744 2632; x_wconf 82' lang='lat' dir='ltr'><strong>igitur</strong></span> <span class='ocrx_word' id='word_1_309' title='bbox 766 2566 896 2612; x_wconf 88' lang='lat' dir='ltr'><strong>summa</strong></span> <span class='ocrx_word' id='word_1_310' title='bbox 918 2557 969 2612; x_wconf 91' lang='lat' dir='ltr'><strong>est</strong></span> <span class='ocrx_word' id='word_1_311' title='bbox 991 2546 1175 2624; x_wconf 84' lang='lat' dir='ltr'><strong>verborum,</strong></span> <span class='ocrx_word' id='word_1_312' title='bbox 1228 2547 1323 2630; x_wconf 89' lang='lat' dir='ltr'><strong>tangi</strong></span> <span class='ocrx_word' id='word_1_313' title='bbox 1356 2548 1463 2630; x_wconf 90' lang='lat' dir='ltr'><strong>aliquo</strong></span> <span class='ocrx_word' id='word_1_314' title='bbox 1494 2545 1601 2612; x_wconf 90' lang='lat' dir='ltr'><strong>studio</strong></span> <span class='ocrx_word' id='word_1_315' title='bbox 1642 2549 1903 2629; x_wconf 86' lang='lat' dir='ltr'><strong>resipieoentiae,</strong></span> <span class='ocrx_word' id='word_1_316' title='bbox 1945 2547 2115 2634; x_wconf 66' lang='grc' dir='ltr'><strong>θαιιόραιιι·</strong></span> <span class='ocrx_word' id='word_1_317' title='bbox 2146 2571 2205 2636; x_wconf 81' lang='lat' dir='ltr'><strong>nse,</strong></span> 
     </span>
     <span class='ocr_line' id='line_1_25' title="bbox 199 2631 2205 2721; baseline 0.002 -22"><span class='ocrx_word' id='word_1_318' title='bbox 199 2645 234 2699; x_wconf 90' lang='lat' dir='ltr'><strong>et</strong></span> <span class='ocrx_word' id='word_1_319' title='bbox 262 2635 298 2700; x_wconf 94' lang='lat' dir='ltr'><strong>in</strong></span> <span class='ocrx_word' id='word_1_320' title='bbox 326 2636 417 2700; x_wconf 89' lang='lat' dir='ltr'><strong>huno</strong></span> <span class='ocrx_word' id='word_1_321' title='bbox 444 2636 540 2699; x_wconf 87' lang='lat' dir='ltr'><strong>finem</strong></span> <span class='ocrx_word' id='word_1_322' title='bbox 571 2633 716 2715; x_wconf 90' lang='lat' dir='ltr'><strong>loquitur</strong></span> <span class='ocrx_word' id='word_1_323' title='bbox 743 2632 910 2715; x_wconf 92' lang='lat' dir='ltr'><strong>propheta,</strong></span> <span class='ocrx_word' id='word_1_324' title='bbox 939 2641 976 2698; x_wconf 90' lang='lat' dir='ltr'><strong>ut</strong></span> <span class='ocrx_word' id='word_1_325' title='bbox 998 2642 1177 2717; x_wconf 90' lang='lat' dir='ltr'><strong>agnosoant</strong></span> <span class='ocrx_word' id='word_1_326' title='bbox 1229 2631 1316 2712; x_wconf 90' lang='lat' dir='ltr'><strong>dioit,</strong></span> <span class='ocrx_word' id='word_1_327' title='bbox 1345 2637 1372 2696; x_wconf 86' lang='lat' dir='ltr'><strong>et</strong></span> <span class='ocrx_word' id='word_1_328' title='bbox 1398 2632 1451 2715; x_wconf 78' lang='lat' dir='ltr'><strong>sui</strong></span> <span class='ocrx_word' id='word_1_329' title='bbox 1478 2633 1630 2700; x_wconf 67' lang='lat' dir='ltr'><strong>meditem.</strong></span> <span class='ocrx_word' id='word_1_330' title='bbox 1675 2645 1731 2701; x_wconf 71' lang='lat' dir='ltr'><strong>&#39;lb’</strong></span> <span class='ocrx_word' id='word_1_331' title='bbox 1754 2635 1917 2718; x_wconf 85' lang='lat' dir='ltr'><strong>signifieat</strong></span> <span class='ocrx_word' id='word_1_332' title='bbox 1946 2645 2012 2700; x_wconf 87' lang='lat' dir='ltr'><strong>tam</strong></span> <span class='ocrx_word' id='word_1_333' title='bbox 2043 2637 2205 2721; x_wconf 70' lang='lat' dir='ltr'><strong>teudgare</strong></span> 
     </span>
    </p>
   </div>
   <div class='ocr_carea' id='block_1_4' title="bbox 197 2718 2206 5451">
    <p class='ocr_par' dir='ltr' id='par_1_5' title="bbox 197 2718 2206 5451">
     <span class='ocr_line' id='line_1_26' title="bbox 200 2718 2203 2803; baseline 0.001 -19"><span class='ocrx_word' id='word_1_334' title='bbox 200 2718 314 2785; x_wconf 88' lang='lat' dir='ltr'><strong>Iudaei</strong></span> <span class='ocrx_word' id='word_1_335' title='bbox 336 2739 457 2803; x_wconf 87' lang='lat' dir='ltr'><strong>poenae</strong></span> <span class='ocrx_word' id='word_1_336' title='bbox 478 2739 603 2799; x_wconf 87' lang='lat' dir='ltr'><strong>omnes,</strong></span> <span class='ocrx_word' id='word_1_337' title='bbox 624 2737 708 2802; x_wconf 89' lang='lat' dir='ltr'><strong>quae</strong></span> <span class='ocrx_word' id='word_1_338' title='bbox 725 2718 846 2800; x_wconf 80' lang='lat' dir='ltr'><strong>alioqui</strong></span> <span class='ocrx_word' id='word_1_339' title='bbox 860 2718 995 2784; x_wconf 87' lang='lat' dir='ltr'><strong>aeerbae</strong></span> <span class='ocrx_word' id='word_1_340' title='bbox 1010 2727 1044 2783; x_wconf 91' lang='lat' dir='ltr'><strong>et</strong></span> <span class='ocrx_word' id='word_1_341' title='bbox 1059 2737 1175 2802; x_wconf 84' lang='lat' dir='ltr'><strong>graves</strong></span> <span class='ocrx_word' id='word_1_342' title='bbox 1228 2737 1327 2801; x_wconf 90' lang='lat' dir='ltr'><strong>quam</strong></span> <span class='ocrx_word' id='word_1_343' title='bbox 1350 2718 1493 2784; x_wconf 90' lang='lat' dir='ltr'><strong>erudire:</strong></span> <span class='ocrx_word' id='word_1_344' title='bbox 1518 2719 1637 2784; x_wconf 88' lang='lat' dir='ltr'><strong>dieitur</strong></span> <span class='ocrx_word' id='word_1_345' title='bbox 1659 2721 1745 2783; x_wconf 91' lang='lat' dir='ltr'><strong>enim</strong></span> <span class='ocrx_word' id='word_1_346' title='bbox 1771 2719 1810 2783; x_wconf 91' lang='lat' dir='ltr'><strong>de</strong></span> <span class='ocrx_word' id='word_1_347' title='bbox 1832 2719 2043 2803; x_wconf 89' lang='lat' dir='ltr'><strong>prinoipibus,</strong></span> <span class='ocrx_word' id='word_1_348' title='bbox 2066 2721 2107 2786; x_wconf 91' lang='lat' dir='ltr'><strong>de</strong></span> <span class='ocrx_word' id='word_1_349' title='bbox 2128 2742 2203 2787; x_wconf 90' lang='lat' dir='ltr'><strong>eon-</strong></span> 
     </span>
     <span class='ocr_line' id='line_1_27' title="bbox 199 2803 2202 2891; baseline 0.001 -21"><span class='ocrx_word' id='word_1_350' title='bbox 199 2815 296 2871; x_wconf 89' lang='lat' dir='ltr'><strong>erant</strong></span> <span class='ocrx_word' id='word_1_351' title='bbox 324 2825 396 2871; x_wconf 86' lang='lat' dir='ltr'><strong>esee</strong></span> <span class='ocrx_word' id='word_1_352' title='bbox 423 2803 559 2869; x_wconf 87' lang='lat' dir='ltr'><strong>totidem</strong></span> <span class='ocrx_word' id='word_1_353' title='bbox 587 2803 775 2880; x_wconf 90' lang='lat' dir='ltr'><strong>medioinas,</strong></span> <span class='ocrx_word' id='word_1_354' title='bbox 806 2803 923 2886; x_wconf 87' lang='lat' dir='ltr'><strong>quibus</strong></span> <span class='ocrx_word' id='word_1_355' title='bbox 951 2823 1084 2870; x_wconf 83' lang='lat' dir='ltr'><strong>neeesse</strong></span> <span class='ocrx_word' id='word_1_356' title='bbox 1105 2812 1177 2868; x_wconf 88' lang='lat' dir='ltr'><strong>erat</strong></span> <span class='ocrx_word' id='word_1_357' title='bbox 1229 2803 1361 2868; x_wconf 91' lang='lat' dir='ltr'><strong>siliariis</strong></span> <span class='ocrx_word' id='word_1_358' title='bbox 1376 2804 1485 2881; x_wconf 87' lang='lat' dir='ltr'><strong>etiam,</strong></span> <span class='ocrx_word' id='word_1_359' title='bbox 1509 2803 1549 2869; x_wconf 94' lang='lat' dir='ltr'><strong>de</strong></span> <span class='ocrx_word' id='word_1_360' title='bbox 1562 2804 1721 2887; x_wconf 85' lang='lat' dir='ltr'><strong>patribus,</strong></span> <span class='ocrx_word' id='word_1_361' title='bbox 1741 2803 1780 2868; x_wconf 90' lang='lat' dir='ltr'><strong>de</strong></span> <span class='ocrx_word' id='word_1_362' title='bbox 1795 2805 1978 2888; x_wconf 62' lang='lat' dir='ltr'><strong>magistris,</strong></span> <span class='ocrx_word' id='word_1_363' title='bbox 2006 2807 2202 2891; x_wconf 75' lang='lat' dir='ltr'><strong>Castigandi</strong></span> 
     </span>
     <span class='ocr_line' id='line_1_28' title="bbox 201 2887 2204 2976; baseline 0.001 -22"><span class='ocrx_word' id='word_1_364' title='bbox 201 2891 312 2956; x_wconf 89' lang='lat' dir='ltr'><strong>sanari</strong></span> <span class='ocrx_word' id='word_1_365' title='bbox 334 2889 523 2974; x_wconf 86' lang='lat' dir='ltr'><strong>spirituales</strong></span> <span class='ocrx_word' id='word_1_366' title='bbox 544 2910 655 2955; x_wconf 91' lang='lat' dir='ltr'><strong>eorum</strong></span> <span class='ocrx_word' id='word_1_367' title='bbox 678 2887 818 2955; x_wconf 89' lang='lat' dir='ltr'><strong>morbos.</strong></span> <span class='ocrx_word' id='word_1_368' title='bbox 863 2889 951 2954; x_wconf 90' lang='lat' dir='ltr'><strong>Dieit</strong></span> <span class='ocrx_word' id='word_1_369' title='bbox 973 2889 1084 2973; x_wconf 88' lang='lat' dir='ltr'><strong>igitur,</strong></span> <span class='ocrx_word' id='word_1_370' title='bbox 1107 2890 1177 2953; x_wconf 78' lang='lat' dir='ltr'><strong>Aa·</strong></span> <span class='ocrx_word' id='word_1_371' title='bbox 1229 2887 1367 2953; x_wconf 87' lang='lat' dir='ltr'><strong>verbum</strong></span> <span class='ocrx_word' id='word_1_372' title='bbox 1395 2890 1575 2954; x_wconf 80' lang='lat' dir='ltr'><strong>restrictius</strong></span> <span class='ocrx_word' id='word_1_373' title='bbox 1605 2899 1655 2954; x_wconf 89' lang='lat' dir='ltr'><strong>eet</strong></span> <span class='ocrx_word' id='word_1_374' title='bbox 1683 2889 1769 2972; x_wconf 89' lang='lat' dir='ltr'><strong>apud</strong></span> <span class='ocrx_word' id='word_1_375' title='bbox 1798 2889 1953 2954; x_wconf 87' lang='lat' dir='ltr'><strong>Latinos:</strong></span> <span class='ocrx_word' id='word_1_376' title='bbox 1987 2891 2044 2956; x_wconf 90' lang='lat' dir='ltr'><strong>sed</strong></span> <span class='ocrx_word' id='word_1_377' title='bbox 2074 2893 2204 2976; x_wconf 92' lang='lat' dir='ltr'><strong>proprie</strong></span> 
     </span>
     <span class='ocr_line' id='line_1_29' title="bbox 201 2972 2204 3059; baseline 0.001 -18"><span class='ocrx_word' id='word_1_378' title='bbox 201 2975 314 3042; x_wconf 74' lang='lat' dir='ltr'><strong>diotdo</strong></span> <span class='ocrx_word' id='word_1_379' title='bbox 345 2975 457 3042; x_wconf 80' lang='lat' dir='ltr'><strong>audivi</strong></span> <span class='ocrx_word' id='word_1_380' title='bbox 491 2972 659 3055; x_wconf 77' lang='lat' dir='ltr'><strong>Ephraim.</strong></span> <span class='ocrx_word' id='word_1_381' title='bbox 714 2974 788 3039; x_wconf 89' lang='lat' dir='ltr'><strong>Hoo</strong></span> <span class='ocrx_word' id='word_1_382' title='bbox 819 2976 1027 3058; x_wconf 90' lang='lat' dir='ltr'><strong>partieipium</strong></span> <span class='ocrx_word' id='word_1_383' title='bbox 1058 2987 1176 3042; x_wconf 62' lang='lat' dir='ltr'><strong>attint</strong></span> <span class='ocrx_word' id='word_1_384' title='bbox 1229 2985 1286 3041; x_wconf 64' lang='lat' dir='ltr'><strong>tot</strong></span> <span class='ocrx_word' id='word_1_385' title='bbox 1316 2975 1478 3058; x_wconf 85' lang='lat' dir='ltr'><strong>signifieat</strong></span> <span class='ocrx_word' id='word_1_386' title='bbox 1510 2973 1655 3041; x_wconf 91' lang='lat' dir='ltr'><strong>erudire:</strong></span> <span class='ocrx_word' id='word_1_387' title='bbox 1688 2993 1786 3057; x_wconf 88' lang='lat' dir='ltr'><strong>saepe</strong></span> <span class='ocrx_word' id='word_1_388' title='bbox 1818 2985 1929 3040; x_wconf 90' lang='lat' dir='ltr'><strong>tamen</strong></span> <span class='ocrx_word' id='word_1_389' title='bbox 1958 2976 2117 3059; x_wconf 85' lang='lat' dir='ltr'><strong>aooipitnr</strong></span> <span class='ocrx_word' id='word_1_390' title='bbox 2144 2998 2204 3059; x_wconf 92' lang='lat' dir='ltr'><strong>pro</strong></span> 
     </span>
     <span class='ocr_line' id='line_1_30' title="bbox 201 3058 2205 3143; baseline 0.001 -18"><span class='ocrx_word' id='word_1_391' title='bbox 201 3060 374 3128; x_wconf 89' lang='lat' dir='ltr'><strong>deduoitur</strong></span> <span class='ocrx_word' id='word_1_392' title='bbox 395 3059 448 3127; x_wconf 82' lang='lat' dir='ltr'><strong>vel</strong></span> <span class='ocrx_word' id='word_1_393' title='bbox 472 3081 491 3126; x_wconf 89' lang='lat' dir='ltr'><strong>a</strong></span> <span class='ocrx_word' id='word_1_394' title='bbox 511 3072 568 3143; x_wconf 61' lang='lat' dir='ltr'><strong>all,</strong></span> <span class='ocrx_word' id='word_1_395' title='bbox 590 3061 644 3125; x_wconf 83' lang='lat' dir='ltr'><strong>rel</strong></span> <span class='ocrx_word' id='word_1_396' title='bbox 667 3071 774 3138; x_wconf 60' lang='lat' dir='ltr'><strong>aaut,</strong></span> <span class='ocrx_word' id='word_1_397' title='bbox 796 3070 847 3125; x_wconf 90' lang='lat' dir='ltr'><strong>est</strong></span> <span class='ocrx_word' id='word_1_398' title='bbox 869 3061 902 3124; x_wconf 94' lang='lat' dir='ltr'><strong>in</strong></span> <span class='ocrx_word' id='word_1_399' title='bbox 921 3058 1099 3142; x_wconf 87' lang='lat' dir='ltr'><strong>Hithpael:</strong></span> <span class='ocrx_word' id='word_1_400' title='bbox 1121 3060 1176 3124; x_wconf 91' lang='lat' dir='ltr'><strong>sed</strong></span> <span class='ocrx_word' id='word_1_401' title='bbox 1230 3061 1405 3143; x_wconf 89' lang='lat' dir='ltr'><strong>eastigere,</strong></span> <span class='ocrx_word' id='word_1_402' title='bbox 1441 3060 1517 3143; x_wconf 90' lang='lat' dir='ltr'><strong>quia</strong></span> <span class='ocrx_word' id='word_1_403' title='bbox 1548 3058 1606 3124; x_wconf 93' lang='lat' dir='ltr'><strong>illa</strong></span> <span class='ocrx_word' id='word_1_404' title='bbox 1639 3067 1689 3126; x_wconf 92' lang='lat' dir='ltr'><strong>est</strong></span> <span class='ocrx_word' id='word_1_405' title='bbox 1722 3061 1845 3143; x_wconf 90' lang='lat' dir='ltr'><strong>speeies</strong></span> <span class='ocrx_word' id='word_1_406' title='bbox 1878 3061 2059 3126; x_wconf 89' lang='lat' dir='ltr'><strong>erudiendi.</strong></span> <span class='ocrx_word' id='word_1_407' title='bbox 2113 3062 2205 3129; x_wconf 89' lang='lat' dir='ltr'><strong>Diuit</strong></span> 
     </span>
     <span class='ocr_line' id='line_1_31' title="bbox 201 3144 2204 3231; baseline 0.001 -20"><span class='ocrx_word' id='word_1_408' title='bbox 201 3157 335 3212; x_wconf 84' lang='lat' dir='ltr'><strong>vertunt</strong></span> <span class='ocrx_word' id='word_1_409' title='bbox 357 3145 549 3229; x_wconf 78' lang='lat' dir='ltr'><strong>simpliciter</strong></span> <span class='ocrx_word' id='word_1_410' title='bbox 571 3146 626 3209; x_wconf 88' lang='lat' dir='ltr'><strong>elii</strong></span> <span class='ocrx_word' id='word_1_411' title='bbox 648 3146 949 3228; x_wconf 87' lang='lat' dir='ltr'><strong>transmigrantem,</strong></span> <span class='ocrx_word' id='word_1_412' title='bbox 976 3145 1032 3210; x_wconf 90' lang='lat' dir='ltr'><strong>alii</strong></span> <span class='ocrx_word' id='word_1_413' title='bbox 1054 3145 1177 3210; x_wconf 90' lang='lat' dir='ltr'><strong>lamen·</strong></span> <span class='ocrx_word' id='word_1_414' title='bbox 1230 3164 1308 3228; x_wconf 90' lang='lat' dir='ltr'><strong>ergo</strong></span> <span class='ocrx_word' id='word_1_415' title='bbox 1329 3144 1459 3211; x_wconf 81' lang='lat' dir='ltr'><strong>diverso</strong></span> <span class='ocrx_word' id='word_1_416' title='bbox 1482 3165 1580 3211; x_wconf 89' lang='lat' dir='ltr'><strong>sensu</strong></span> <span class='ocrx_word' id='word_1_417' title='bbox 1602 3165 1638 3210; x_wconf 87' lang='lat' dir='ltr'><strong>sa</strong></span> <span class='ocrx_word' id='word_1_418' title='bbox 1658 3146 1757 3211; x_wconf 88' lang='lat' dir='ltr'><strong>inisse</strong></span> <span class='ocrx_word' id='word_1_419' title='bbox 1775 3146 1980 3229; x_wconf 78' lang='lat' dir='ltr'><strong>castigatum,</strong></span> <span class='ocrx_word' id='word_1_420' title='bbox 2003 3147 2080 3229; x_wconf 90' lang='lat' dir='ltr'><strong>quie</strong></span> <span class='ocrx_word' id='word_1_421' title='bbox 2094 3149 2204 3231; x_wconf 88' lang='lat' dir='ltr'><strong>priore</strong></span> 
     </span>
     <span class='ocr_line' id='line_1_32' title="bbox 200 3230 2203 3315; baseline 0.001 -19"><span class='ocrx_word' id='word_1_422' title='bbox 200 3242 337 3298; x_wconf 90' lang='lat' dir='ltr'><strong>tantem.</strong></span> <span class='ocrx_word' id='word_1_423' title='bbox 370 3231 457 3298; x_wconf 89' lang='lat' dir='ltr'><strong>Nam</strong></span> <span class='ocrx_word' id='word_1_424' title='bbox 472 3243 519 3300; x_wconf 74' lang='lat' dir='ltr'><strong>&#39;lli</strong></span> <span class='ocrx_word' id='word_1_425' title='bbox 535 3231 698 3315; x_wconf 85' lang='lat' dir='ltr'><strong>signifieat</strong></span> <span class='ocrx_word' id='word_1_426' title='bbox 720 3231 857 3313; x_wconf 74' lang='lat' dir='ltr'><strong>moueri,</strong></span> <span class='ocrx_word' id='word_1_427' title='bbox 879 3231 1042 3313; x_wconf 83' lang='lat' dir='ltr'><strong>signifieat</strong></span> <span class='ocrx_word' id='word_1_428' title='bbox 1057 3251 1178 3311; x_wconf 87' lang='lat' dir='ltr'><strong>errare,</strong></span> <span class='ocrx_word' id='word_1_429' title='bbox 1228 3230 1384 3308; x_wconf 92' lang='lat' dir='ltr'><strong>membro,</strong></span> <span class='ocrx_word' id='word_1_430' title='bbox 1408 3251 1510 3314; x_wconf 89' lang='lat' dir='ltr'><strong>quum</strong></span> <span class='ocrx_word' id='word_1_431' title='bbox 1533 3230 1611 3295; x_wconf 91' lang='lat' dir='ltr'><strong>dioit</strong></span> <span class='ocrx_word' id='word_1_432' title='bbox 1633 3232 1794 3314; x_wconf 75' lang='lat' dir='ltr'><strong>watipaati</strong></span> <span class='ocrx_word' id='word_1_433' title='bbox 1815 3251 1873 3311; x_wconf 79' lang='lat' dir='ltr'><strong>ote,</strong></span> <span class='ocrx_word' id='word_1_434' title='bbox 1894 3233 2025 3314; x_wconf 86' lang='lat' dir='ltr'><strong>proprie</strong></span> <span class='ocrx_word' id='word_1_435' title='bbox 2047 3231 2109 3298; x_wconf 89' lang='lat' dir='ltr'><strong>hoe</strong></span> <span class='ocrx_word' id='word_1_436' title='bbox 2171 3255 2203 3298; x_wconf 89' lang='lat' dir='ltr'><strong>r·</strong></span> 
     </span>
     <span class='ocr_line' id='line_1_33' title="bbox 200 3314 2204 3402; baseline 0 -20"><span class='ocrx_word' id='word_1_437' title='bbox 200 3328 235 3383; x_wconf 90' lang='lat' dir='ltr'><strong>et</strong></span> <span class='ocrx_word' id='word_1_438' title='bbox 265 3318 501 3402; x_wconf 80' lang='lat' dir='ltr'><strong>transmigrare</strong></span> <span class='ocrx_word' id='word_1_439' title='bbox 529 3337 548 3380; x_wconf 91' lang='lat' dir='ltr'><strong>e</strong></span> <span class='ocrx_word' id='word_1_440' title='bbox 576 3316 646 3382; x_wconf 88' lang='lat' dir='ltr'><strong>loeo</strong></span> <span class='ocrx_word' id='word_1_441' title='bbox 672 3318 707 3380; x_wconf 93' lang='lat' dir='ltr'><strong>in</strong></span> <span class='ocrx_word' id='word_1_442' title='bbox 734 3315 856 3381; x_wconf 88' lang='lat' dir='ltr'><strong>loeum:</strong></span> <span class='ocrx_word' id='word_1_443' title='bbox 886 3317 1049 3400; x_wconf 87' lang='lat' dir='ltr'><strong>signifieat</strong></span> <span class='ocrx_word' id='word_1_444' title='bbox 1078 3317 1176 3381; x_wconf 89' lang='lat' dir='ltr'><strong>etiam</strong></span> <span class='ocrx_word' id='word_1_445' title='bbox 1230 3315 1314 3380; x_wconf 90' lang='lat' dir='ltr'><strong>tinet</strong></span> <span class='ocrx_word' id='word_1_446' title='bbox 1336 3314 1378 3380; x_wconf 91' lang='lat' dir='ltr'><strong>ad</strong></span> <span class='ocrx_word' id='word_1_447' title='bbox 1399 3335 1527 3399; x_wconf 86' lang='lat' dir='ltr'><strong>poenes,</strong></span> <span class='ocrx_word' id='word_1_448' title='bbox 1550 3315 1669 3398; x_wconf 90' lang='lat' dir='ltr'><strong>quibus</strong></span> <span class='ocrx_word' id='word_1_449' title='bbox 1683 3314 1776 3382; x_wconf 86' lang='lat' dir='ltr'><strong>Deua</strong></span> <span class='ocrx_word' id='word_1_450' title='bbox 1798 3316 2030 3383; x_wconf 84' lang='lat' dir='ltr'><strong>humiliaverat</strong></span> <span class='ocrx_word' id='word_1_451' title='bbox 2043 3338 2132 3401; x_wconf 87' lang='lat' dir='ltr'><strong>popu</strong></span> <span class='ocrx_word' id='word_1_452' title='bbox 2148 3340 2204 3384; x_wconf 91' lang='lat' dir='ltr'><strong>um</strong></span> 
     </span>
     <span class='ocr_line' id='line_1_34' title="bbox 199 3398 2206 3486; baseline 0.001 -19"><span class='ocrx_word' id='word_1_453' title='bbox 199 3403 366 3470; x_wconf 91' lang='lat' dir='ltr'><strong>interdum</strong></span> <span class='ocrx_word' id='word_1_454' title='bbox 389 3402 554 3486; x_wconf 90' lang='lat' dir='ltr'><strong>oouqueri,</strong></span> <span class='ocrx_word' id='word_1_455' title='bbox 577 3402 630 3466; x_wconf 86' lang='lat' dir='ltr'><strong>vel</strong></span> <span class='ocrx_word' id='word_1_456' title='bbox 652 3401 775 3466; x_wconf 79' lang='lat' dir='ltr'><strong>reterre</strong></span> <span class='ocrx_word' id='word_1_457' title='bbox 796 3421 850 3466; x_wconf 91' lang='lat' dir='ltr'><strong>res</strong></span> <span class='ocrx_word' id='word_1_458' title='bbox 872 3400 1044 3467; x_wconf 85' lang='lat' dir='ltr'><strong>adversas:</strong></span> <span class='ocrx_word' id='word_1_459' title='bbox 1074 3421 1177 3484; x_wconf 92' lang='lat' dir='ltr'><strong>quan·</strong></span> <span class='ocrx_word' id='word_1_460' title='bbox 1230 3421 1335 3466; x_wconf 89' lang='lat' dir='ltr'><strong>suum.</strong></span> <span class='ocrx_word' id='word_1_461' title='bbox 1371 3398 1541 3486; x_wconf 80' lang='lat' dir='ltr'><strong>Oostipesti</strong></span> <span class='ocrx_word' id='word_1_462' title='bbox 1562 3403 1664 3486; x_wconf 85' lang='lat' dir='ltr'><strong>igitur</strong></span> <span class='ocrx_word' id='word_1_463' title='bbox 1684 3422 1733 3466; x_wconf 85' lang='lat' dir='ltr'><strong>me</strong></span> <span class='ocrx_word' id='word_1_464' title='bbox 1753 3401 1898 3485; x_wconf 77' lang='lat' dir='ltr'><strong>Domine,</strong></span> <span class='ocrx_word' id='word_1_465' title='bbox 1922 3402 2039 3468; x_wconf 91' lang='lat' dir='ltr'><strong>deinde</strong></span> <span class='ocrx_word' id='word_1_466' title='bbox 2062 3403 2206 3469; x_wconf 72' lang='lat' dir='ltr'><strong>meditere</strong></span> 
     </span>
     <span class='ocr_line' id='line_1_35' title="bbox 200 3484 2204 3572; baseline 0 -18"><span class='ocrx_word' id='word_1_467' title='bbox 200 3509 299 3572; x_wconf 90' lang='lat' dir='ltr'><strong>quam</strong></span> <span class='ocrx_word' id='word_1_468' title='bbox 329 3507 425 3571; x_wconf 89' lang='lat' dir='ltr'><strong>saepe</strong></span> <span class='ocrx_word' id='word_1_469' title='bbox 451 3488 592 3553; x_wconf 77' lang='lat' dir='ltr'><strong>retertur</strong></span> <span class='ocrx_word' id='word_1_470' title='bbox 622 3484 662 3551; x_wconf 89' lang='lat' dir='ltr'><strong>ad</strong></span> <span class='ocrx_word' id='word_1_471' title='bbox 687 3507 743 3552; x_wconf 89' lang='lat' dir='ltr'><strong>eos</strong></span> <span class='ocrx_word' id='word_1_472' title='bbox 764 3486 881 3570; x_wconf 87' lang='lat' dir='ltr'><strong>quibua</strong></span> <span class='ocrx_word' id='word_1_473' title='bbox 903 3487 1106 3570; x_wconf 89' lang='lat' dir='ltr'><strong>propositum</strong></span> <span class='ocrx_word' id='word_1_474' title='bbox 1129 3495 1178 3551; x_wconf 90' lang='lat' dir='ltr'><strong>est</strong></span> <span class='ocrx_word' id='word_1_475' title='bbox 1228 3487 1294 3569; x_wconf 74' lang='lat' dir='ltr'><strong>fui,</strong></span> <span class='ocrx_word' id='word_1_476' title='bbox 1327 3487 1390 3552; x_wconf 89' lang='lat' dir='ltr'><strong>hoe</strong></span> <span class='ocrx_word' id='word_1_477' title='bbox 1421 3497 1486 3566; x_wconf 90' lang='lat' dir='ltr'><strong>est,</strong></span> <span class='ocrx_word' id='word_1_478' title='bbox 1519 3487 1641 3570; x_wconf 90' lang='lat' dir='ltr'><strong>inoipio</strong></span> <span class='ocrx_word' id='word_1_479' title='bbox 1675 3507 1763 3552; x_wconf 90' lang='lat' dir='ltr'><strong>nuno</strong></span> <span class='ocrx_word' id='word_1_480' title='bbox 1797 3486 1927 3552; x_wconf 91' lang='lat' dir='ltr'><strong>demum</strong></span> <span class='ocrx_word' id='word_1_481' title='bbox 1960 3507 2091 3570; x_wconf 89' lang='lat' dir='ltr'><strong>sapere:</strong></span> <span class='ocrx_word' id='word_1_482' title='bbox 2125 3508 2204 3554; x_wconf 92' lang='lat' dir='ltr'><strong>nam</strong></span> 
     </span>
     <span class='ocr_line' id='line_1_36' title="bbox 200 3570 2205 3656; baseline 0 -16"><span class='ocrx_word' id='word_1_483' title='bbox 200 3574 299 3640; x_wconf 84' lang='lat' dir='ltr'><strong>solari</strong></span> <span class='ocrx_word' id='word_1_484' title='bbox 328 3575 466 3640; x_wconf 88' lang='lat' dir='ltr'><strong>miseros</strong></span> <span class='ocrx_word' id='word_1_485' title='bbox 496 3581 531 3638; x_wconf 90' lang='lat' dir='ltr'><strong>et</strong></span> <span class='ocrx_word' id='word_1_486' title='bbox 558 3572 718 3655; x_wconf 90' lang='lat' dir='ltr'><strong>lugentes.</strong></span> <span class='ocrx_word' id='word_1_487' title='bbox 762 3570 800 3638; x_wconf 79' lang='lat' dir='ltr'><strong>si</strong></span> <span class='ocrx_word' id='word_1_488' title='bbox 831 3571 904 3653; x_wconf 90' lang='lat' dir='ltr'><strong>quis</strong></span> <span class='ocrx_word' id='word_1_489' title='bbox 926 3572 1032 3656; x_wconf 85' lang='lat' dir='ltr'><strong>magia</strong></span> <span class='ocrx_word' id='word_1_490' title='bbox 1053 3572 1178 3654; x_wconf 91' lang='lat' dir='ltr'><strong>probet,</strong></span> <span class='ocrx_word' id='word_1_491' title='bbox 1230 3571 1311 3637; x_wconf 89' lang='lat' dir='ltr'><strong>haee</strong></span> <span class='ocrx_word' id='word_1_492' title='bbox 1325 3584 1376 3639; x_wconf 90' lang='lat' dir='ltr'><strong>est</strong></span> <span class='ocrx_word' id='word_1_493' title='bbox 1391 3572 1552 3656; x_wconf 90' lang='lat' dir='ltr'><strong>sapientia</strong></span> <span class='ocrx_word' id='word_1_494' title='bbox 1566 3573 1753 3650; x_wconf 89' lang='lat' dir='ltr'><strong>stultorum,</strong></span> <span class='ocrx_word' id='word_1_495' title='bbox 1776 3572 1891 3637; x_wconf 89' lang='lat' dir='ltr'><strong>saltem</strong></span> <span class='ocrx_word' id='word_1_496' title='bbox 1909 3592 1974 3637; x_wconf 92' lang='lat' dir='ltr'><strong>nou</strong></span> <span class='ocrx_word' id='word_1_497' title='bbox 1990 3571 2205 3640; x_wconf 73' lang='lat' dir='ltr'><strong>obdurescere</strong></span> 
     </span>
     <span class='ocr_line' id='line_1_37' title="bbox 200 3656 2206 3742; baseline 0 -18"><span class='ocrx_word' id='word_1_498' title='bbox 200 3657 325 3724; x_wconf 84' lang='lat' dir='ltr'><strong>Audivi</strong></span> <span class='ocrx_word' id='word_1_499' title='bbox 343 3658 505 3742; x_wconf 81' lang='lat' dir='ltr'><strong>Ephraim</strong></span> <span class='ocrx_word' id='word_1_500' title='bbox 527 3657 773 3734; x_wconf 86' lang='lat' dir='ltr'><strong>lamentantem,</strong></span> <span class='ocrx_word' id='word_1_501' title='bbox 797 3677 863 3721; x_wconf 91' lang='lat' dir='ltr'><strong>non</strong></span> <span class='ocrx_word' id='word_1_502' title='bbox 886 3657 1055 3723; x_wconf 84' lang='lat' dir='ltr'><strong>oontendo.</strong></span> <span class='ocrx_word' id='word_1_503' title='bbox 1092 3658 1178 3722; x_wconf 90' lang='lat' dir='ltr'><strong>Nam</strong></span> <span class='ocrx_word' id='word_1_504' title='bbox 1230 3656 1271 3720; x_wconf 91' lang='lat' dir='ltr'><strong>ed</strong></span> <span class='ocrx_word' id='word_1_505' title='bbox 1294 3657 1420 3740; x_wconf 85' lang='lat' dir='ltr'><strong>plagas:</strong></span> <span class='ocrx_word' id='word_1_506' title='bbox 1445 3659 1499 3741; x_wconf 92' lang='lat' dir='ltr'><strong>qui</strong></span> <span class='ocrx_word' id='word_1_507' title='bbox 1522 3671 1630 3722; x_wconf 91' lang='lat' dir='ltr'><strong>autem</strong></span> <span class='ocrx_word' id='word_1_508' title='bbox 1654 3657 1884 3736; x_wconf 73' lang='lat' dir='ltr'><strong>obdurescunt,</strong></span> <span class='ocrx_word' id='word_1_509' title='bbox 1906 3657 1956 3720; x_wconf 92' lang='lat' dir='ltr'><strong>illi</strong></span> <span class='ocrx_word' id='word_1_510' title='bbox 1978 3667 2057 3723; x_wconf 90' lang='lat' dir='ltr'><strong>sunt</strong></span> <span class='ocrx_word' id='word_1_511' title='bbox 2071 3679 2206 3741; x_wconf 84' lang='lat' dir='ltr'><strong>prorsus</strong></span> 
     </span>
     <span class='ocr_line' id='line_1_38' title="bbox 200 3740 2206 3827; baseline 0 -18"><span class='ocrx_word' id='word_1_512' title='bbox 200 3764 317 3811; x_wconf 89' lang='lat' dir='ltr'><strong>sensus</strong></span> <span class='ocrx_word' id='word_1_513' title='bbox 346 3745 403 3809; x_wconf 90' lang='lat' dir='ltr'><strong>ille</strong></span> <span class='ocrx_word' id='word_1_514' title='bbox 430 3745 511 3810; x_wconf 91' lang='lat' dir='ltr'><strong>satis</strong></span> <span class='ocrx_word' id='word_1_515' title='bbox 541 3751 593 3808; x_wconf 89' lang='lat' dir='ltr'><strong>est</strong></span> <span class='ocrx_word' id='word_1_516' title='bbox 618 3743 803 3825; x_wconf 85' lang='lat' dir='ltr'><strong>probabilis.</strong></span> <span class='ocrx_word' id='word_1_517' title='bbox 850 3740 917 3808; x_wconf 82' lang='lat' dir='ltr'><strong>Sed</strong></span> <span class='ocrx_word' id='word_1_518' title='bbox 946 3751 1054 3826; x_wconf 90' lang='lat' dir='ltr'><strong>potest</strong></span> <span class='ocrx_word' id='word_1_519' title='bbox 1078 3743 1177 3808; x_wconf 89' lang='lat' dir='ltr'><strong>etiam</strong></span> <span class='ocrx_word' id='word_1_520' title='bbox 1231 3741 1401 3825; x_wconf 88' lang='lat' dir='ltr'><strong>desperati.</strong></span> <span class='ocrx_word' id='word_1_521' title='bbox 1436 3742 1522 3808; x_wconf 92' lang='lat' dir='ltr'><strong>Illud</strong></span> <span class='ocrx_word' id='word_1_522' title='bbox 1545 3753 1595 3809; x_wconf 88' lang='lat' dir='ltr'><strong>est</strong></span> <span class='ocrx_word' id='word_1_523' title='bbox 1612 3753 1710 3826; x_wconf 90' lang='lat' dir='ltr'><strong>eaput</strong></span> <span class='ocrx_word' id='word_1_524' title='bbox 1727 3742 1915 3825; x_wconf 88' lang='lat' dir='ltr'><strong>sapientiae,</strong></span> <span class='ocrx_word' id='word_1_525' title='bbox 1938 3755 2115 3826; x_wconf 85' lang='lat' dir='ltr'><strong>agnoeoere</strong></span> <span class='ocrx_word' id='word_1_526' title='bbox 2130 3743 2206 3827; x_wconf 90' lang='lat' dir='ltr'><strong>quid</strong></span> 
     </span>
     <span class='ocr_line' id='line_1_39' title="bbox 200 3828 2206 3912; baseline 0.001 -19"><span class='ocrx_word' id='word_1_527' title='bbox 200 3837 268 3895; x_wconf 90' lang='lat' dir='ltr'><strong>tam</strong></span> <span class='ocrx_word' id='word_1_528' title='bbox 299 3843 387 3898; x_wconf 65' lang='lat' dir='ltr'><strong>atta</strong></span> <span class='ocrx_word' id='word_1_529' title='bbox 414 3849 512 3912; x_wconf 89' lang='lat' dir='ltr'><strong>quam</strong></span> <span class='ocrx_word' id='word_1_530' title='bbox 543 3841 640 3895; x_wconf 71' lang='grc' dir='ltr'>ιτιι</span> <span class='ocrx_word' id='word_1_531' title='bbox 663 3830 711 3894; x_wconf 87' lang='lat' dir='ltr'><strong>sio</strong></span> <span class='ocrx_word' id='word_1_532' title='bbox 741 3828 857 3894; x_wconf 79' lang='lat' dir='ltr'><strong>deduci</strong></span> <span class='ocrx_word' id='word_1_533' title='bbox 887 3837 924 3893; x_wconf 92' lang='lat' dir='ltr'><strong>ut</strong></span> <span class='ocrx_word' id='word_1_534' title='bbox 952 3830 1075 3911; x_wconf 90' lang='lat' dir='ltr'><strong>optime</strong></span> <span class='ocrx_word' id='word_1_535' title='bbox 1104 3847 1178 3894; x_wconf 89' lang='lat' dir='ltr'><strong>eon·</strong></span> <span class='ocrx_word' id='word_1_536' title='bbox 1230 3837 1356 3893; x_wconf 82' lang='lat' dir='ltr'><strong>reatum</strong></span> <span class='ocrx_word' id='word_1_537' title='bbox 1379 3828 1423 3893; x_wconf 86' lang='lat' dir='ltr'><strong>eit</strong></span> <span class='ocrx_word' id='word_1_538' title='bbox 1445 3849 1482 3894; x_wconf 91' lang='lat' dir='ltr'><strong>ae</strong></span> <span class='ocrx_word' id='word_1_539' title='bbox 1503 3839 1617 3911; x_wconf 90' lang='lat' dir='ltr'><strong>sponte</strong></span> <span class='ocrx_word' id='word_1_540' title='bbox 1639 3830 1740 3912; x_wconf 90' lang='lat' dir='ltr'><strong>sequi.</strong></span> <span class='ocrx_word' id='word_1_541' title='bbox 1773 3830 1874 3911; x_wconf 82' lang='lat' dir='ltr'><strong>Atqui</strong></span> <span class='ocrx_word' id='word_1_542' title='bbox 1897 3828 1962 3893; x_wconf 92' lang='lat' dir='ltr'><strong>nisi</strong></span> <span class='ocrx_word' id='word_1_543' title='bbox 1979 3839 2095 3912; x_wconf 90' lang='lat' dir='ltr'><strong>sponte</strong></span> <span class='ocrx_word' id='word_1_544' title='bbox 2113 3830 2206 3895; x_wconf 89' lang='lat' dir='ltr'><strong>nobis</strong></span> 
     </span>
     <span class='ocr_line' id='line_1_40' title="bbox 200 3912 2206 3997; baseline -0.001 -16"><span class='ocrx_word' id='word_1_545' title='bbox 200 3917 312 3981; x_wconf 85' lang='lat' dir='ltr'><strong>veniat</strong></span> <span class='ocrx_word' id='word_1_546' title='bbox 338 3934 455 3980; x_wconf 86' lang='lat' dir='ltr'><strong>sensus</strong></span> <span class='ocrx_word' id='word_1_547' title='bbox 483 3915 555 3994; x_wconf 84' lang='lat' dir='ltr'><strong>iate,</strong></span> <span class='ocrx_word' id='word_1_548' title='bbox 584 3914 764 3996; x_wconf 87' lang='lat' dir='ltr'><strong>Postquam</strong></span> <span class='ocrx_word' id='word_1_549' title='bbox 786 3912 944 3996; x_wconf 79' lang='lat' dir='ltr'><strong>Ephraim</strong></span> <span class='ocrx_word' id='word_1_550' title='bbox 968 3915 1003 3979; x_wconf 91' lang='lat' dir='ltr'><strong>iu</strong></span> <span class='ocrx_word' id='word_1_551' title='bbox 1026 3913 1177 3978; x_wconf 87' lang='lat' dir='ltr'><strong>exsilium</strong></span> <span class='ocrx_word' id='word_1_552' title='bbox 1230 3913 1449 3993; x_wconf 84' lang='lat' dir='ltr'><strong>eonsulimue,</strong></span> <span class='ocrx_word' id='word_1_553' title='bbox 1484 3921 1562 3980; x_wconf 89' lang='lat' dir='ltr'><strong>tuno</strong></span> <span class='ocrx_word' id='word_1_554' title='bbox 1594 3915 1685 3980; x_wconf 90' lang='lat' dir='ltr'><strong>Deus</strong></span> <span class='ocrx_word' id='word_1_555' title='bbox 1722 3933 1781 3979; x_wconf 89' lang='lat' dir='ltr'><strong>nos</strong></span> <span class='ocrx_word' id='word_1_556' title='bbox 1818 3914 1966 3997; x_wconf 84' lang='lat' dir='ltr'><strong>oaatigat.</strong></span> <span class='ocrx_word' id='word_1_557' title='bbox 2022 3913 2060 3980; x_wconf 82' lang='lat' dir='ltr'><strong>Si</strong></span> <span class='ocrx_word' id='word_1_558' title='bbox 2094 3926 2206 3979; x_wconf 88' lang='lat' dir='ltr'><strong>autem</strong></span> 
     </span>
     <span class='ocr_line' id='line_1_41' title="bbox 199 3997 2206 4082; baseline -0.001 -15"><span class='ocrx_word' id='word_1_559' title='bbox 199 4002 323 4067; x_wconf 80' lang='lat' dir='ltr'><strong>eieotue</strong></span> <span class='ocrx_word' id='word_1_560' title='bbox 344 4001 415 4077; x_wconf 83' lang='lat' dir='ltr'><strong>fuit,</strong></span> <span class='ocrx_word' id='word_1_561' title='bbox 445 3999 507 4066; x_wconf 90' lang='lat' dir='ltr'><strong>boo</strong></span> <span class='ocrx_word' id='word_1_562' title='bbox 529 4008 588 4077; x_wconf 87' lang='lat' dir='ltr'><strong>est,</strong></span> <span class='ocrx_word' id='word_1_563' title='bbox 610 4000 717 4065; x_wconf 87' lang='lat' dir='ltr'><strong>iaetus</strong></span> <span class='ocrx_word' id='word_1_564' title='bbox 739 4007 788 4064; x_wconf 87' lang='lat' dir='ltr'><strong>est</strong></span> <span class='ocrx_word' id='word_1_565' title='bbox 811 3999 1053 4082; x_wconf 86' lang='lat' dir='ltr'><strong>transmigrare,</strong></span> <span class='ocrx_word' id='word_1_566' title='bbox 1084 3997 1176 4063; x_wconf 91' lang='lat' dir='ltr'><strong>eiad</strong></span> <span class='ocrx_word' id='word_1_567' title='bbox 1231 4001 1335 4064; x_wconf 92' lang='lat' dir='ltr'><strong>morbi</strong></span> <span class='ocrx_word' id='word_1_568' title='bbox 1364 4001 1466 4064; x_wconf 89' lang='lat' dir='ltr'><strong>nostri</strong></span> <span class='ocrx_word' id='word_1_569' title='bbox 1497 4010 1575 4065; x_wconf 90' lang='lat' dir='ltr'><strong>sunt</strong></span> <span class='ocrx_word' id='word_1_570' title='bbox 1603 3998 1777 4077; x_wconf 88' lang='lat' dir='ltr'><strong>sanabiles,</strong></span> <span class='ocrx_word' id='word_1_571' title='bbox 1807 4003 1886 4064; x_wconf 91' lang='lat' dir='ltr'><strong>tuno</strong></span> <span class='ocrx_word' id='word_1_572' title='bbox 1915 4000 2136 4064; x_wconf 81' lang='lat' dir='ltr'><strong>convertimur</strong></span> <span class='ocrx_word' id='word_1_573' title='bbox 2163 3999 2206 4065; x_wconf 92' lang='lat' dir='ltr'><strong>ad</strong></span> 
     </span>
     <span class='ocr_line' id='line_1_42' title="bbox 199 4082 2204 4168; baseline -0.002 -15"><span class='ocrx_word' id='word_1_574' title='bbox 199 4087 338 4153; x_wconf 77' lang='lat' dir='ltr'><strong>verbum</strong></span> <span class='ocrx_word' id='word_1_575' title='bbox 360 4083 554 4151; x_wconf 86' lang='lat' dir='ltr'><strong>reddamus:</strong></span> <span class='ocrx_word' id='word_1_576' title='bbox 581 4085 643 4151; x_wconf 91' lang='lat' dir='ltr'><strong>hoe</strong></span> <span class='ocrx_word' id='word_1_577' title='bbox 665 4093 724 4163; x_wconf 88' lang='lat' dir='ltr'><strong>eet,</strong></span> <span class='ocrx_word' id='word_1_578' title='bbox 747 4092 917 4167; x_wconf 87' lang='lat' dir='ltr'><strong>postquam</strong></span> <span class='ocrx_word' id='word_1_579' title='bbox 941 4083 1032 4149; x_wconf 89' lang='lat' dir='ltr'><strong>Deus</strong></span> <span class='ocrx_word' id='word_1_580' title='bbox 1053 4084 1179 4166; x_wconf 92' lang='lat' dir='ltr'><strong>expulit</strong></span> <span class='ocrx_word' id='word_1_581' title='bbox 1231 4083 1350 4149; x_wconf 92' lang='lat' dir='ltr'><strong>Deum.</strong></span> <span class='ocrx_word' id='word_1_582' title='bbox 1377 4084 1520 4168; x_wconf 88' lang='lat' dir='ltr'><strong>Reprobi</strong></span> <span class='ocrx_word' id='word_1_583' title='bbox 1536 4093 1645 4150; x_wconf 91' lang='lat' dir='ltr'><strong>autem</strong></span> <span class='ocrx_word' id='word_1_584' title='bbox 1662 4082 1812 4150; x_wconf 90' lang='lat' dir='ltr'><strong>mordent</strong></span> <span class='ocrx_word' id='word_1_585' title='bbox 1826 4083 2029 4149; x_wconf 89' lang='lat' dir='ltr'><strong>etarrodunt</strong></span> <span class='ocrx_word' id='word_1_586' title='bbox 2043 4085 2204 4164; x_wconf 78' lang='lat' dir='ltr'><strong>fraenum,</strong></span> 
     </span>
     <span class='ocr_line' id='line_1_43' title="bbox 199 4166 2205 4254; baseline -0.001 -17"><span class='ocrx_word' id='word_1_587' title='bbox 199 4169 363 4254; x_wconf 89' lang='lat' dir='ltr'><strong>Ephraim</strong></span> <span class='ocrx_word' id='word_1_588' title='bbox 392 4171 426 4236; x_wconf 92' lang='lat' dir='ltr'><strong>in</strong></span> <span class='ocrx_word' id='word_1_589' title='bbox 457 4170 621 4247; x_wconf 90' lang='lat' dir='ltr'><strong>exsilium,</strong></span> <span class='ocrx_word' id='word_1_590' title='bbox 650 4169 685 4233; x_wconf 94' lang='lat' dir='ltr'><strong>id</strong></span> <span class='ocrx_word' id='word_1_591' title='bbox 714 4180 774 4252; x_wconf 90' lang='lat' dir='ltr'><strong>est,</strong></span> <span class='ocrx_word' id='word_1_592' title='bbox 801 4166 911 4234; x_wconf 91' lang='lat' dir='ltr'><strong>deoem</strong></span> <span class='ocrx_word' id='word_1_593' title='bbox 938 4170 1060 4236; x_wconf 89' lang='lat' dir='ltr'><strong>tribus:</strong></span> <span class='ocrx_word' id='word_1_594' title='bbox 1089 4180 1177 4252; x_wconf 91' lang='lat' dir='ltr'><strong>post·</strong></span> <span class='ocrx_word' id='word_1_595' title='bbox 1232 4182 1265 4235; x_wconf 90' lang='lat' dir='ltr'><strong>et</strong></span> <span class='ocrx_word' id='word_1_596' title='bbox 1293 4171 1461 4236; x_wconf 85' lang='lat' dir='ltr'><strong>laetantur</strong></span> <span class='ocrx_word' id='word_1_597' title='bbox 1490 4191 1566 4236; x_wconf 89' lang='lat' dir='ltr'><strong>oum</strong></span> <span class='ocrx_word' id='word_1_598' title='bbox 1595 4170 1659 4235; x_wconf 90' lang='lat' dir='ltr'><strong>Dei</strong></span> <span class='ocrx_word' id='word_1_599' title='bbox 1692 4167 1820 4234; x_wconf 81' lang='lat' dir='ltr'><strong>iudidio.</strong></span> <span class='ocrx_word' id='word_1_600' title='bbox 1866 4167 1933 4234; x_wconf 81' lang='lat' dir='ltr'><strong>Sed</strong></span> <span class='ocrx_word' id='word_1_601' title='bbox 1961 4169 2015 4234; x_wconf 90' lang='lat' dir='ltr'><strong>bio</strong></span> <span class='ocrx_word' id='word_1_602' title='bbox 2045 4169 2205 4252; x_wconf 90' lang='lat' dir='ltr'><strong>propheta</strong></span> 
     </span>
     <span class='ocr_line' id='line_1_44' title="bbox 200 4254 2205 4340; baseline -0.001 -18"><span class='ocrx_word' id='word_1_603' title='bbox 200 4277 300 4340; x_wconf 90' lang='lat' dir='ltr'><strong>quem</strong></span> <span class='ocrx_word' id='word_1_604' title='bbox 334 4277 413 4340; x_wconf 85' lang='lat' dir='ltr'><strong>ergo</strong></span> <span class='ocrx_word' id='word_1_605' title='bbox 442 4255 602 4339; x_wconf 87' lang='lat' dir='ltr'><strong>Ephraim</strong></span> <span class='ocrx_word' id='word_1_606' title='bbox 640 4256 688 4320; x_wconf 91' lang='lat' dir='ltr'><strong>ita</strong></span> <span class='ocrx_word' id='word_1_607' title='bbox 721 4255 984 4338; x_wconf 87' lang='lat' dir='ltr'><strong>transmigravit,</strong></span> <span class='ocrx_word' id='word_1_608' title='bbox 1024 4255 1087 4320; x_wconf 90' lang='lat' dir='ltr'><strong>hoe</strong></span> <span class='ocrx_word' id='word_1_609' title='bbox 1119 4263 1178 4332; x_wconf 88' lang='lat' dir='ltr'><strong>eat,</strong></span> <span class='ocrx_word' id='word_1_610' title='bbox 1231 4255 1363 4338; x_wconf 88' lang='lat' dir='ltr'><strong>respioit</strong></span> <span class='ocrx_word' id='word_1_611' title='bbox 1399 4256 1487 4321; x_wconf 91' lang='lat' dir='ltr'><strong>solos</strong></span> <span class='ocrx_word' id='word_1_612' title='bbox 1521 4255 1642 4320; x_wconf 88' lang='lat' dir='ltr'><strong>fideles.</strong></span> <span class='ocrx_word' id='word_1_613' title='bbox 1697 4255 1783 4320; x_wconf 87' lang='lat' dir='ltr'><strong>Nam</strong></span> <span class='ocrx_word' id='word_1_614' title='bbox 1820 4274 1943 4336; x_wconf 91' lang='lat' dir='ltr'><strong>poenae</strong></span> <span class='ocrx_word' id='word_1_615' title='bbox 1980 4274 2044 4319; x_wconf 94' lang='lat' dir='ltr'><strong>non</strong></span> <span class='ocrx_word' id='word_1_616' title='bbox 2083 4254 2205 4320; x_wconf 89' lang='lat' dir='ltr'><strong>habeut</strong></span> 
     </span>
     <span class='ocr_line' id='line_1_45' title="bbox 200 4338 2204 4424; baseline -0 -18"><span class='ocrx_word' id='word_1_617' title='bbox 200 4348 326 4409; x_wconf 87' lang='lat' dir='ltr'><strong>traotue</strong></span> <span class='ocrx_word' id='word_1_618' title='bbox 354 4351 405 4407; x_wconf 91' lang='lat' dir='ltr'><strong>est</strong></span> <span class='ocrx_word' id='word_1_619' title='bbox 433 4343 467 4406; x_wconf 91' lang='lat' dir='ltr'><strong>in</strong></span> <span class='ocrx_word' id='word_1_620' title='bbox 496 4341 660 4419; x_wconf 90' lang='lat' dir='ltr'><strong>exsilium,</strong></span> <span class='ocrx_word' id='word_1_621' title='bbox 690 4348 769 4406; x_wconf 89' lang='lat' dir='ltr'><strong>tuno</strong></span> <span class='ocrx_word' id='word_1_622' title='bbox 799 4340 902 4422; x_wconf 91' lang='lat' dir='ltr'><strong>ooepit</strong></span> <span class='ocrx_word' id='word_1_623' title='bbox 929 4339 1045 4423; x_wconf 88' lang='lat' dir='ltr'><strong>dieere,</strong></span> <span class='ocrx_word' id='word_1_624' title='bbox 1077 4338 1179 4406; x_wconf 79' lang='lat' dir='ltr'><strong>Gesti-</strong></span> <span class='ocrx_word' id='word_1_625' title='bbox 1231 4341 1369 4406; x_wconf 91' lang='lat' dir='ltr'><strong>eundem</strong></span> <span class='ocrx_word' id='word_1_626' title='bbox 1393 4361 1489 4407; x_wconf 91' lang='lat' dir='ltr'><strong>usum</strong></span> <span class='ocrx_word' id='word_1_627' title='bbox 1511 4341 1546 4404; x_wconf 92' lang='lat' dir='ltr'><strong>in</strong></span> <span class='ocrx_word' id='word_1_628' title='bbox 1568 4341 1717 4406; x_wconf 88' lang='lat' dir='ltr'><strong>omnibus</strong></span> <span class='ocrx_word' id='word_1_629' title='bbox 1739 4339 1975 4405; x_wconf 84' lang='lat' dir='ltr'><strong>indifferenter.</strong></span> <span class='ocrx_word' id='word_1_630' title='bbox 2021 4339 2112 4405; x_wconf 90' lang='lat' dir='ltr'><strong>Deus</strong></span> <span class='ocrx_word' id='word_1_631' title='bbox 2134 4343 2204 4424; x_wconf 91' lang='lat' dir='ltr'><strong>qui-</strong></span> 
     </span>
     <span class='ocr_line' id='line_1_46' title="bbox 197 4423 2205 4513; baseline -0.001 -20"><span class='ocrx_word' id='word_1_632' title='bbox 197 4429 284 4513; x_wconf 77' lang='lat' dir='ltr'><strong>poati</strong></span> <span class='ocrx_word' id='word_1_633' title='bbox 310 4445 368 4506; x_wconf 85' lang='lat' dir='ltr'><strong>me,</strong></span> <span class='ocrx_word' id='word_1_634' title='bbox 398 4431 426 4492; x_wconf 85' lang='lat' dir='ltr'><strong>et</strong></span> <span class='ocrx_word' id='word_1_635' title='bbox 453 4428 628 4509; x_wconf 73' lang='lat' dir='ltr'><strong>castigatae</strong></span> <span class='ocrx_word' id='word_1_636' title='bbox 645 4425 713 4507; x_wconf 77' lang='lat' dir='ltr'><strong>fui:</strong></span> <span class='ocrx_word' id='word_1_637' title='bbox 741 4445 828 4491; x_wconf 86' lang='lat' dir='ltr'><strong>eram</strong></span> <span class='ocrx_word' id='word_1_638' title='bbox 850 4426 930 4490; x_wconf 79' lang='lat' dir='ltr'><strong>enim</strong></span> <span class='ocrx_word' id='word_1_639' title='bbox 952 4426 1072 4493; x_wconf 70' lang='lat' dir='ltr'><strong>odaiae</strong></span> <span class='ocrx_word' id='word_1_640' title='bbox 1092 4427 1178 4491; x_wconf 73' lang='lat' dir='ltr'><strong>indo</strong></span> <span class='ocrx_word' id='word_1_641' title='bbox 1232 4426 1305 4492; x_wconf 90' lang='lat' dir='ltr'><strong>dem</strong></span> <span class='ocrx_word' id='word_1_642' title='bbox 1336 4425 1486 4491; x_wconf 90' lang='lat' dir='ltr'><strong>homines</strong></span> <span class='ocrx_word' id='word_1_643' title='bbox 1513 4426 1554 4492; x_wconf 90' lang='lat' dir='ltr'><strong>ad</strong></span> <span class='ocrx_word' id='word_1_644' title='bbox 1583 4425 1840 4508; x_wconf 76' lang='lat' dir='ltr'><strong>resipiscentiam</strong></span> <span class='ocrx_word' id='word_1_645' title='bbox 1873 4423 1985 4507; x_wconf 89' lang='lat' dir='ltr'><strong>poenis</strong></span> <span class='ocrx_word' id='word_1_646' title='bbox 2015 4434 2124 4503; x_wconf 86' lang='lat' dir='ltr'><strong>vooet,</strong></span> <span class='ocrx_word' id='word_1_647' title='bbox 2158 4425 2205 4490; x_wconf 89' lang='lat' dir='ltr'><strong>ita</strong></span> 
     </span>
     <span class='ocr_line' id='line_1_47' title="bbox 198 4508 2205 4596; baseline -0.002 -18"><span class='ocrx_word' id='word_1_648' title='bbox 198 4515 306 4578; x_wconf 64' lang='lat' dir='ltr'><strong>natta</strong></span> <span class='ocrx_word' id='word_1_649' title='bbox 351 4511 441 4595; x_wconf 74' lang='lat' dir='ltr'><strong>Ergo</strong></span> <span class='ocrx_word' id='word_1_650' title='bbox 469 4517 607 4577; x_wconf 74' lang='lat' dir='ltr'><strong>mavorte</strong></span> <span class='ocrx_word' id='word_1_651' title='bbox 635 4531 693 4594; x_wconf 83' lang='lat' dir='ltr'><strong>me,</strong></span> <span class='ocrx_word' id='word_1_652' title='bbox 720 4515 748 4576; x_wconf 86' lang='lat' dir='ltr'><strong>et</strong></span> <span class='ocrx_word' id='word_1_653' title='bbox 776 4516 946 4591; x_wconf 67' lang='lat' dir='ltr'><strong>convenae,</strong></span> <span class='ocrx_word' id='word_1_654' title='bbox 975 4513 1051 4594; x_wconf 78' lang='lat' dir='ltr'><strong>quio</strong></span> <span class='ocrx_word' id='word_1_655' title='bbox 1072 4517 1108 4577; x_wconf 81' lang='lat' dir='ltr'><strong>tu</strong></span> <span class='ocrx_word' id='word_1_656' title='bbox 1130 4512 1178 4577; x_wconf 88' lang='lat' dir='ltr'><strong>Ie·</strong></span> <span class='ocrx_word' id='word_1_657' title='bbox 1230 4521 1268 4576; x_wconf 90' lang='lat' dir='ltr'><strong>ut</strong></span> <span class='ocrx_word' id='word_1_658' title='bbox 1291 4510 1422 4596; x_wconf 90' lang='lat' dir='ltr'><strong>reprobi</strong></span> <span class='ocrx_word' id='word_1_659' title='bbox 1450 4509 1687 4578; x_wconf 89' lang='lat' dir='ltr'><strong>inexousabilee</strong></span> <span class='ocrx_word' id='word_1_660' title='bbox 1717 4509 1906 4593; x_wconf 88' lang='lat' dir='ltr'><strong>reddentur,</strong></span> <span class='ocrx_word' id='word_1_661' title='bbox 1936 4508 2014 4573; x_wconf 92' lang='lat' dir='ltr'><strong>dum</strong></span> <span class='ocrx_word' id='word_1_662' title='bbox 2037 4508 2205 4575; x_wconf 89' lang='lat' dir='ltr'><strong>obstinant</strong></span> 
     </span>
     <span class='ocr_line' id='line_1_48' title="bbox 200 4591 2204 4681; baseline -0.003 -16"><span class='ocrx_word' id='word_1_663' title='bbox 200 4597 559 4665; x_wconf 61' lang='lat' dir='ltr'><strong>immemoratus.</strong></span> <span class='ocrx_word' id='word_1_664' title='bbox 588 4595 663 4661; x_wconf 88' lang='lat' dir='ltr'><strong>Non</strong></span> <span class='ocrx_word' id='word_1_665' title='bbox 681 4597 814 4662; x_wconf 90' lang='lat' dir='ltr'><strong>dubium</strong></span> <span class='ocrx_word' id='word_1_666' title='bbox 828 4608 887 4679; x_wconf 88' lang='lat' dir='ltr'><strong>eet,</strong></span> <span class='ocrx_word' id='word_1_667' title='bbox 903 4595 1177 4678; x_wconf 91' lang='lat' dir='ltr'><strong>quemadmodum</strong></span> <span class='ocrx_word' id='word_1_668' title='bbox 1231 4597 1365 4676; x_wconf 88' lang='lat' dir='ltr'><strong>animos,</strong></span> <span class='ocrx_word' id='word_1_669' title='bbox 1398 4618 1459 4663; x_wconf 92' lang='lat' dir='ltr'><strong>neo</strong></span> <span class='ocrx_word' id='word_1_670' title='bbox 1487 4598 1664 4681; x_wconf 81' lang='lat' dir='ltr'><strong>proficiunt</strong></span> <span class='ocrx_word' id='word_1_671' title='bbox 1693 4596 1754 4661; x_wconf 90' lang='lat' dir='ltr'><strong>sub</strong></span> <span class='ocrx_word' id='word_1_672' title='bbox 1781 4595 1896 4660; x_wconf 86' lang='lat' dir='ltr'><strong>ierula.</strong></span> <span class='ocrx_word' id='word_1_673' title='bbox 1943 4591 2008 4658; x_wconf 86' lang='lat' dir='ltr'><strong>Sed</strong></span> <span class='ocrx_word' id='word_1_674' title='bbox 2031 4593 2204 4677; x_wconf 89' lang='lat' dir='ltr'><strong>peouliarie</strong></span> 
     </span>
     <span class='ocr_line' id='line_1_49' title="bbox 201 4679 2203 4766; baseline -0.003 -17"><span class='ocrx_word' id='word_1_675' title='bbox 201 4686 269 4750; x_wconf 92' lang='lat' dir='ltr'><strong>iam</strong></span> <span class='ocrx_word' id='word_1_676' title='bbox 297 4683 377 4762; x_wconf 85' lang='lat' dir='ltr'><strong>dixi,</strong></span> <span class='ocrx_word' id='word_1_677' title='bbox 407 4683 486 4766; x_wconf 88' lang='lat' dir='ltr'><strong>quin</strong></span> <span class='ocrx_word' id='word_1_678' title='bbox 514 4681 676 4765; x_wconf 91' lang='lat' dir='ltr'><strong>propheta</strong></span> <span class='ocrx_word' id='word_1_679' title='bbox 703 4682 758 4747; x_wconf 89' lang='lat' dir='ltr'><strong>hio</strong></span> <span class='ocrx_word' id='word_1_680' title='bbox 786 4681 868 4746; x_wconf 85' lang='lat' dir='ltr'><strong>velit</strong></span> <span class='ocrx_word' id='word_1_681' title='bbox 897 4701 1099 4765; x_wconf 89' lang='lat' dir='ltr'><strong>eompesoere</strong></span> <span class='ocrx_word' id='word_1_682' title='bbox 1124 4684 1177 4747; x_wconf 91' lang='lat' dir='ltr'><strong>ob·</strong></span> <span class='ocrx_word' id='word_1_683' title='bbox 1230 4692 1281 4748; x_wconf 90' lang='lat' dir='ltr'><strong>est</strong></span> <span class='ocrx_word' id='word_1_684' title='bbox 1311 4702 1390 4747; x_wconf 90' lang='lat' dir='ltr'><strong>usus</strong></span> <span class='ocrx_word' id='word_1_685' title='bbox 1422 4702 1601 4765; x_wconf 91' lang='lat' dir='ltr'><strong>poenarum</strong></span> <span class='ocrx_word' id='word_1_686' title='bbox 1635 4701 1714 4765; x_wconf 87' lang='lat' dir='ltr'><strong>erga</strong></span> <span class='ocrx_word' id='word_1_687' title='bbox 1746 4679 1872 4760; x_wconf 89' lang='lat' dir='ltr'><strong>fideles,</strong></span> <span class='ocrx_word' id='word_1_688' title='bbox 1906 4679 1983 4762; x_wconf 89' lang='lat' dir='ltr'><strong>quia</strong></span> <span class='ocrx_word' id='word_1_689' title='bbox 2012 4679 2103 4744; x_wconf 90' lang='lat' dir='ltr'><strong>Deus</strong></span> <span class='ocrx_word' id='word_1_690' title='bbox 2136 4699 2203 4744; x_wconf 94' lang='lat' dir='ltr'><strong>non</strong></span> 
     </span>
     <span class='ocr_line' id='line_1_50' title="bbox 201 4765 2204 4851; baseline -0.003 -16"><span class='ocrx_word' id='word_1_691' title='bbox 201 4781 367 4851; x_wconf 85' lang='lat' dir='ltr'><strong>streperas</strong></span> <span class='ocrx_word' id='word_1_692' title='bbox 396 4770 469 4834; x_wconf 92' lang='lat' dir='ltr'><strong>illas</strong></span> <span class='ocrx_word' id='word_1_693' title='bbox 491 4789 588 4834; x_wconf 77' lang='lat' dir='ltr'><strong>voees</strong></span> <span class='ocrx_word' id='word_1_694' title='bbox 611 4787 693 4850; x_wconf 89' lang='lat' dir='ltr'><strong>quae</strong></span> <span class='ocrx_word' id='word_1_695' title='bbox 715 4766 898 4832; x_wconf 83' lang='lat' dir='ltr'><strong>volitabant</strong></span> <span class='ocrx_word' id='word_1_696' title='bbox 919 4768 1006 4832; x_wconf 90' lang='lat' dir='ltr'><strong>inter</strong></span> <span class='ocrx_word' id='word_1_697' title='bbox 1027 4765 1176 4847; x_wconf 87' lang='lat' dir='ltr'><strong>ludaeos,</strong></span> <span class='ocrx_word' id='word_1_698' title='bbox 1231 4778 1360 4833; x_wconf 89' lang='lat' dir='ltr'><strong>tantum</strong></span> <span class='ocrx_word' id='word_1_699' title='bbox 1384 4768 1472 4850; x_wconf 91' lang='lat' dir='ltr'><strong>ipsos</strong></span> <span class='ocrx_word' id='word_1_700' title='bbox 1488 4768 1654 4843; x_wconf 73' lang='lat' dir='ltr'><strong>verberat.</strong></span> <span class='ocrx_word' id='word_1_701' title='bbox 1684 4765 1741 4832; x_wconf 92' lang='lat' dir='ltr'><strong>sed</strong></span> <span class='ocrx_word' id='word_1_702' title='bbox 1763 4765 1859 4831; x_wconf 90' lang='lat' dir='ltr'><strong>simul</strong></span> <span class='ocrx_word' id='word_1_703' title='bbox 1882 4766 1999 4848; x_wconf 90' lang='lat' dir='ltr'><strong>spiritu</strong></span> <span class='ocrx_word' id='word_1_704' title='bbox 2022 4783 2081 4828; x_wconf 90' lang='lat' dir='ltr'><strong>auo</strong></span> <span class='ocrx_word' id='word_1_705' title='bbox 2102 4765 2204 4829; x_wconf 89' lang='lat' dir='ltr'><strong>fleotit</strong></span> 
     </span>
     <span class='ocr_line' id='line_1_51' title="bbox 201 4850 2204 4940; baseline -0.004 -19"><span class='ocrx_word' id='word_1_706' title='bbox 201 4855 289 4940; x_wconf 91' lang='lat' dir='ltr'><strong>quod</strong></span> <span class='ocrx_word' id='word_1_707' title='bbox 306 4856 398 4921; x_wconf 90' lang='lat' dir='ltr'><strong>Deus</strong></span> <span class='ocrx_word' id='word_1_708' title='bbox 419 4855 557 4920; x_wconf 92' lang='lat' dir='ltr'><strong>nimium</strong></span> <span class='ocrx_word' id='word_1_709' title='bbox 580 4852 706 4937; x_wconf 88' lang='lat' dir='ltr'><strong>rigidus</strong></span> <span class='ocrx_word' id='word_1_710' title='bbox 727 4859 814 4919; x_wconf 90' lang='lat' dir='ltr'><strong>esset</strong></span> <span class='ocrx_word' id='word_1_711' title='bbox 829 4874 865 4918; x_wconf 88' lang='lat' dir='ltr'><strong>ao</strong></span> <span class='ocrx_word' id='word_1_712' title='bbox 881 4873 1024 4918; x_wconf 83' lang='lat' dir='ltr'><strong>severus.</strong></span> <span class='ocrx_word' id='word_1_713' title='bbox 1058 4851 1176 4918; x_wconf 91' lang='lat' dir='ltr'><strong>Osten-</strong></span> <span class='ocrx_word' id='word_1_714' title='bbox 1230 4873 1341 4918; x_wconf 92' lang='lat' dir='ltr'><strong>eorum</strong></span> <span class='ocrx_word' id='word_1_715' title='bbox 1365 4853 1492 4918; x_wconf 88' lang='lat' dir='ltr'><strong>animos</strong></span> <span class='ocrx_word' id='word_1_716' title='bbox 1514 4854 1553 4920; x_wconf 92' lang='lat' dir='ltr'><strong>ad</strong></span> <span class='ocrx_word' id='word_1_717' title='bbox 1578 4853 1787 4932; x_wconf 89' lang='lat' dir='ltr'><strong>doeilitatem,</strong></span> <span class='ocrx_word' id='word_1_718' title='bbox 1809 4856 1848 4915; x_wconf 91' lang='lat' dir='ltr'><strong>ut</strong></span> <span class='ocrx_word' id='word_1_719' title='bbox 1870 4850 2008 4914; x_wconf 86' lang='lat' dir='ltr'><strong>libenter</strong></span> <span class='ocrx_word' id='word_1_720' title='bbox 2030 4869 2064 4914; x_wconf 89' lang='lat' dir='ltr'><strong>se</strong></span> <span class='ocrx_word' id='word_1_721' title='bbox 2079 4851 2204 4932; x_wconf 91' lang='lat' dir='ltr'><strong>petian-</strong></span> 
     </span>
     <span class='ocr_line' id='line_1_52' title="bbox 201 4933 2202 5023; baseline -0.004 -17"><span class='ocrx_word' id='word_1_722' title='bbox 201 4941 252 5006; x_wconf 94' lang='lat' dir='ltr'><strong>dit</strong></span> <span class='ocrx_word' id='word_1_723' title='bbox 280 4960 346 5006; x_wconf 92' lang='lat' dir='ltr'><strong>non</strong></span> <span class='ocrx_word' id='word_1_724' title='bbox 376 4939 473 5005; x_wconf 89' lang='lat' dir='ltr'><strong>modo</strong></span> <span class='ocrx_word' id='word_1_725' title='bbox 503 4940 620 5022; x_wconf 87' lang='lat' dir='ltr'><strong>dignos</strong></span> <span class='ocrx_word' id='word_1_726' title='bbox 646 4957 716 5003; x_wconf 90' lang='lat' dir='ltr'><strong>esse</strong></span> <span class='ocrx_word' id='word_1_727' title='bbox 739 4939 944 5020; x_wconf 85' lang='lat' dir='ltr'><strong>gravissimis</strong></span> <span class='ocrx_word' id='word_1_728' title='bbox 965 4937 1031 5003; x_wconf 90' lang='lat' dir='ltr'><strong>illis</strong></span> <span class='ocrx_word' id='word_1_729' title='bbox 1052 4939 1176 5022; x_wconf 91' lang='lat' dir='ltr'><strong>poenis,</strong></span> <span class='ocrx_word' id='word_1_730' title='bbox 1229 4949 1283 5004; x_wconf 90' lang='lat' dir='ltr'><strong>tur</strong></span> <span class='ocrx_word' id='word_1_731' title='bbox 1315 4938 1356 5002; x_wconf 93' lang='lat' dir='ltr'><strong>ab</strong></span> <span class='ocrx_word' id='word_1_732' title='bbox 1388 4940 1459 5022; x_wconf 91' lang='lat' dir='ltr'><strong>ipso</strong></span> <span class='ocrx_word' id='word_1_733' title='bbox 1492 4941 1619 5023; x_wconf 86' lang='lat' dir='ltr'><strong>eorrigi.</strong></span> <span class='ocrx_word' id='word_1_734' title='bbox 1675 4936 1753 5003; x_wconf 92' lang='lat' dir='ltr'><strong>Ideo</strong></span> <span class='ocrx_word' id='word_1_735' title='bbox 1788 4936 1855 5001; x_wconf 92' lang='lat' dir='ltr'><strong>dixi</strong></span> <span class='ocrx_word' id='word_1_736' title='bbox 1889 4933 1973 5000; x_wconf 90' lang='lat' dir='ltr'><strong>hane</strong></span> <span class='ocrx_word' id='word_1_737' title='bbox 2006 4935 2202 4999; x_wconf 88' lang='lat' dir='ltr'><strong>sententiam</strong></span> 
     </span>
     <span class='ocr_line' id='line_1_53' title="bbox 202 5019 2204 5110; baseline -0.003 -19"><span class='ocrx_word' id='word_1_738' title='bbox 202 5047 287 5110; x_wconf 88' lang='lat' dir='ltr'><strong>quas</strong></span> <span class='ocrx_word' id='word_1_739' title='bbox 308 5027 527 5109; x_wconf 87' lang='lat' dir='ltr'><strong>patiebantur,</strong></span> <span class='ocrx_word' id='word_1_740' title='bbox 549 5025 606 5089; x_wconf 90' lang='lat' dir='ltr'><strong>sed</strong></span> <span class='ocrx_word' id='word_1_741' title='bbox 629 5025 690 5090; x_wconf 92' lang='lat' dir='ltr'><strong>hoo</strong></span> <span class='ocrx_word' id='word_1_742' title='bbox 713 5043 783 5088; x_wconf 88' lang='lat' dir='ltr'><strong>esse</strong></span> <span class='ocrx_word' id='word_1_743' title='bbox 805 5025 1031 5090; x_wconf 88' lang='lat' dir='ltr'><strong>testimonium</strong></span> <span class='ocrx_word' id='word_1_744' title='bbox 1052 5025 1178 5107; x_wconf 88' lang='lat' dir='ltr'><strong>gratiae</strong></span> <span class='ocrx_word' id='word_1_745' title='bbox 1229 5024 1359 5108; x_wconf 93' lang='lat' dir='ltr'><strong>proprie</strong></span> <span class='ocrx_word' id='word_1_746' title='bbox 1394 5031 1541 5106; x_wconf 75' lang='lat' dir='ltr'><strong>spectare</strong></span> <span class='ocrx_word' id='word_1_747' title='bbox 1569 5023 1610 5089; x_wconf 93' lang='lat' dir='ltr'><strong>ad</strong></span> <span class='ocrx_word' id='word_1_748' title='bbox 1640 5022 1765 5103; x_wconf 87' lang='lat' dir='ltr'><strong>fideles,</strong></span> <span class='ocrx_word' id='word_1_749' title='bbox 1800 5040 1899 5104; x_wconf 90' lang='lat' dir='ltr'><strong>quum</strong></span> <span class='ocrx_word' id='word_1_750' title='bbox 1934 5019 2014 5085; x_wconf 92' lang='lat' dir='ltr'><strong>dioit</strong></span> <span class='ocrx_word' id='word_1_751' title='bbox 2043 5019 2204 5102; x_wconf 91' lang='lat' dir='ltr'><strong>prophete</strong></span> 
     </span>
     <span class='ocr_line' id='line_1_54' title="bbox 201 5104 2203 5195; baseline -0.003 -18"><span class='ocrx_word' id='word_1_752' title='bbox 201 5112 276 5189; x_wconf 89' lang='lat' dir='ltr'><strong>Dei,</strong></span> <span class='ocrx_word' id='word_1_753' title='bbox 300 5112 384 5195; x_wconf 91' lang='lat' dir='ltr'><strong>quod</strong></span> <span class='ocrx_word' id='word_1_754' title='bbox 408 5111 488 5175; x_wconf 87' lang='lat' dir='ltr'><strong>velit</strong></span> <span class='ocrx_word' id='word_1_755' title='bbox 510 5129 651 5194; x_wconf 89' lang='lat' dir='ltr'><strong>purgare</strong></span> <span class='ocrx_word' id='word_1_756' title='bbox 674 5129 786 5174; x_wconf 90' lang='lat' dir='ltr'><strong>eorum</strong></span> <span class='ocrx_word' id='word_1_757' title='bbox 809 5110 896 5189; x_wconf 87' lang='lat' dir='ltr'><strong>vitia,</strong></span> <span class='ocrx_word' id='word_1_758' title='bbox 922 5111 1077 5191; x_wconf 88' lang='lat' dir='ltr'><strong>quoniam</strong></span> <span class='ocrx_word' id='word_1_759' title='bbox 1100 5109 1177 5175; x_wconf 91' lang='lat' dir='ltr'><strong>alio·</strong></span> <span class='ocrx_word' id='word_1_760' title='bbox 1232 5109 1390 5191; x_wconf 83' lang='lat' dir='ltr'><strong>Ephraim</strong></span> <span class='ocrx_word' id='word_1_761' title='bbox 1410 5110 1511 5191; x_wconf 81' lang='lat' dir='ltr'><strong>fuisse</strong></span> <span class='ocrx_word' id='word_1_762' title='bbox 1529 5111 1686 5175; x_wconf 73' lang='lat' dir='ltr'><strong>meditem</strong></span> <span class='ocrx_word' id='word_1_763' title='bbox 1701 5116 1872 5192; x_wconf 88' lang='lat' dir='ltr'><strong>postquam</strong></span> <span class='ocrx_word' id='word_1_764' title='bbox 1887 5105 2001 5189; x_wconf 92' lang='lat' dir='ltr'><strong>poenis</strong></span> <span class='ocrx_word' id='word_1_765' title='bbox 2017 5104 2203 5170; x_wconf 90' lang='lat' dir='ltr'><strong>admonitus</strong></span> 
     </span>
     <span class='ocr_line' id='line_1_55' title="bbox 202 5189 2203 5280; baseline -0.004 -18"><span class='ocrx_word' id='word_1_766' title='bbox 202 5198 262 5280; x_wconf 92' lang='lat' dir='ltr'><strong>qui</strong></span> <span class='ocrx_word' id='word_1_767' title='bbox 294 5199 328 5261; x_wconf 95' lang='lat' dir='ltr'><strong>in</strong></span> <span class='ocrx_word' id='word_1_768' title='bbox 362 5197 431 5262; x_wconf 89' lang='lat' dir='ltr'><strong>suis</strong></span> <span class='ocrx_word' id='word_1_769' title='bbox 463 5196 605 5278; x_wconf 90' lang='lat' dir='ltr'><strong>peooatis</strong></span> <span class='ocrx_word' id='word_1_770' title='bbox 639 5197 762 5262; x_wconf 82' lang='lat' dir='ltr'><strong>senties</strong></span> <span class='ocrx_word' id='word_1_771' title='bbox 791 5195 1081 5277; x_wconf 87' lang='lat' dir='ltr'><strong>eomputruissent,</strong></span> <span class='ocrx_word' id='word_1_772' title='bbox 1114 5195 1178 5260; x_wconf 89' lang='lat' dir='ltr'><strong>nisi</strong></span> <span class='ocrx_word' id='word_1_773' title='bbox 1229 5197 1349 5273; x_wconf 83' lang='lat' dir='ltr'><strong>iuerat,</strong></span> <span class='ocrx_word' id='word_1_774' title='bbox 1384 5207 1421 5259; x_wconf 89' lang='lat' dir='ltr'><strong>ut</strong></span> <span class='ocrx_word' id='word_1_775' title='bbox 1452 5215 1524 5261; x_wconf 87' lang='lat' dir='ltr'><strong>sese</strong></span> <span class='ocrx_word' id='word_1_776' title='bbox 1555 5196 1595 5259; x_wconf 91' lang='lat' dir='ltr'><strong>ad</strong></span> <span class='ocrx_word' id='word_1_777' title='bbox 1623 5194 1732 5259; x_wconf 90' lang='lat' dir='ltr'><strong>Deum</strong></span> <span class='ocrx_word' id='word_1_778' title='bbox 1760 5201 1975 5259; x_wconf 80' lang='lat' dir='ltr'><strong>converteret.</strong></span> <span class='ocrx_word' id='word_1_779' title='bbox 2027 5189 2203 5273; x_wconf 90' lang='lat' dir='ltr'><strong>Oomparat</strong></span> 
     </span>
     <span class='ocr_line' id='line_1_56' title="bbox 201 5276 2202 5361; baseline -0.005 -13"><span class='ocrx_word' id='word_1_780' title='bbox 201 5282 264 5348; x_wconf 90' lang='lat' dir='ltr'><strong>hoo</strong></span> <span class='ocrx_word' id='word_1_781' title='bbox 292 5281 390 5347; x_wconf 90' lang='lat' dir='ltr'><strong>modo</strong></span> <span class='ocrx_word' id='word_1_782' title='bbox 411 5280 503 5348; x_wconf 87' lang='lat' dir='ltr'><strong>Deus</strong></span> <span class='ocrx_word' id='word_1_783' title='bbox 535 5301 589 5346; x_wconf 93' lang='lat' dir='ltr'><strong>eos</strong></span> <span class='ocrx_word' id='word_1_784' title='bbox 616 5280 801 5346; x_wconf 88' lang='lat' dir='ltr'><strong>reduxisset</strong></span> <span class='ocrx_word' id='word_1_785' title='bbox 822 5280 864 5345; x_wconf 89' lang='lat' dir='ltr'><strong>ad</strong></span> <span class='ocrx_word' id='word_1_786' title='bbox 887 5299 1001 5344; x_wconf 87' lang='lat' dir='ltr'><strong>sanam</strong></span> <span class='ocrx_word' id='word_1_787' title='bbox 1024 5289 1177 5345; x_wconf 91' lang='lat' dir='ltr'><strong>mentem.</strong></span> <span class='ocrx_word' id='word_1_788' title='bbox 1230 5301 1266 5345; x_wconf 91' lang='lat' dir='ltr'><strong>ee</strong></span> <span class='ocrx_word' id='word_1_789' title='bbox 1290 5279 1394 5345; x_wconf 88' lang='lat' dir='ltr'><strong>vitulo</strong></span> <span class='ocrx_word' id='word_1_790' title='bbox 1416 5281 1586 5361; x_wconf 90' lang='lat' dir='ltr'><strong>indomito,</strong></span> <span class='ocrx_word' id='word_1_791' title='bbox 1616 5301 1693 5346; x_wconf 91' lang='lat' dir='ltr'><strong>nam</strong></span> <span class='ocrx_word' id='word_1_792' title='bbox 1716 5278 1885 5344; x_wconf 88' lang='lat' dir='ltr'><strong>luxuriant</strong></span> <span class='ocrx_word' id='word_1_793' title='bbox 1907 5276 2005 5342; x_wconf 88' lang='lat' dir='ltr'><strong>vituli</strong></span> <span class='ocrx_word' id='word_1_794' title='bbox 2027 5285 2202 5358; x_wconf 88' lang='lat' dir='ltr'><strong>antequam</strong></span> 
     </span>
     <span class='ocr_line' id='line_1_57' title="bbox 203 5360 2202 5451; baseline -0.006 -17"><span class='ocrx_word' id='word_1_795' title='bbox 203 5370 336 5434; x_wconf 84' lang='lat' dir='ltr'><strong>interea</strong></span> <span class='ocrx_word' id='word_1_796' title='bbox 356 5369 508 5451; x_wconf 89' lang='lat' dir='ltr'><strong>proponit</strong></span> <span class='ocrx_word' id='word_1_797' title='bbox 530 5365 693 5449; x_wconf 90' lang='lat' dir='ltr'><strong>Ephraim</strong></span> <span class='ocrx_word' id='word_1_798' title='bbox 719 5368 754 5431; x_wconf 94' lang='lat' dir='ltr'><strong>in</strong></span> <span class='ocrx_word' id='word_1_799' title='bbox 778 5366 975 5448; x_wconf 86' lang='lat' dir='ltr'><strong>exemplum,</strong></span> <span class='ocrx_word' id='word_1_800' title='bbox 1006 5377 1043 5429; x_wconf 90' lang='lat' dir='ltr'><strong>ut</strong></span> <span class='ocrx_word' id='word_1_801' title='bbox 1064 5365 1177 5431; x_wconf 91' lang='lat' dir='ltr'><strong>Iudaei</strong></span> <span class='ocrx_word' id='word_1_802' title='bbox 1231 5366 1402 5431; x_wconf 86' lang='lat' dir='ltr'><strong>assueiaeti</strong></span> <span class='ocrx_word' id='word_1_803' title='bbox 1423 5366 1492 5432; x_wconf 88' lang='lat' dir='ltr'><strong>siut</strong></span> <span class='ocrx_word' id='word_1_804' title='bbox 1513 5366 1552 5430; x_wconf 90' lang='lat' dir='ltr'><strong>ad</strong></span> <span class='ocrx_word' id='word_1_805' title='bbox 1575 5367 1700 5450; x_wconf 89' lang='lat' dir='ltr'><strong>iugum.</strong></span> <span class='ocrx_word' id='word_1_806' title='bbox 1733 5364 1822 5429; x_wconf 85' lang='lat' dir='ltr'><strong>&#39;Palis</strong></span> <span class='ocrx_word' id='word_1_807' title='bbox 1844 5373 1893 5428; x_wconf 86' lang='lat' dir='ltr'><strong>est</strong></span> <span class='ocrx_word' id='word_1_808' title='bbox 1915 5364 2013 5426; x_wconf 89' lang='lat' dir='ltr'><strong>otiam</strong></span> <span class='ocrx_word' id='word_1_809' title='bbox 2033 5360 2202 5425; x_wconf 86' lang='lat' dir='ltr'><strong>hominum</strong></span> 
     </span>
    </p>
   </div>
   <div class='ocr_carea' id='block_1_5' title="bbox 0 0 2564 6133">
    <p class='ocr_par' dir='ltr' id='par_1_6' title="bbox 0 0 2564 6133">
     <span class='ocr_line' id='line_1_58' title="bbox 0 0 2564 6133; baseline 0 0"><span class='ocrx_word' id='word_1_810' title='bbox 0 0 2564 6133; x_wconf 95' lang='lat' dir='ltr'><strong> </strong></span> 
     </span>
    </p>
   </div>
  </div>
 </body>
</html>
