5038 6118
907 397 957 463 IN
978 397 1226 465 IlilthlbssAM.
1270 397 1368 465 QAP.
1391 398 1435 464 X.
2123 403 2165 468 58

1198 583 1405 651 coelestibus:
1430 585 1584 668 quoniam
1607 584 1785 652 debuerant
1807 585 1892 654 hanc
1910 587 2093 668 stultitiam,
2113 589 2165 655 vel

472 709 609 780 CAPUT
635 709 838 779 DECIMUM
1197 669 1304 751 potius
1327 671 1525 736 dementiam
1548 671 1700 756 ablegare
1722 670 1909 756 adgentes.
1943 671 2027 738 Nam
2050 685 2165 756 gentes

842 760 850 777 ·
1197 754 1331 837 perinde
1354 758 1505 855 aestimat
1528 756 1619 822 Deus
1640 778 1679 856 ao
1699 777 1819 857 caecos.
1852 757 2033 858 Veniamus
2055 769 2164 858 tamen

263 911 291 975 1-
315 909 432 976 aaa
445 909 569 976 wem
583 912 663 994 coc
684 910 821 992 ecee
838 908 1033 994 (ermonem
1048 928 1144 991 ruem
1197 839 1509 1012 demittit&
1538 841 1895 1012 dtttt‘tt'tt
1913 849 2164 998 {iiiiii

171 995 310 1080 Ρῐῡῖθῐῑ)
333 995 469 1061 semi
490 997 534 1061 ⁰1²
553 1017 616 1077 ὕοι,
638 996 750 1061 dmi
772 995 889 1060 lsrael·
1197 1009 1294 1077 dabat
1313 1020 1434 1078 certum
1457 1011 1613 1096 regulum,
1636 1035 1673 1078 ac
1691 1016 1718 1079 si
1738 1025 1848 1081 essent
1865 1015 2030 1098 praefixas
2047 1025 2163 1084 metae.

261 1097 290 1162 2.
315 1095 369 1163 Sic
383 1099 459 1164 dicit
476 1098 622 1179 laced,
641 1098 734 1164 Viam
750 1099 887 1182 geatam
902 1117 941 1163 ae
958 1096 1144 1178 didiceritis,
1196 1095 1368 1162 Debebunt
1390 1099 1491 1182 igitur
1513 1100 1602 1182 sequi
1624 1099 1710 1180 quod
1731 1099 1823 1166 Deus
1843 1099 1917 1184 lege
1938 1120 1999 1166 sua
2020 1099 2163 1179 docebat,

170 1186 199 1246 et
221 1203 244 1248 a
264 1184 366 1267 sigeia
386 1184 535 1250 sodomia
551 1205 590 1249 ae
605 1185 760 1262 medalu,
781 1184 930 1264 quaten
946 1187 1085 1247 maerent
1105 1181 1145 1248 ab
1196 1191 1230 1245 et
1252 1202 1316 1248 non
1339 1183 1509 1249 deflectere
1532 1183 1584 1250 vel
1606 1184 1647 1249 ed
1669 1184 1829 1268 dextram,
1851 1185 1903 1252 vel
1926 1186 1966 1252 ad
1989 1186 2163 1268 sinistram,

170 1266 241 1333 iiiia
262 1274 375 1351 patim.
997 1303 999 1306 ·
1197 1267 1470 1349 quemadmodum
1494 1268 1591 1335 etiem
1614 1269 1766 1353 loquutus
1788 1270 1893 1336 fuerat
1911 1271 2029 1338 Moses.
2062 1273 2162 1356 Atqui

1197 1360 1234 1418 ut
1255 1353 1410 1437 pruriunt
1431 1374 1559 1437 semper
1581 1354 1726 1420 humana
1746 1357 1887 1440 ingenia,
1916 1356 1993 1424 hinc
2014 1357 2091 1423 inde
2114 1359 2163 1423 ni·

260 1439 326 1504 Hic
365 1461 482 1506 novam
522 1439 709 1507 concionem
755 1438 938 1524 ingreditur
977 1438 1143 1504 Ieremias.
1195 1437 1258 1502 ruis
1279 1439 1397 1521 cupide
1419 1438 1615 1525 appetebant
1635 1442 1719 1506 seire
1741 1440 1817 1524 quid
1841 1442 2054 1510 observarent
2082 1465 2163 1528 gen·

170 1521 372 1609 Quanquam
396 1546 459 1590 non
483 1525 619 1592 dubium
639 1535 689 1591 est
706 1526 835 1607 saepius
857 1524 1037 1590 inculcasse
1059 1524 1144 1590 hanc
1196 1532 1253 1588 tes.
1297 1523 1364 1591 Ubi
1385 1532 1496 1590 eutem
1519 1525 1599 1590 haec
1627 1526 1760 1592 lascivia
1792 1527 1961 1610 occupavit
1993 1528 2162 1596 hominum

168 1609 371 1677 donuinam:
390 1611 445 1676 ssd
461 1619 571 1677 tamen
590 1610 962 1693 distinguoasuperiore
977 1618 1143 1695 contextu,
1196 1609 1329 1686 animos,
1358 1611 1428 1675 fieri
1451 1631 1516 1676 non
1540 1612 1745 1693 potestquin
1766 1611 1984 1694 permisceant
2011 1615 2163 1682 tenebras

168 1699 327 1776 quoniam
361 1698 413 1763 hic
446 1699 535 1780 quasi
569 1696 608 1762 de
636 1697 766 1779 integro
799 1695 927 1761 orditur
956 1697 1142 1762 concionem
1195 1694 1268 1760 luci.
1313 1695 1387 1762 Hac
1419 1696 1521 1780 igitur
1554 1697 1681 1762 ratione
1712 1695 1864 1764 admonet
1892 1697 2062 1778 Ieremias,
2096 1722 2162 1766 non

167 1789 287 1846 centn
317 1782 579 1865 superstitiones,
612 1781 729 1865 quibus
759 1780 872 1847 Iudaei
900 1790 979 1847 tunc
1006 1781 1143 1846 nimium
1194 1799 1265 1846 esse
1287 1780 1462 1863 quidquam
1485 1779 1676 1848 discendum
1694 1803 1713 1848 a
1730 1783 1899 1866 gentibus:
1922 1786 2014 1867 quasi
2033 1783 2162 1868 diceret,

168 1880 265 1930 erant
294 1867 402 1932 dediti.
447 1866 609 1933 Hortatur
638 1876 755 1944 autem,
791 1865 831 1932 Ut
860 1868 993 1932 cudant
1019 1867 1143 1933 cadum
1196 1864 1265 1931 Vos
1286 1868 1489 1949 acquiescere
1514 1875 1642 1950 oportet
1664 1869 1698 1932 in
1720 1869 1860 1951 simplici
1889 1869 1971 1954 legis
1999 1868 2162 1938 doctrina:

167 1946 314 2030 letare,
336 1953 489 2035 quoniam
508 1953 556 2019 ita
577 1951 798 2018 obduruerant
814 1953 849 2018 in
868 1953 1039 2032 erroribus,
1063 1973 1142 2035 quos
1194 1950 1259 2016 nisi
1281 1951 1369 2016 enim
1389 1953 1535 2018 conmnti
1557 1953 1629 2018 sitis
1651 1953 1722 2020 Deo
1745 1955 1911 2038 magistro,
1940 1975 2072 2021 necesse
2099 1958 2162 2022 orit

168 2055 189 2100 a
210 2037 362 2120 gentibus
384 2046 624 2118 conuexerant,
643 2049 675 2102 et
690 2038 736 2102 ita
754 2044 848 2103 conta
873 2040 903 2103 io
923 2037 982 2102 illa
998 2037 1142 2104 invalue-
1195 2056 1253 2100 vos
1275 2036 1309 2101 in
1327 2058 1441 2104 omues
1464 2049 1572 2121 partes
1590 2037 1704 2121 abripi.
1735 2037 1851 2122 Itaque
1873 2040 1936 2106 uisi
1954 2038 2054 2105 vultis
2076 2041 2162 2110 ultre

167 2135 234 2198 rat,
263 2132 301 2187 nt
324 2144 387 2187 non
410 2123 505 2190 tecue
526 2123 603 2190 inde
625 2131 756 2206 possent
777 2059 885 2190 avelli.
927 2123 1018 2189 Haec
1040 2125 1142 2207 igitur
1195 2140 1314 2200 errare,
1348 2131 1455 2188 tenete
1485 2123 1571 2188 viam
1605 2145 1689 2208 quae
1717 2125 1809 2192 vobis
1839 2135 2019 2192 monstrata
2048 2134 2099 2192 est
2125 2129 2160 2193 in

167 2208 254 2270 ratio
287 2218 337 2273 est
370 2209 589 2293 praelationis,
622 2229 722 2291 quum
755 2206 843 2285 dicit,
873 2207 990 2274 Audite
1017 2208 1141 2274 cadum
1194 2205 1275 2290 lege,
1303 2216 1338 2271 et
1359 2229 1401 2274 ns
1423 2206 1592 2274 declinetis
1613 2211 1652 2272 ad
1676 2211 1759 2276 ritus
1780 2211 1936 2295 gentium.
1980 2211 2161 2296 Postquam

168 2291 316 2374 Ietccce,
337 2295 447 2360 duaa:
464 2294 577 2375 Israel,
595 2293 676 2377 quod
691 2293 831 2374 ῖοᾳιιιιιιν
847 2295 890 2360 ed
906 2313 967 2359 cos.
1001 2294 1141 2378 Reliqua
1193 2302 1301 2358 autem
1332 2293 1368 2358 in
1397 2315 1516 2376 genere
1545 2296 1720 2378 praecepit,
1750 2307 1788 2359 nt
1817 2317 1883 2362 nou
1912 2296 2161 2364 deflecterente

167 2375 358 2445 differemus
378 2382 412 2444 in
436 2379 616 2463 proximam
638 2380 819 2444 lectionem.
1193 2378 1333 2461 simplici
1354 2378 1437 2463 legis
1460 2380 1616 2457 doctriua,
1647 2380 1745 2446 adiun
1773 2381 1797 2444 ‘t
1823 2381 1914 2447 illam
1942 2382 2093 2468 speciem,
2122 2405 2161 2450 ne

1193 2467 1330 2529 macer
1357 2485 1378 2530 c
1403 2465 1504 2548 agnis
1530 2465 1716 2549 melestibaa
1774 2486 1812 2532 oc
1839 2475 1897 2546 est,
1932 2490 1972 2533 ne
1995 2469 2160 2538 fortunam

258 2549 434 2634 Coepimus
465 2551 615 2633 proxima
647 2551 787 2617 lectione
817 2570 981 2634 exponere
1008 2549 1139 2618 initium
1191 2549 1254 2613 sibi
1277 2550 1405 2633 fingant
1426 2571 1623 2634 prosperam,
1646 2553 1699 2617 vel
1721 2551 1894 2620 adrem
1913 2575 1954 2620 ex
1973 2556 2091 2638 positu,
2108 2555 2160 2620 rel

167 2633 287 2700 decimi
309 2635 434 2718 eapitis,
457 2636 512 2703 ubi
535 2645 626 2702 vetat
646 2636 802 2702 Ieremias
819 2635 959 2702 Iudaeos
980 2636 1140 2718 respicere
1192 2633 1347 2716 adspectu
1376 2646 1547 2702 astrorum.
1592 2636 1732 2704 Videtur
1761 2642 1872 2704 tamur
1899 2659 1970 2706 esse
2000 2640 2159 2722 quaedam

165 2721 209 2785 ad
243 2722 491 2804 superstitiones
524 2723 687 2806 gentium,
727 2733 764 2788 ut
796 2743 832 2787 se
864 2721 929 2788 illis
961 2721 1138 2806 implicent.
1191 2721 1313 2801 species
1335 2724 1580 2804 repugnantiae.
1611 2721 1717 2789 Vocat
1737 2724 1823 2790 enim
1843 2731 1931 2792 astra
1948 2725 2060 2810 signa:
2082 2725 2159 2793 hine

167 2805 281 2872 Primo
303 2813 413 2872 autem
436 2807 505 2873 loco
526 2809 618 2892 ponit
638 2828 782 2874 errorem
805 2807 908 2886 illum,
938 2828 1000 2890 quo
1021 2807 1139 2874 imbuti
1191 2805 1348 2887 sequitur,
1382 2806 1503 2889 aliquid
1530 2808 1631 2892 igitur
1659 2809 1763 2875 notari
1786 2830 1828 2874 ex
1849 2810 1959 2892 positu
1985 2817 2158 2876 astrorum.

166 2903 264 2957 erant
297 2891 455 2959 Chaldaei
488 2903 523 2959 et
546 2893 712 2978 Aegyptii.
766 2893 852 2959 Nam
886 2893 1006 2960 scimus
1038 2892 1138 2959 inisse
1191 2890 1237 2954 Et
1257 2891 1368 2957 Moses
1390 2893 1489 2958 etiam
1519 2890 1598 2959 dicit
1625 2894 1736 2972 solem,
1771 2905 1804 2960 et
1830 2894 1952 2974 lunam,
1985 2903 2018 2961 et
2045 2915 2159 2962 omnes

165 2978 328 3045 maximos
354 2979 579 3046 observatores
606 2990 779 3045 astrorum.
824 2979 898 3045 Hoc
927 2984 1036 3044 autem
1066 2977 1138 3044 ideo
1190 2974 1302 3042 stellas
1321 2978 1389 3043 lore
1407 2977 1440 3042 in
1457 2979 1552 3060 sigua
1569 2981 1760 3060 praesertim
1778 2999 1857 3044 vero
1875 2979 2035 3063 planetes:
2057 3000 2157 3063 quau-

165 3063 289 3130 diserte
316 3065 521 3147 exprimitur,
552 3066 629 3146 quia
649 3063 764 3130 Iudaei
785 3064 981 3147 spernebant
1002 3064 1066 3129 Dei
1088 3063 1137 3128 iu·
1189 3081 1286 3143 quam
1305 3063 1339 3126 in
1355 3063 1561 3128 firmamento
1579 3074 1656 3128 sunt
1674 3063 1840 3131 duodecim
1861 3066 1964 3149 signa,
1983 3066 2159 3150 exquibus

165 3149 268 3228 dicia,
301 3171 399 3234 quum
434 3160 546 3217 tamen
579 3151 716 3215 nimium
750 3157 860 3216 ament
891 3149 1071 3214 meticulosi
1102 3150 1137 3213 in
1190 3145 1362 3230 praecipue
1390 3147 1543 3214 iudicium
1577 3149 1703 3215 iaciunt
1731 3150 1896 3235 astrologi.
1941 3149 2051 3234 Quum
2080 3171 2158 3238 ergo

163 3235 277 3301 stultis
309 3247 343 3301 et
375 3236 501 3304 fdrolis
536 3233 830 3320 imaginationibus
885 3234 972 3300 Nam
1004 3236 1031 3300 si
1065 3235 1138 3317 quis
1188 3231 1283 3298 Deus
1314 3233 1426 3298 statim
1460 3233 1500 3299 ab
1532 3234 1627 3300 initio
1662 3234 1837 3302 creationis
1873 3236 2055 3303 decreverit
2090 3247 2157 3304 tam

162 3321 311 3386 minatus
333 3321 447 3387 fuisset
468 3319 593 3386 cladem
616 3340 657 3385 ex
680 3326 843 3386 astrorum
866 3319 997 3398 intuitu,
1025 3320 1135 3385 statim
1189 3317 1302 3383 stellas
1324 3318 1422 3396 fixas,
1457 3327 1493 3384 ut
1516 3325 1647 3398 vocant,
1680 3341 1763 3404 quae
1784 3329 1863 3388 sunt
1884 3323 1920 3387 in
1941 3322 2157 3400 firmamento,

161 3406 305 3472 fuissent
324 3406 474 3490 perculsi.
507 3404 617 3486 Quum
635 3415 745 3470 autem
762 3403 855 3470 Deus
874 3405 966 3488 quasi
984 3405 1136 3490 clangore
1189 3423 1287 3484 quam
1310 3403 1458 3486 planetas
1480 3404 1548 3470 fore
1570 3404 1606 3470 iu
1628 3405 1732 3490 signa,
1756 3407 1886 3472 videtur
1906 3405 2066 3490 propheta
2088 3430 2157 3474 uon

162 3492 261 3558 tubae
284 3491 493 3558 denuntiaret
519 3491 584 3558 illis
605 3490 730 3557 cladem
758 3513 816 3574 per
844 3512 921 3556 suos
948 3490 1135 3574 prophetas,
1188 3497 1275 3554 recte
1304 3489 1496 3556 interdicere
1520 3488 1666 3570 Iudaeis,
1696 3512 1738 3556 ne
1768 3489 1828 3556 sibi
1857 3512 1879 3558 a
1904 3491 2023 3559 talibus
2052 3493 2155 3577 signis

162 3597 230 3642 non
262 3578 487 3644 movebantur.
538 3575 603 3644 Sed
632 3577 809 3660 praestabit
838 3576 938 3642 verba
967 3577 1038 3660 ipsa
1066 3596 1136 3659 pro-
1187 3582 1345 3638 metuant.
1394 3574 1480 3640 Nam
1511 3577 1605 3659 signa
1636 3575 1715 3642 haec
1743 3576 1907 3644 coelorum
1937 3578 1988 3644 vel
2016 3580 2155 3646 conficta

162 3662 282 3745 phetae
321 3663 520 3747 expendere:
560 3661 679 3728 deinde
717 3662 842 3728 facilius
880 3663 945 3727 erit
983 3661 1135 3745 colligere
1187 3666 1264 3724 sunt
1286 3659 1454 3724 hominum
1477 3661 1621 3740 arbitrio,
1647 3661 1698 3726 rel
1721 3683 1741 3727 a
1761 3659 1834 3727 Deo
1856 3663 2008 3744 protecta.
2052 3665 2154 3748 Atqui

163 3769 327 3814 summam
353 3751 409 3815 rei
456 3749 506 3814 Ne
526 3749 709 3827 dediceritie,
738 3748 853 3831 inquit,
882 3748 968 3814 mom
988 3747 1134 3830 pestium.
1187 3743 1254 3809 iam
1271 3744 1481 3824 ostendimus,
1504 3765 1572 3811 nou
1590 3746 1690 3812 stulta
1707 3748 1857 3830 opinione
1879 3746 2047 3814 homiuum
2065 3759 2154 3816 astra

161 3832 248 3898 Nam
271 3819 314 3903 &tt
334 3836 497 3918 accipiunt
518 3834 662 3900 Hebraei
683 3833 887 3916 grammatici
909 3853 968 3916 pro
990 3847 1049 3901 nrt.
1087 3831 1136 3897 Ne
1186 3830 1295 3894 vocari
1313 3831 1415 3915 signa,
1435 3830 1492 3896 sed
1509 3853 1551 3896 ex
1588 3833 1672 3897 rium
1688 3833 1850 3900 creatione
1867 3832 1952 3899 banc
1969 3833 2035 3900 illis
2053 3835 2153 3902 fuisse

162 3939 234 4003 erpo
256 3920 431 3987 didmerdis
451 3922 538 3986 ciam
558 3919 704 4004 pedica.
748 3918 880 3985 Scimus
903 3919 988 3984 viam
1014 3918 1133 4001 passim
1186 3914 1324 3979 inditam
1348 3922 1542 3983 naturama
1597 3939 1635 3983 so
1656 3926 1776 3984 autore.
1817 3915 1963 3997 Quodsi
1986 3930 2074 3986 esua
2096 3942 2151 3986 no·

163 4005 266 4087 accpi
292 4025 351 4087 pro
381 4006 533 4073 omnibus
562 4005 722 4072 institutis
752 4003 869 4086 quibus
892 4005 960 4069 'vita
990 4003 1135 4070 humana
1187 3999 1235 4066 bis
1264 4001 1316 4065 vel
1349 4019 1536 4084 prosperam
1570 4003 1623 4069 vol
1654 4004 1823 4069 adversam
1857 4003 2024 4070 fortunam
2057 4027 2151 4089 prae·

161 4092 298 4174 regitur.
331 4090 433 4156 Vetat
450 4112 527 4175 ergo
547 4090 690 4157 studium
710 4110 805 4155 suum
824 4089 963 4156 adiicere
981 4087 1022 4154 ad
1039 4109 1132 4174 prae-
1185 4086 1335 4171 sagiunt,
1368 4089 1515 4169 sequitur
1544 4087 1585 4155 ab
1613 4090 1678 4154 illis
1711 4109 1783 4155 esse
1815 4087 2034 4156 metuendum.
2085 4089 2152 4158 Sed

161 4187 256 4258 cepta
277 4176 436 4260 gentium.
475 4175 624 4259 Speciem
644 4195 743 4241 unam
765 4175 905 4252 subiicit,
930 4173 979 4240 Ne
1000 4179 1135 4240 memet
1184 4170 1344 4256 propheta
1373 4172 1428 4238 bic
1456 4173 1632 4258 improprie
1665 4175 1882 4258 signaverat,
1915 4174 1992 4258 quia
2014 4197 2079 4244 uon
2101 4199 2151 4244 re·

161 4281 183 4326 a
204 4263 305 4346 siquis
325 4259 509 4328 mebstibaa
543 4262 661 4328 Postea
678 4261 820 4328 ostendit
838 4270 961 4343 quanta
981 4261 1023 4326 sit
1041 4262 1132 4324 veni·
1183 4257 1280 4340 spicit
1302 4279 1413 4322 veram
1437 4259 1606 4344 originem,
1636 4258 1692 4324 sed
1715 4259 1934 4326 accommodet
1955 4263 2062 4344 potius
2083 4284 2151 4329 ser·

162 4357 214 4412 tas
243 4348 277 4412 in
306 4347 453 4429 gentium
482 4347 652 4424 institutis,
682 4366 799 4430 nempe
828 4348 904 4429 quia
933 4345 1028 4412 idolis
1057 4357 1132 4410 snut
1183 4362 1312 4408 monem
1335 4363 1432 4409 suum
1456 4343 1496 4408 ad
1518 4364 1690 4427 perversos
1718 4344 1790 4410 illos
1820 4365 1956 4427 errores,
1989 4347 2043 4430 qui
2073 4357 2151 4415 tnnc

162 4432 299 4500 addicti:
323 4433 449 4517 lignum
472 4432 542 4498 loco
565 4432 629 4498 Dei
650 4430 798 4513 adorant,
818 4441 989 4516 postquam
1012 4432 1131 4514 expoli·
1182 4429 1402 4496 invaluerant.
1448 4432 1497 4494 Ac
1520 4428 1697 4494 tenendum
1726 4441 1775 4494 est
1803 4429 1888 4514 quod
1917 4451 2023 4515 nuper
2045 4433 2149 4519 attigi,

162 4526 232 4584 tom
255 4529 305 4584 est
326 4519 464 4585 artificio
486 4518 638 4583 hominis.
676 4515 742 4584 Sed
764 4518 799 4582 in
820 4517 929 4582 verbis
950 4517 1011 4582 hoo
1032 4519 1130 4583 etiam
1182 4513 1363 4598 Aegyptios
1385 4522 1419 4580 et
1441 4514 1624 4581 Ohaldaeos
1655 4515 1755 4581 tuisse
1788 4514 1912 4582 deditos
1945 4518 2149 4603 astrologiae,

162 4604 341 4670 notandum
364 4612 423 4681 est,
454 4604 504 4669 Ne
524 4603 681 4685 meusim,
709 4604 824 4685 inquit,
850 4603 904 4669 rel
927 4624 968 4668 ne
990 4623 1130 4685 expave·
1182 4621 1280 4684 quam
1303 4601 1399 4668 hodie
1417 4609 1538 4666 vocant
1559 4601 1770 4666 iudiciariam.
1801 4600 1887 4666 Nam
1904 4603 2011 4685 ipsum
2029 4624 2148 4670 nomen

162 4691 260 4755 scetis
282 4710 304 4755 c
323 4691 427 4772 aguis
448 4688 610 4772 coeloram,
639 4688 715 4767 quic
734 4693 852 4770 peceat
870 4693 973 4773 pectes
994 4687 1033 4753 ab
1053 4688 1129 4754 edis.
1181 4708 1240 4770 per
1257 4705 1292 4751 se
1301 4685 1404 4751 debet
1425 4686 1520 4751 facilc
1541 4685 1686 4752 admitti:
1708 4686 1766 4753 sed
1787 4685 1913 4770 pridem
1936 4687 1975 4752 ab
1993 4689 2148 4772 improbis

162 4774 296 4858 Triplex
317 4776 480 4858 expositio
503 4777 638 4841 affertur
659 4770 756 4839 huius
777 4775 849 4840 loci.
894 4772 1038 4854 Quidam
1059 4793 1130 4856 par·
1181 4771 1395 4837 nebulonibus
1423 4771 1485 4840 fuit
1513 4773 1732 4855 profanatum,
1765 4771 1881 4855 quibus
1909 4773 2054 4837 studium
2083 4773 2147 4838 fui:

162 4859 297 4928 ticulam
319 4874 351 4929 ’2
373 4859 470 4946 (quas
492 4861 622 5026 progric
642 4866 695 4923 est
716 4858 867 4944 causalis)
888 4859 1050 4942 accipiunt
1071 4879 1130 4942 pro
1181 4864 1351 4941 quaestum
1373 4856 1477 4922 lacere
1495 4878 1536 4924 ex
1553 4858 1653 4923 meris
1674 4856 1819 4924 fallaciis.
1849 4855 1919 4923 Nec
1937 4855 2069 4922 dubium
2089 4871 2146 4936 est,

162 4954 240 5011 nota
257 4945 479 5013 similitudinis
494 4960 523 5024 2,
576 4942 826 5011 cemsdmcdcm
841 4953 955 5027 gentes
970 4953 1128 5010 metuunt.
1180 4944 1260 5026 quin
1284 4953 1317 5007 et
1333 4942 1491 5026 Aegyptii
1512 4950 1546 5007 et
1568 4941 1726 5009 Ohaldaei
1748 4943 1868 5008 fuemnt
1889 4943 1960 5006 reri
1983 4942 2147 5028 astrologi,

161 5030 230 5097 Alii
251 5029 457 5098 adramiae
478 5023 656 5115 exponunt,
680 5028 850 5109 Quamvis,
867 5039 902 5094 et
918 5044 949 5099 ³2
970 5051 1067 5112 saepe
1084 5032 1130 5096 ita
1180 5039 1213 5094 et
1235 5029 1403 5094 tenuerint
1432 5038 1537 5094 artam
1566 5048 1649 5111 quse
1679 5048 1737 5112 per
1766 5050 1801 5094 se
1831 5026 1960 5093 laudem
1990 5037 2146 5095 meretur.

162 5117 327 5200 accipitur.
371 5117 439 5182 Alii
461 5127 571 5184 autem
593 5117 639 5183 sic
661 5114 842 5194 resolvunt,
871 5115 959 5197 Quia
983 5115 1129 5199 gentium
1179 5114 1264 5181 Nam
1297 5113 1481 5180 observatio
1516 5122 1678 5180 astrorum
1711 5112 1787 5198 quid
1821 5111 1909 5178 aliud
1942 5120 2008 5196 est,
2047 5134 2145 5198 quam

162 5211 211 5268 est
231 5204 271 5269 ab
294 5200 359 5267 illis
381 5223 612 5286 expavescere:
642 5201 734 5285 quasi
757 5199 878 5266 diceret
899 5199 1001 5280 Deus,
1031 5201 1128 5266 nimir
1180 5199 1396 5266 consideratio
1424 5199 1583 5264 mirabilis
1611 5199 1698 5266 illius
1725 5197 1854 5282 opificii,
1883 5197 1917 5262 in
1941 5217 2004 5282 quc
2024 5199 2146 5266 relucet

162 5307 331 5372 perperam
364 5286 472 5354 iacere
494 5287 640 5366 Iudaeos,
673 5287 700 5351 si
723 5294 872 5352 metuant
901 5287 962 5354 sibi
984 5307 1003 5351 a
1025 5286 1128 5371 signis
1180 5295 1247 5350 tam
1276 5285 1420 5368 potentia
1454 5305 1549 5368 quem
1584 5285 1743 5367 sapientia
1769 5295 1803 5347 et
1831 5283 1959 5348 bonitas
1981 5282 2067 5350 Dei?
2100 5285 2145 5350 u:
