5158 6124
229 377 294 442 505
931 376 981 441 IN
1002 375 1252 442 insumant.
1295 374 1394 442 OAP.
1417 373 1530 440 XXV.
2167 382 2232 450 506

316 561 368 628 32.
400 560 455 627 Sit
483 561 560 626 dicit
588 559 726 628 Ielrooab
753 563 952 643 eremana,
982 560 1062 630 Eece
1090 561 1208 628 mann
1257 562 1302 628 sit
1323 561 1488 628 immunis.
1533 561 1619 630 Nam
1640 563 1670 628 si
1696 563 1841 630 deolaret
1870 586 1963 632 suam
1992 569 2173 651 potentiam
2195 572 2231 638 iu

231 647 407 731 egredietur
428 668 450 712 o
469 651 558 730 pente
578 647 614 712 in
632 649 760 730 genem,
782 651 809 714 et
830 651 995 728 tempestas
1016 666 1135 730 magno
1155 667 1206 712 ea·
1258 645 1397 724 turbine,
1419 655 1478 712 aut
1499 645 1650 731 proeella,
1677 647 1753 732 qaid
1776 648 1836 715 fiet
1858 649 1915 716 ubi
1943 651 2064 719 olarim
2093 663 2125 720 et
2154 674 2230 738 pro·

231 731 376 800 citabitm
398 753 420 797 a
441 731 590 798 intendas
611 735 721 798 terrae.
1256 730 1330 814 pius
1352 731 1441 796 volet
1462 732 1633 798 ostendere
1660 753 1756 800 suum
1785 730 1953 815 iudicium,
1976 758 2014 803 ao
2036 739 2064 806 si
2093 758 2230 807 manum

1256 835 1350 882 suam
1375 815 1494 883 visibili
1515 817 1611 884 modo
1655 817 1815 884 rolerret?
1858 820 1952 888 Haeo
1976 822 2079 906 igitur
2101 845 2229 892 summa

302 901 531 984 ,Prosequitur
559 900 717 968 Ieremias
747 901 943 968 senteutiam
975 921 1073 985 quam
1102 901 1205 983 eoepi·
1257 908 1308 966 est
1330 900 1427 966 huius
1449 921 1574 968 versus.
1649 913 1740 970 oetea
1761 905 1918 986 sequitur,

231 1007 306 1054 mne
328 1007 491 1069 exponere
516 987 664 1070 proxima
690 985 837 1054 leotione.
883 985 981 1052 Prius
1008 984 1206 1052 retioinetus

232 1083 283 1140 est
305 1073 345 1140 de
367 1071 494 1138 iudiciis
517 1071 580 1138 Dei
603 1092 684 1157 quae
713 1071 880 1138 instabant
906 1069 1020 1136 multis
1042 1071 1205 1156 gentibus,
1341 1069 1393 1136 33.
1425 1069 1469 1136 Et
1498 1076 1589 1136 erunt
1617 1073 1771 1155 interfecti
1800 1071 1933 1140 Ieboooe
1965 1077 2001 1141 in
2023 1078 2074 1145 die
2102 1079 2161 1146 tna
2189 1079 2229 1148 nb

231 1159 279 1224 ita
302 1169 339 1223 ut
359 1155 677 1241 eomprehenderent
694 1155 764 1223 fere
779 1177 893 1222 omnes
910 1156 1061 1242 regiones
1076 1155 1206 1220 ludaeis
1256 1157 1447 1222 extremitate
1469 1159 1572 1222 terrae
1589 1157 1632 1224 od
1653 1159 1874 1224 eatrerritotem
1894 1164 2004 1226 terrae
2044 1163 2117 1230 Non
2133 1164 2227 1246 plan-

232 1243 358 1312 rioines
380 1249 413 1308 et
435 1244 599 1328 cognitae:
621 1241 688 1308 imo
706 1241 891 1308 nominarit
911 1254 1026 1326 gentes
1049 1240 1205 1325 quasdam
1254 1245 1375 1325 geritur,
1398 1245 1508 1308 elnon
1529 1240 1716 1326 colligentur,
1746 1249 1853 1310 etnon
1875 1245 2079 1328 sepelientur:
2108 1253 2227 1318 aurens

231 1329 346 1413 prooul
369 1327 509 1394 dissitas.
553 1325 692 1394 Summe
712 1327 783 1407 luit,
805 1325 915 1394 Deum
939 1327 996 1409 qui
1014 1325 1070 1391 diu
1092 1346 1204 1410 poper·
1251 1325 1291 1414 ,in
1311 1325 1472 1409 semepteie
1492 1331 1595 1394 terrae
1615 1333 1703 1394 erunt
1724 1329 1772 1416 (id
1793 1337 1854 1410 est,
1875 1351 1935 1416 pro
1956 1335 2120 1420 stereore).

232 1423 322 1482 neret
344 1413 520 1481 sceleribus
541 1413 722 1488 homiuum,
750 1434 837 1480 nano
865 1412 935 1480 lore
965 1411 1140 1492 rindioem,
1171 1426 1206 1477 ιιι

234 1499 342 1584 palem
365 1507 521 1584 appareat
550 1499 680 1582 quaudo
702 1497 813 1564 differt
843 1518 977 1582 Poenas,
1006 1507 1205 1564 nontamen
1341 1497 1407 1563 Hie
1440 1517 1555 1564 versus
1587 1499 1723 1585 exponit
1755 1499 1840 1582 quod
1872 1522 1961 1568 nuno
1994 1503 2071 1569 dixi.
2130 1504 2228 1571 Unde

231 1584 303 1651 ideo
329 1585 455 1667 elapsos
484 1604 555 1650 esee
583 1584 712 1668 impios,
740 1582 894 1666 quoniam
924 1581 1098 1652 trahentur
1124 1591 1205 1648 tem·
1256 1583 1353 1649 etiam
1377 1605 1491 1650 rursus
1513 1595 1647 1666 apparet
1674 1584 1864 1668 prophetem
1889 1606 1955 1652 non
1984 1587 2084 1656 fuisse
2113 1589 2228 1676 loquu-

230 1691 310 1754 pore
332 1678 366 1736 at
387 1668 456 1738 looo
473 1669 516 1734 ad
534 1670 696 1734 rationem
715 1666 924 1734 reddendam.
964 1667 1105 1753 Subiioit
1127 1687 1205 1752 ergo
1257 1677 1325 1732 tnm
1349 1667 1389 1734 de
1412 1669 1534 1734 mutuis
1556 1668 1712 1754 eladibns,
1735 1691 1816 1752 quas
1838 1681 1954 1769 gentes
1975 1673 2059 1739 aliea
2080 1674 2153 1741 aliie
2175 1675 2227 1746 iu·

231 1755 267 1820 in
300 1754 441 1822 eundem
473 1775 616 1832 sensum,
647 1753 837 1837 Egredietnr
863 1753 981 1820 molum
1008 1773 1029 1820 o
1055 1757 1142 1836 pente
1170 1754 1205 1817 in
1255 1751 1409 1818 tulerint:
1431 1751 1488 1820 sed
1504 1752 1697 1837 simplieiter
1712 1754 1926 1822 denuntiasse
1942 1756 2025 1824 irem
2041 1757 2106 1826 Dei
2124 1763 2229 1826 instar

228 1845 358 1939 gersten
403 1840 592 1923 Exponunt,
621 1838 719 1920 Quod
745 1849 861 1922 gentes
883 1839 966 1904 aliea
989 1839 1060 1904 aliie
1084 1836 1203 1904 bellum
1255 1837 1416 1920 procellae
1438 1836 1591 1903 diffusum
1614 1840 1664 1919 iri,
1693 1847 1728 1905 ut
1748 1841 1932 1910 involveret
1954 1863 2068 1910 omnes
2090 1845 2227 1929 populos

231 1927 389 2004 interant,
427 1937 465 1992 ut
497 1944 532 1990 so
564 1925 738 1992 eonfioiant
773 1924 895 1988 mutuis
930 1923 1135 1990 vulneribus:
1172 1932 1205 1988 et
1254 1932 1288 1987 et
1307 1932 1420 1990 terres.
1457 1921 1532 1990 Non
1555 1921 1688 1990 dubiam
1710 1935 1761 1990 est
1778 1925 1857 2008 quin
1879 1926 2040 2011 propheta
2061 1931 2228 1995 eontinuet

232 2031 349 2078 sensns
371 2010 426 2076 hio
456 2017 541 2076 esset
571 2008 762 2076 tolerabilis.
805 2007 947 2075 Videtur
976 2020 1084 2074 tamen
1114 2005 1203 2073 alind
1254 2027 1349 2074 suem
1377 2009 1587 2074 sententiam:
1621 2009 1769 2076 videmus
1802 2020 1911 2076 eutem
1941 2011 2020 2096 quid
2049 2013 2103 2080 hio
2131 2014 2227 2092 dieat,

230 2096 318 2162 relle
351 2094 523 2178 propheta,
556 2115 674 2178 nempe
707 2093 793 2178 quod
828 2093 1030 2178 grassabitur
1058 2092 1204 2158 vindiote
1254 2094 1455 2175 etintersecti
1477 2092 1607 2160 1etoeae
1634 2099 1725 2160 errent
1752 2095 1788 2162 in
1816 2096 1866 2161 die
1894 2097 1972 2164 illo:
2004 2109 2138 2164 revooet
2166 2119 2227 2167 nos

231 2181 294 2248 Dei
316 2201 376 2264 per
397 2200 510 2246 omnes
532 2188 637 2245 terras
659 2189 813 2262 tanquam
832 2179 943 2260 aliqua
959 2178 1119 2262 contagio.
1158 2177 1204 2244 Et
1254 2178 1296 2245 ed
1317 2178 1423 2244 solum
1438 2180 1556 2262 Deum,
1579 2179 1803 2262 pastoraliter
1825 2180 1985 2264 loquetur.
2019 2183 2093 2250 Hoo
2116 2193 2227 2251 eutem

231 2267 266 2332 in
289 2264 430 2332 eundem
452 2285 585 2331 sensum
608 2265 738 2330 subiieit
759 2263 984 2346 metaphoram
1012 2274 1068 2328 aut
1089 2262 1202 2328 simili·
1253 2263 1325 2330 loeo
1358 2284 1422 2328 non
1457 2268 1606 2348 proponit
1638 2264 1730 2331 nobis
1762 2264 1929 2334 ministros
1961 2267 2124 2336 vindiotea
2154 2269 2227 2347 Dei,

232 2350 380 2416 tudinem
412 2349 587 2434 proeellas,
621 2358 680 2415 eut
713 2349 868 2426 turbinis,
901 2358 959 2414 aut
990 2347 1202 2430 tempestatis.
1255 2348 1312 2415 sed
1344 2348 1452 2413 Deum
1481 2351 1588 2431 ipsum
1622 2352 1715 2434 quasi
1746 2371 1804 2433 per
1837 2370 1872 2416 se
1905 2358 2068 2437 agentem.
2120 2351 2229 2420 Erant

229 2435 314 2501 Nam
337 2437 365 2502 si
388 2435 518 2518 quando
534 2443 647 2500 exorta
665 2441 715 2502 est
735 2443 921 2517 tempestas,
945 2453 1012 2498 non
1027 2433 1146 2498 desiuit
1168 2434 1203 2498 in
1254 2454 1331 2517 ergo
1364 2433 1516 2515 interfeoti
1546 2433 1693 2502 Iebovne:
1721 2435 1777 2501 alii
1808 2447 1935 2520 ponunt
1963 2438 2164 2518 vulneratos,
2194 2447 2227 2505 et

230 2541 298 2587 una
320 2523 461 2604 regione,
491 2519 547 2585 ead
574 2517 772 2601 pervolanda
795 2519 892 2604 longe
914 2538 949 2584 ee
968 2517 1138 2584 diffundit:
1171 2528 1203 2584 st
1255 2503 1316 2588 55η
1344 2518 1507 2602 signifieat
1539 2519 1712 2587 vulnerare
1745 2531 1778 2587 et
1808 2521 1971 2587 oooidsre:
2005 2523 2122 2588 melius
2149 2544 2227 2591 oon·

227 2606 277 2672 ita
297 2604 390 2672 donet
412 2605 583 2690 propheta,
606 2605 733 2671 etiamsi
753 2625 819 2670 non
834 2603 945 2669 stetim
960 2601 1096 2684 arripiat
1110 2602 1202 2669 Deus
1256 2604 1347 2669 venit
1367 2603 1532 2687 praesenti
1554 2604 1623 2670 loeo
1649 2606 1811 2672 interitus.
1857 2606 2017 2690 Interfeoti
2045 2608 2146 2693 igitur
2176 2609 2226 2676 Ie-

230 2699 364 2758 ounotas
386 2699 511 2775 gentes,
544 2696 583 2756 nt
612 2709 731 2772 poenas
765 2688 804 2755 de
837 2688 904 2753 illis
938 2689 1058 2771 exigat,
1092 2697 1202 2754 temen
1254 2688 1348 2755 bovae
1375 2695 1465 2754 ernest
1493 2689 1531 2756 nb
1559 2708 1622 2756 nno
1651 2693 1782 2756 extremo
1810 2697 1911 2758 terroe
1938 2712 2037 2775 nsque
2065 2693 2108 2758 nd
2136 2693 2227 2762 alind

229 2775 300 2842 fore
322 2775 468 2842 omnium
488 2775 638 2854 iudicem,
668 2775 743 2858 qnia
771 2772 924 2839 transibit
952 2773 1048 2858 longe
1078 2783 1111 2839 et
1137 2773 1202 2840 late
1254 2779 1439 2840 extremam:
1463 2794 1500 2839 ae
1521 2773 1549 2841 si
1571 2773 1702 2854 diaeret¹
1726 2774 1834 2840 Deum
1856 2798 1921 2842 non
1944 2788 2134 2844 eontentum
2157 2777 2226 2844 fore

230 2863 300 2928 eius
332 2881 449 2926 manus
481 2867 638 2942 tanquam
670 2859 821 2942 proeella.
879 2857 936 2926 Sia
969 2859 1071 2943 igitur
1101 2858 1202 2924 inter·
1254 2859 1309 2924 nbi
1340 2877 1477 2940 poenam
1506 2860 1684 2942 sumpserit
1713 2859 1752 2924 de
1783 2860 1887 2926 tribus
1917 2861 1969 2928 vel
1999 2871 2141 2944 quatuor
2167 2883 2226 2946 po·

229 2951 350 3029 pretor,
380 2966 446 3011 non
469 2945 556 3030 quod
578 2952 694 3029 gentes
714 2944 796 3010 aliae
818 2943 939 3010 bellum
962 2945 1115 3010 intereat:
1144 2941 1201 3010 sed
1253 2943 1348 3043 pulis,
1370 2943 1470 3008 donee
1492 2963 1550 3027 per
1571 2963 1685 3010 omnes
1704 2954 1810 3012 terrae
1828 2945 1941 3032 plagas
1958 2967 2030 3014 sose
2047 2946 2226 3014 ostenderit

230 3030 317 3116 quod
339 3030 396 3097 ubi
411 3029 503 3096 Deus
521 3038 723 3112 exsequutus
745 3029 845 3095 luerit
865 3028 1024 3094 iudioium
1046 3049 1143 3094 sunm
1166 3031 1200 3092 in
1252 3028 1404 3096 rudioom.
1449 3027 1513 3096 Hie
1535 3037 1646 3096 entem
1669 3031 1758 3096 looue
1780 3029 1898 3114 dignus
1918 3037 1968 3098 est
1991 3041 2118 3118 notatu,
2149 3032 2226 3117 quia

230 3126 427 3202 pungente,
457 3123 570 3200 postea
599 3115 639 3180 ad
662 3114 799 3182 alteram
825 3113 1014 3192 transsiliet‚
1044 3122 1082 3178 ιιι
1103 3115 1201 3179 finem
1252 3134 1349 3196 saepe
1371 3113 1528 3180 miremur
1547 3136 1607 3181 our
1622 3115 1713 3181 Deus
1728 3115 1902 3182 oonnireat
1919 3115 1960 3182 ad
1983 3126 2031 3182 tot
2052 3117 2224 3186 hominum

229 3222 297 3269 non
319 3202 363 3267 eit
384 3202 541 3277 foeturas,
563 3199 665 3266 donee
683 3198 894 3283 eompleverit
909 3197 995 3282 quod
1017 3208 1096 3263 anta
1118 3199 1200 3264 vati·
1252 3198 1383 3276 seelera,
1406 3219 1488 3282 quae
1510 3221 1606 3266 nemo
1629 3210 1779 3267 nostrum
1800 3200 1928 3267 toleret.
1974 3201 2040 3268 Sed
2058 3203 2225 3287 eierpeu·

229 3287 358 3354 einatns
381 3293 432 3352 est
452 3283 619 3352 Ieremias.
662 3284 708 3352 Et
729 3305 771 3351 ex
795 3282 938 3351 seeundo
960 3284 1105 3349 membro
1127 3303 1200 3349 ver·
1254 3284 1361 3352 dimus
1394 3303 1491 3366 quem
1525 3285 1692 3352 horribilis
1723 3285 1822 3354 luerit
1854 3295 2048 3371 tempestae,
2087 3287 2129 3355 de
2161 3310 2226 3372 que

229 3392 286 3438 sue
307 3371 369 3438 hoo
389 3369 523 3438 ridetur
544 3368 664 3437 elarius
692 3389 788 3453 posse
816 3367 933 3454 oolligi.
976 3368 1090 3453 Neque
1113 3371 1200 3434 enim
1253 3390 1341 3437 nuno
1362 3369 1522 3453 propheta
1543 3369 1682 3452 disserit,
1705 3371 1846 3437 seiemus
1863 3369 1973 3437 Deum
1995 3372 2160 3455 quiesoere
2183 3373 2224 3440 ad

230 3456 271 3522 de
293 3455 387 3522 bellis
409 3455 573 3524 intestinis
595 3455 656 3521 hoo
679 3454 799 3538 exponi
825 3463 942 3536 potest,
975 3453 1062 3536 paee
1088 3454 1200 3520 entita-
1253 3465 1391 3538 tompus,
1414 3475 1478 3538 quo
1498 3458 1603 3540 magis
1622 3455 1860 3522 inexousabiles
1882 3454 2062 3522 reddantur
2083 3457 2224 3541 improbi

228 3543 313 3610 bitur
341 3545 506 3623 tempestas
531 3561 647 3624 magno
668 3559 690 3606 a
711 3537 859 3606 narem
887 3543 996 3606 terroe.
1041 3535 1201 3605 Videmus
1253 3549 1286 3605 et
1303 3539 1442 3608 eoelesti.
1474 3539 1606 3606 Interea
1620 3541 1684 3606 luit
1701 3551 1789 3606 uerte
1806 3541 1867 3608 boo
1882 3541 1977 3608 triete
1991 3540 2223 3623 speetaaulnm‚

229 3647 307 3712 ergo
322 3625 432 3693 Deum
454 3625 543 3694 aliud
560 3625 652 3703 velle,
675 3625 761 3710 qood
779 3623 901 3692 soilieet
919 3644 986 3689 non
1001 3623 1200 3708 fatigabitur,
1252 3644 1353 3708 quum
1382 3633 1430 3690 ιοι
1463 3626 1612 3710 regiones
1644 3635 1678 3690 et
1705 3626 1894 3710 provintiae
1926 3627 2081 3692 eontinuo
2111 3638 2224 3692 tenore

228 3709 833 3864 tttmrttttt‘tttttttt
857 3707 1118 3860 tlttltita
1143 3707 1201 3858 ιι
1251 3708 1609 3860 ttttlt‘lttt‘
1629 3710 2065 3862 tltttttbtlttt
2080 3711 2223 3862 tttllff

227 3817 388 3967 putehant
409 3903 444 3946 ee
466 3902 537 3948 asse
559 3890 654 3948 extra
675 3879 871 3964 perieulum:
901 3879 996 3945 siouti
1019 3899 1121 3961 quum
1142 3813 1200 3942 dx·
1252 3878 1309 3944 sed
1330 3877 1518 3962 paulopost
1536 3816 1847 3946 sidehatorudeline
1865 3816 1899 3944 eh
1917 3879 2060 3947 traotari.
2093 3843 2225 3946 interea

228 3967 336 4053 surgit
364 3975 554 4049 tempestae,
587 3965 718 4032 videtur
746 3972 877 4030 tentum
906 3965 1052 4030 minitari
1080 3964 1200 4047 exiguo
1252 3963 1315 4030 hoo
1344 3971 1455 4028 tamen
1484 3963 1546 4030 fuit
1577 3964 1747 4050 generale,
1780 3965 1863 4029 iram
1894 3963 1956 4028 Dei
1991 3962 2130 4032 diffundi
2165 3987 2223 4048 par

228 4051 336 4137 spatio
365 4060 482 4131 terrae,
512 4050 569 4116 sed
599 4051 709 4117 statim
739 4071 809 4116 ease
838 4049 975 4148 proiioit,
1003 4057 1038 4114 et
1066 4056 1201 4131 oooopat
1253 4069 1366 4114 omnes
1390 4061 1497 4115 terrae
1523 4050 1755 4116 extremitates.
1801 4049 2017 4114 Atroeitetem
2048 4049 2225 4132 amplifioat

228 4146 335 4204 totum
358 4136 503 4204 eoelum:
524 4137 571 4202 sio
589 4135 687 4202 etiam
705 4136 797 4202 Deus
818 4135 989 4202 mediatam
1008 4153 1101 4198 snam
1123 4132 1203 4198 dieit
1252 4133 1359 4200 tribue
1382 4134 1497 4210 verbis,
1520 4135 1600 4216 qnod
1621 4133 1898 4218 repurgentur,
1919 4153 2017 4216 neque
2037 4133 2224 4220 mitigentur,

228 4227 389 4290 oentnrom
410 4243 432 4286 o
453 4220 603 4288 lateribus
631 4225 742 4304 terrae,
772 4219 833 4286 hoo
859 4229 918 4295 eet,
948 4218 1069 4284 aloois
1099 4239 1200 4284 remo·
1252 4238 1351 4303 neque
1371 4219 1568 4302 sepelientur,
1596 4219 1651 4284 sed
1671 4223 1762 4286 erunt
1788 4223 1821 4283 to
1887 4238 1940 4283 arn
1965 4223 2093 4301 ereas,
2123 4224 2150 4286 et
2178 4220 2224 4288 ita

229 4307 374 4390 tissimie‚
401 4307 449 4372 ita
476 4316 514 4372 ιιι
542 4304 634 4371 nulla
663 4305 818 4372 distentia
846 4303 1003 4386 impediat
1031 4303 1203 4392 quominus
1252 4303 1393 4370 moebnnt
1423 4304 1460 4370 in
1492 4303 1654 4386 superficie
1685 4308 1795 4370 terrae
1885 4305 2006 4370 inimus
2039 4303 2112 4369 aliis
2143 4303 2225 4372 loeis

229 4393 392 4476 eompleat
424 4389 510 4474 quod
539 4389 701 4475 praedixit
730 4411 789 4474 per
816 4409 946 4456 serrum
975 4408 1083 4454 enum.
1134 4387 1202 4454 Sed
1253 4389 1376 4455 loetum
1396 4388 1479 4454 nihil
1494 4389 1633 4454 mortuis
1648 4389 1819 4472 prodesse:
1842 4388 1898 4455 sed
1914 4387 2068 4470 quoniam
2083 4389 2223 4456 officium

229 4478 294 4546 hoo
316 4477 413 4543 etiem
444 4475 485 4542 ad
515 4496 612 4542 usum
643 4488 790 4542 nostrum
820 4473 1056 4540 aeoommoderi
1084 4483 1202 4556 potest.
1254 4484 1304 4539 eet
1323 4473 1552 4552 humanitatis,
1580 4475 1696 4538 merito
1719 4474 1845 4540 censeri
1874 4475 1962 4538 inter
1990 4494 2112 4555 poenes
2141 4485 2224 4538 tem·

229 4561 369 4644 Quoties
391 4563 479 4629 enim
502 4559 651 4626 ridemus
672 4559 764 4626 slede
787 4559 895 4643 eliqua
917 4559 1021 4642 affligi
1042 4558 1128 4624 hano
1149 4556 1203 4624 vel
1254 4559 1398 4642 porelee:
1433 4558 1528 4625 sieuti
1565 4577 1667 4641 quom
1706 4559 1858 4640 privetur
1894 4557 2011 4641 aliquis
2047 4557 2224 4642 sepultura,

228 4649 321 4714 illam
343 4656 486 4731 gentem,
515 4645 611 4714 debet
632 4645 725 4712 nobis
747 4645 861 4711 venire
887 4645 922 4711 in
950 4655 1094 4709 mentem
1121 4641 1203 4709 haee
1253 4660 1340 4712 uerte
1362 4642 1445 4708 nihil
1466 4641 1623 4710 eondueet
1648 4651 1777 4710 mortuo
1799 4644 1827 4711 si
1850 4644 1920 4710 eius
1941 4642 2081 4711 oadaver
2108 4641 2144 4707 iu
2173 4662 2224 4713 se·

230 4733 401 4812 sententia,
424 4732 511 4816 qnod
533 4730 624 4798 Deus
642 4730 835 4814 tempestive
857 4749 917 4795 nos
946 4726 1130 4806 admoneat,
1160 4749 1203 4793 ne
1253 4728 1367 4811 pulero
1402 4726 1607 4794 reoonditum
1642 4729 1750 4795 fuerit.
1805 4727 1938 4796 Soimue
1970 4727 2059 4791 enim
2092 4734 2224 4794 sanetm

230 4817 354 4887 soilieet
375 4817 549 4884 abutamur
567 4817 637 4883 eius
653 4815 821 4900 patientia,
842 4811 900 4880 sed
920 4834 995 4880 enm
1013 4813 1203 4897 praevenie-
1254 4814 1317 4879 Dei
1339 4834 1450 4879 servos
1473 4834 1569 4896 saepe
1590 4813 1645 4879 rel
1668 4825 1799 4880 exustos
1826 4813 1937 4890 fuisse,
1961 4811 2013 4876 vel
2041 4831 2224 4896 suspensos,

230 4923 307 4974 mus
329 4911 505 4984 antequam
534 4902 574 4967 eb
595 4922 664 4967 uno
692 4901 794 4967 latere
817 4908 924 4966 terrae
955 4899 995 4964 ad
1018 4919 1077 4964 noe
1099 4919 1202 4980 usque
1254 4897 1305 4965 vel
1335 4899 1498 4980 expositos
1526 4898 1654 4965 bestiis:
1689 4909 1721 4964 et
1753 4907 1822 4964 tota
1848 4900 1948 4963 etiam
1978 4895 2113 4962 ecelesia
2144 4917 2222 4962 eon-

231 4996 379 5058 trenseat
400 4986 566 5071 flagellum
593 4986 675 5052 eins.
719 4985 872 5067 Denique
900 4981 996 5050 simul
1027 4993 1123 5067 atque
1145 5004 1202 5048 ex·
1254 4983 1401 5065 queritur
1422 4983 1560 5050 innuisse
1581 4983 1742 5050 andevera
1769 4984 1805 5047 in
1827 4983 1967 5049 eireuitu
1989 4979 2223 5065 lerosolymne,

231 5072 312 5142 serit
332 5069 427 5138 Deus
449 5071 580 5156 signum
603 5069 735 5155 aliquod
763 5073 830 5136 irae
853 5089 940 5145 enee,
968 5069 1079 5134 statim
1108 5068 1203 5133 nobie
1254 5074 1288 5134 et
1308 5066 1412 5134 fnisse
1443 5088 1549 5138 eseam
1571 5069 1687 5135 eribus
1708 5067 1789 5136 eoeli
1811 5080 1843 5134 et
1864 5066 1977 5132 bestiis
2000 5074 2115 5133 terrae.
2155 5065 2223 5132 Sed

231 5166 389 5234 ooourrat,
419 5176 514 5242 posse
539 5176 607 5220 uno
636 5163 803 5225 momento
834 5151 972 5219 diffundi
1002 5173 1061 5236 per
1090 5173 1202 5218 omnes
1252 5152 1315 5220 hoo
1336 5173 1404 5218 nou
1426 5153 1534 5224 obstat
1555 5154 1729 5237 quominus
1750 5151 1918 5237 sepultura
1939 5149 1982 5217 sit
2000 5150 2222 5218 testimouium

231 5253 338 5312 terrae
359 5240 593 5322 extremitates,
619 5241 667 5308 ite
696 5252 731 5307 nt
760 5237 871 5308 nullus
900 5237 1044 5322 angulus
1072 5238 1203 5304 laturus
1252 5246 1409 5326 paternae
1423 5237 1489 5304 Dei
1505 5237 1749 5306 benevolentiae
1763 5257 1843 5321 erga
1857 5235 2014 5302 homines.
2048 5235 2116 5302 Cur
2135 5236 2223 5302 enim
