5118 6136
204 453 266 520 sm
895 452 942 516 ru
965 449 1215 516 resumam.
1259 448 1360 516 cnr.
1383 447 1516 515 xxia.
1975 413 1976 416 ‘
2144 454 2209 520 esa

205 641 303 706 toties
332 640 398 706 illis
424 641 539 706 minati
569 653 647 706 sunt
674 639 853 724 prophetae
875 639 916 705 de
938 640 1056 724 spiritu
1079 637 1178 704 verti·
1231 657 1305 720 mus
1335 637 1433 702 luisse
1460 636 1546 702 benc
1576 637 1778 718 prophetiam
1811 638 1963 704 omnibus
1992 659 2208 707 communem.

206 727 302 810 ginis,
325 733 360 790 et
381 727 509 802 luroris,
532 739 566 791 et
588 728 759 802 amentiae,
783 735 816 790 et
837 727 989 809 stuporis,
1019 733 1055 787 et
1075 725 1179 790 ebrie·
1230 722 1333 804 Atqui
1362 731 1474 804 postea
1503 721 1597 802 dicit,
1627 723 1775 802 Accipite
1797 724 1888 788 vobis
1911 745 2031 790 uxores
2053 731 2087 791 et
2109 748 2208 808 ganc-

204 815 293 878 tatis.
339 810 528 889 Caeterum,
562 813 706 895 oportuit
737 813 889 894 exiguam
920 811 1011 875 illam
1040 821 1179 892 partem,
1231 821 1310 874 rate.
1357 807 1423 872 eeu
1448 808 1522 885 hoc,
1552 819 1590 872 ut
1612 807 1807 885 videbimus,
1838 810 2049 894 restringitur
2079 810 2120 875 ad
2142 833 2207 892 eos,

205 919 288 980 quae
310 917 375 962 non
406 917 541 980 prorsus
570 903 640 962 erat
670 898 851 978 desperata,
882 897 995 960 reduci
1024 897 1057 959 in
1081 897 1179 978 viem,
1230 895 1287 976 qui
1310 900 1389 958 tnnc
1411 905 1505 958 arant
1534 892 1643 957 idonei
1679 914 1737 974 per
1765 904 1905 959 aetatem
1936 896 1977 959 ad
2008 897 2206 980 coniugium.

205 982 292 1066 quod
314 983 435 1047 lactum
459 992 510 1048 ast
532 983 588 1046 ille
611 992 677 1048 tam
708 983 880 1046 manifesta
910 982 1100 1063 probatione
1122 1001 1179 1046 ro·
1231 980 1363 1044 Interea
1399 989 1510 1043 tamen
1547 978 1653 1043 noluit
1688 977 1863 1044 excludere
1901 1001 1997 1046 senes
2029 1003 2048 1046 a
2081 983 2207 1062 solatio,

205 1068 342 1135 cationis
364 1067 533 1133 Ieremias.
578 1067 735 1150 Oportuit
763 1069 861 1132 etiam
891 1089 932 1131 ex
954 1069 1102 1149 opposito
1129 1067 1177 1130 in·
1231 1068 1323 1130 euius
1356 1063 1486 1129 volebat
1519 1063 1611 1128 Deus
1648 1063 1736 1146 ipsos
1773 1085 1843 1130 esse
1876 1065 2068 1148 participes,
2105 1088 2206 1149 quum

205 1153 354 1220 credulos
383 1156 488 1236 magis
518 1154 713 1234 constringi,
745 1154 793 1217 ita
819 1157 856 1216 ut
878 1153 1023 1218 damnati
1054 1152 1180 1216 tuerint
1231 1151 1355 1217 scirent
1383 1170 1574 1232 prosperum
1602 1152 1670 1214 iore
1691 1150 1817 1212 exitum
1840 1170 1918 1215 suae
1941 1153 2149 1234 captivitatis,
2179 1153 2207 1222 ai

205 1240 338 1323 proprie
353 1240 562 1315 conscientia,
579 1238 851 1322 quemadmodum
863 1238 987 1303 Paulus
1000 1237 1114 1323 (Tit3,
1127 1237 1180 1322 11)
1231 1237 1327 1301 modo
1349 1257 1383 1300 se
1407 1236 1593 1317 tranquillis
1623 1236 1741 1300 animis
1770 1236 1991 1316 continerent,
2022 1259 2126 1320 neque
2154 1238 2206 1301 in·

205 1323 498 1408 αὐτοκατακρίτοος
521 1335 617 1390 ιοοοι
639 1324 828 1400 haereticos,
852 1325 905 1405 qui
924 1323 1022 1388 delixi
1045 1334 1124 1388 sunt
1145 1324 1179 1386 in
1231 1322 1330 1405 digne
1358 1323 1483 1386 terrent
1504 1343 1539 1386 se
1562 1321 1664 1387 iustas
1687 1340 1808 1402 poenas
1831 1320 1903 1384 Deo
1932 1321 2091 1402 pendere,
2121 1321 2206 1406 qnod

204 1433 265 1477 sua
288 1412 475 1493 pertinenia,
505 1420 540 1474 et
561 1430 633 1474 sese
662 1410 790 1474 diabolo
820 1422 937 1492 sponte
959 1420 993 1475 et
1015 1409 1108 1491 quasi
1138 1430 1179 1472 ex
1232 1410 1328 1472 toties
1362 1418 1396 1473 et
1430 1419 1496 1471 tam
1533 1406 1646 1471 multis
1683 1404 1785 1470 modis
1822 1407 1928 1488 ipsum
1967 1419 2206 1488 provocassent.

204 1497 383 1580 composito
406 1495 604 1578 mancipant.
650 1495 746 1560 Nunc
768 1497 924 1577 sequitur,
1234 1494 1336 1558 Addit
1358 1491 1455 1558 simul
1477 1492 1650 1557 secerdotes
1671 1497 1700 1556 et
1715 1490 1894 1573 propbetas,
1922 1503 2036 1574 postea
2057 1493 2208 1577 adiungit

1232 1584 1328 1644 totum
1342 1578 1518 1660 mutam:
1542 1576 1608 1644 Sed
1632 1577 1712 1641 haec
1734 1576 1916 1658 etreliqua
1938 1577 2097 1643 differam.

1320 1748 1468 1832 Exposui
1490 1746 1569 1898 beri¹
1583 1746 1726 1898 {rogiter
1748 1745 1928 1895 propbetas
1942 1747 2125 1828 consilium,
2147 1770 2208 1815 our

1233 1835 1352 1899 librum
1377 1835 1549 1899 miserita
1610 1853 1730 1897 saeos
1759 1852 1890 1896 exsuea
1937 1853 2011 1897 nem
2036 1855 2055 1898 e
2085 1846 2121 1898 nt
2173 1855 2206 1898 a·

392 1891 530 1962 CAPUT
558 1891 801 1962 VIGESIMUM
827 1891 996 1962 NONUM·
1235 1922 1354 1984 tienter
1370 1918 1536 1984 tolerando
1551 1938 1690 1995 crucem,
1712 1916 1829 1982 darent
1844 1881 1950 1982 locbm
1967 1855 2206 1986 misricordiae

1234 2005 1316 2070 Dei:
1339 2005 1456 2069 deinde
1479 2015 1516 2068 ut
1539 2002 1652 2068 ludaei
1674 2005 1728 2086 qni
1751 2005 1786 2068 in
1809 2004 1915 2086 patria
1938 2005 2043 2070 relicti
2063 2007 2204 2083 lucrant,

293 2095 321 2158 1.
352 2092 398 2157 Hi
420 2097 494 2158 sunt
514 2113 671 2158 sermortes
696 2092 771 2159 libri
801 2091 870 2178 (vel
893 2090 1063 2176 epistolae)
1092 2111 1182 2172 pamm
1233 2102 1466 2174 cognoscerent
1494 2090 1685 2154 diuturnum
1713 2090 1781 2154 iore
1812 2090 1981 2166 exsilium,
2012 2101 2045 2155 et
2074 2093 2207 2156 mentiri
2254 2161 2255 2166 γ

203 2180 292 2245 misit
313 2179 468 2244 Ierernias
491 2178 648 2258 propbeta
677 2177 852 2244 Ierusalem
880 2179 924 2244 ed
952 2177 1107 2257 reliquias
1135 2197 1179 2242 se·
1234 2176 1547 2258 pseudoprophetas,
1582 2176 1638 2257 qui
1666 2185 1740 2258 post
1768 2175 1934 2240 biennium
1970 2175 2207 2258 pollicebantur

203 2267 330 2331 reiorum
351 2264 552 2345 captivitatis,
575 2269 604 2329 et
624 2265 666 2330 cd
688 2265 871 2342 sacerdotes,
893 2268 921 2328 et
942 2263 985 2328 od
1000 2262 1179 2344 propbetas,
1233 2263 1298 2328 illis
1327 2262 1437 2326 omnia
1467 2281 1631 2342 prospera.
1681 2259 1872 2326 Notandum
1902 2272 2010 2327 autem
2039 2271 2090 2326 est
2121 2262 2207 2344 quod

203 2350 295 2416 etad
317 2350 499 2414 asinaeum
518 2349 683 2430 populum,
713 2369 802 2430 quen
831 2350 987 2429 captivum
1008 2348 1182 2412 abduceret
1233 2369 1298 2412 non
1323 2347 1448 2428 plebem
1471 2347 1633 2411 duntaxat
1654 2346 1806 2410 hortatur
1835 2346 1875 2410 ad
1907 2349 2115 2427 patientiam,
2148 2346 2206 2412 sed

205 2435 473 2502 Nabucbeduerer
495 2455 511 2498 e
534 2434 710 2500 Ierusalem
732 2435 768 2500 irs
790 2433 990 2516 Babylonem.
1232 2434 1416 2499 sacerdotes
1437 2453 1565 2514 quoque
1587 2442 1620 2496 et
1643 2432 1829 2514 prophetas.
1868 2432 1942 2498 Etsi
1964 2443 2072 2498 autam
2095 2443 2208 2514 postea

1234 2520 1418 2584 videbimus
1445 2519 1547 2583 fuisse
1575 2517 1643 2583 illic
1672 2519 1769 2582 etiam
1801 2518 2007 2599 impostores,
2044 2520 2098 2600 qui
2127 2517 2208 2584 falso

293 2604 358 2670 Hic
381 2625 503 2670 novum
532 2625 716 2670 sermonem
745 2605 872 2669 orditur
894 2604 1064 2686 propheta,
1094 2604 1180 2686 quod
1233 2605 1391 2670 instarent
1416 2625 1533 2668 nomen
1563 2601 1808 2686 propheticum,
1839 2604 2004 2685 probabile
2026 2614 2134 2667 temen
2158 2612 2208 2670 est

205 2691 331 2758 scilicet
354 2711 420 2754 non
441 2699 566 2754 tantum
584 2691 805 2774 ierosolymae
827 2690 958 2754 assidue
982 2690 1180 2756 vociferatus
1233 2689 1466 2772 comprehendi
1488 2689 1550 2754 hoc
1572 2689 1642 2754 loco
1664 2690 1762 2753 etiam
1787 2690 1843 2771 qui
1866 2688 2002 2770 praediti
2026 2701 2121 2752 crant
2143 2689 2209 2771 spi-

204 2777 265 2859 cit,
296 2787 333 2840 ιιι
355 2776 582 2858 resipiscerent
603 2776 728 2851 Iudaei,
749 2778 812 2859 ‚qui
835 2776 902 2840 illie
925 2775 1031 2841 adbuc
1059 2777 1180 2840 residui
1234 2777 1299 2840 ritu
1313 2774 1376 2838 Dei
1389 2774 1429 2840 ad
1443 2774 1787 2840 vaticinandum:sivc
1805 2775 2129 2856 quiaelangueretin
2143 2774 2208 2838 illis

205 2870 317 2938 erant,
346 2861 402 2926 sed
425 2861 524 2926 etiam
554 2863 756 2946 mitigaverit
784 2861 936 2928 exsulum
962 2861 1118 2941 dolorem,
1147 2870 1181 2925 at
1234 2861 1380 2942 spiritns,
1409 2862 1481 2926 sire
1508 2861 1584 2940 quia
1617 2861 1706 2924 Deus
1737 2881 1800 2924 non
1831 2880 1961 2942 semper
1990 2859 2128 2942 largitus
2159 2869 2209 2924 eat

205 2947 357 3012 hortatus
380 2948 478 3012 luerit
500 2947 541 3012 ad
559 2969 647 3029 spem
671 2946 804 3022 reditus,
827 2949 856 3012 si
874 2948 1037 3029 patienter
1059 2949 1181 3012 ferrent
1233 2947 1384 3012 omnibus
1406 2946 1524 3010 omnia.
1559 2945 1672 3009 Potuit
1694 2963 1772 3026 ergo
1794 2946 1864 3008 lieri
1889 2957 1923 3008 ut
1941 2944 2076 3008 docendi
2099 2953 2210 3009 essent

204 3032 438 3098 correctionem
462 3033 522 3096 sibi
546 3034 748 3115 impositam:
772 3055 956 3117 quanquam
981 3031 1103 3116 duplex
1121 3035 1181 3098 luit
1235 3032 1422 3114 prophetae,
1453 3031 1571 3112 quibua
1605 3028 1666 3096 hoo
1700 3031 1791 3095 Dens
1822 3051 1886 3094 non
1919 3031 2126 3112 patefecerat,
2156 3030 2209 3095 vel

204 3119 383 3201 prophetae
411 3119 593 3184 eonsilium.
639 3118 752 3200 Neque
774 3120 861 3184 enim
882 3118 997 3183 solatio
1020 3120 1182 3182 duntaxat
1234 3138 1371 3199 quorum
1395 3129 1521 3181 mentes
1544 3127 1640 3179 erant
1663 3114 1757 3180 malis
1779 3115 1936 3180 suffocati.
1972 3113 2143 3194 Quantum
2167 3114 2210 3178 ad

205 3205 359 3286 mitigare
381 3203 484 3269 voluit
508 3204 676 3268 tristitiam
699 3204 861 3277 exsulum.
884 3204 941 3268 sed
960 3203 1057 3268 simul
1076 3204 1182 3268 voluit
1234 3203 1419 3269 secerdotes
1441 3203 1592 3284 pertinet,
1616 3200 1693 3266 hino
1715 3194 1899 3282 colligimus
1919 3201 1987 3265 iere
2009 3222 2028 3264 a
2051 3201 2209 3282 principio

204 3290 360 3373 frangere
389 3288 638 3354 obstinationem
668 3291 776 3370 gentis
805 3311 893 3371 snae,
925 3299 961 3352 ut
989 3291 1045 3370 qui
1075 3289 1182 3355 adbuc
1234 3310 1289 3354 eoa
1311 3288 1468 3354 decidisse
1491 3309 1510 3351 a
1532 3308 1592 3351 suo
1615 3307 1760 3360 munere,
1791 3289 1945 3368 quoniam
1973 3287 2111 3352 fuissent
2136 3307 2209 3368 pro·

205 3387 301 3440 erant
330 3375 522 3456 superstites
546 3374 765 3457 ierosolymae
795 3384 829 3440 et
851 3377 884 3439 in
909 3374 1031 3438 Iudaea
1061 3379 1182 3440 scirent
1234 3375 1352 3458 phetae
1374 3375 1447 3456 Dei,
1477 3373 1505 3438 ai
1531 3373 1671 3437 fideliter
1700 3374 1924 3436 exercuissent
1956 3393 2075 3435 munus
2104 3391 2209 3436 sacer-

204 3459 287 3525 nihil
311 3459 372 3524 sibi
395 3481 467 3524 esse
491 3461 616 3534 melius,
640 3479 736 3541 quam
758 3481 829 3526 sese
847 3461 920 3524 aliis
939 3461 1007 3525 suis
1026 3460 1181 3526 fratribus
1234 3460 1357 3525 dotale:
1393 3469 1426 3524 et
1454 3459 1516 3523 fuit
1545 3456 1625 3522 illud
1655 3459 1747 3540 qussi
1777 3457 2090 3535 extraordinarium,
2124 3455 2212 3537 quod

204 3545 393 3628 adiungere.
429 3545 676 3610 Meditabantur
698 3555 808 3610 autem
828 3544 952 3624 Iudaei,
975 3546 1182 3626 quemadmo-
1234 3546 1327 3610 Deus
1361 3546 1487 3627 aliquos
1519 3544 1620 3626 elegit
1653 3543 1845 3625 propbetas,
1880 3563 1940 3606 nec
1973 3543 2044 3606 sine
2077 3541 2209 3606 illorum

205 3630 284 3696 dum
304 3635 412 3696 visum
431 3631 504 3703 fuit,
528 3641 561 3696 et
580 3652 695 3695 rursus
716 3631 898 3696 videbimus
920 3631 1071 3712 pluribus
1094 3633 1182 3710 locis,
1234 3632 1422 3715 ignominia,
1447 3651 1548 3713 quum
1567 3629 1691 3694 scilicet
1709 3642 1818 3692 essent
1836 3627 2014 3710 degeneres
2032 3638 2065 3691 et
2087 3627 2209 3711 ignavi,

204 3717 470 3798 intempestivam
489 3716 724 3791 liberationem,
745 3717 842 3799 idque
860 3717 965 3780 inrito
981 3718 1059 3781 Deo.
1089 3717 1182 3783 Deus
1236 3718 1286 3781 vel
1309 3717 1383 3796 luci,
1417 3718 1471 3798 qui
1502 3716 1569 3779 solo
1602 3714 1700 3778 titulo
1734 3713 1967 3796 gloriabantur,
2002 3734 2103 3794 quum
2138 3714 2210 3794 ipsa

204 3803 292 3866 enim
316 3803 381 3867 illis
405 3805 601 3883 praelixerat
619 3823 722 3866 anuos
742 3803 792 3867 to,
827 3802 879 3866 llli
900 3818 1008 3866 antem
1028 3805 1182 3868 volebant
1234 3805 1356 3866 veritas
1378 3823 1432 3866 eos
1457 3801 1657 3865 destitueret.
1702 3799 1794 3866 Haec
1817 3801 1917 3880 igitur
1943 3798 2028 3862 ratio
2059 3798 2122 3862 luit
2151 3820 2211 3862 cur

204 3889 317 3954 statim
342 3909 563 3969 prorumpere,
594 3900 628 3952 et
651 3883 803 3970 fraegere
827 3889 940 3971 iugum
964 3888 1025 3953 sibi
1048 3889 1181 3970 imposi-
1235 3887 1370 3952 docendi
1394 3888 1516 3952 fuerint
1539 3887 1723 3969 promiscue
1748 3885 1846 3950 simul
1876 3905 1950 3950 cum
1974 3884 2075 3967 vulgo
2104 3883 2210 3948 bomi-

204 3981 286 4039 tum.
327 3974 416 4056 Ergo
440 3973 595 4038 Ieremias
619 3993 719 4054 quum
742 3973 896 4039 scriberet
919 3972 960 4037 ad
983 3975 1128 4054 captivos
1149 3981 1182 4038 et
1235 3995 1324 4037 num.
1368 3973 1466 4038 Nunc
1488 3974 1646 4054 sequitur,

203 4058 351 4137 exsules,
389 4058 495 4123 voluit
527 4059 771 4124 accommodare
809 4059 893 4122 hane
926 4058 1105 4124 doctrinam
1140 4059 1180 4123 ad

205 4144 354 4226 Iudaeos,
378 4145 434 4228 qui
458 4143 565 4209 adbuc
589 4145 766 4209 manebant
784 4143 1013 4226 ierosolymae,
1037 4159 1068 4208 et
1088 4157 1180 4226 puta-
1319 4144 1349 4208 2.
1380 4143 1552 4224 Postquam
1580 4162 1721 4226 epressus
1748 4143 1854 4224 sumat
1888 4140 2057 4206 Iccborticlr
2086 4161 2152 4223 res,
2183 4144 2211 4204 ei

207 4231 285 4294 bant
308 4251 417 4296 seeum
448 4230 613 4310 praeclare
635 4251 704 4295 esse
727 4243 851 4306 actum,
882 4230 967 4312 quod
992 4252 1057 4294 non
1081 4230 1180 4295 simul
1234 4230 1360 4295 domiue
1383 4228 1427 4314 (id
1447 4247 1506 4308 est,
1530 4231 1645 4310 regina
1661 4239 1765 4292 mater
1783 4226 1877 4313 eins),
1901 4233 1930 4292 et
1945 4247 2099 4309 proceres,
2116 4227 2211 4308 pric-

205 4316 331 4397 abrepti
366 4326 477 4380 essent
506 4337 579 4380 oum
611 4337 687 4398 rege
712 4337 783 4390 suo,
816 4329 849 4380 et
878 4337 952 4379 cum
982 4316 1046 4380 alia
1076 4315 1180 4382 turba.
1233 4317 1316 4398 cipes
1337 4315 1489 4398 lateret,
1512 4313 1745 4397 etIerresolem,
1768 4319 1795 4378 et
1817 4315 1942 4396 artifex,
1965 4318 1993 4378 et
2014 4314 2151 4393 sculptor
2172 4332 2210 4378 ee

205 4400 273 4466 Sed
297 4401 428 4466 interim
452 4401 556 4464 voluit
577 4404 675 4466 etiam
699 4401 851 4484 prodesse
875 4403 1003 4466 miseris
1025 4402 1098 4480 illis,
1126 4403 1180 4483 qui
1234 4401 1416 4467 Icmrsolem.

204 4492 359 4567 poterant
391 4487 484 4551 obrui
519 4488 754 4569 desperatione,
788 4490 851 4552 nisi
881 4489 990 4569 aliqua
1017 4510 1060 4552 ex
1088 4499 1181 4570 parte

204 4572 327 4636 lenitus
349 4573 462 4637 fuisset
484 4572 630 4655 ipsorum
654 4572 752 4638 dolor.
799 4573 974 4655 Propheta,
999 4585 1036 4636 ut
1060 4574 1180 4638 videbi·
1320 4573 1463 4653 Tempus
1486 4572 1585 4634 etiam
1610 4570 1760 4654 designat
1782 4590 1847 4652 quo
1876 4571 1996 4634 missus
2025 4570 2088 4632 fuit
2119 4567 2209 4647 liber,

204 4678 288 4736 mus,
311 4659 400 4722 iubet
422 4679 476 4722 eoa
499 4658 660 4738 respicere
683 4659 722 4722 ad
746 4662 845 4724 finem
869 4659 1077 4740 captivitatis.
1124 4660 1180 4723 In·
1234 4679 1352 4739 nempe
1376 4657 1471 4738 paulo
1487 4668 1562 4738 post
1577 4656 1803 4731 calamitatem,
1827 4676 1909 4737 quae
1932 4657 2092 4720 acciderat
2108 4674 2210 4735 quum

205 4751 296 4809 terea
326 4754 435 4809 eutem
467 4744 618 4808 bortatur
646 4745 686 4809 ad
711 4744 932 4822 tolerantiam,
962 4755 995 4808 et
1018 4744 1090 4808 vult
1111 4767 1181 4810 esse
1234 4765 1293 4808 rex
1317 4742 1493 4808 lechonieh
1516 4743 1614 4806 simul
1633 4763 1709 4808 cum
1732 4752 1838 4806 matre
1861 4753 1985 4808 tractus
2008 4741 2071 4804 fuit
2093 4741 2125 4804 in
2150 4760 2208 4802 ex·

205 4829 331 4910 quietos
353 4839 386 4894 et
405 4830 556 4910 placidos,
580 4840 613 4894 et
632 4851 694 4894 non
714 4831 918 4907 tumultuari,
942 4830 1043 4895 donec
1066 4851 1182 4894 manus
1234 4831 1353 4911 silium,
1377 4839 1410 4892 st
1432 4847 1600 4891 successor
1622 4827 1801 4892 Zedecbias
1821 4829 1855 4890 in
1879 4829 1948 4892 eius
1978 4827 2084 4890 locum
2116 4847 2208 4907 prae·

205 4914 271 4978 Dei
302 4914 343 4979 ad
373 4917 460 4998 ipsos
491 4915 673 4980 liberandos
706 4916 902 4997 apparuerit.
950 4914 1042 4980 Dicit
1072 4927 1181 4980 autem
1234 4917 1339 4979 fectus
1363 4915 1431 4988 fuit,
1465 4925 1503 4976 ut
1532 4915 1630 4996 paulo
1661 4926 1734 4996 post
1763 4913 1956 4978 videbimus.
2004 4913 2091 4993 Ergo
2122 4914 2209 4976 inter

204 5020 240 5066 se
259 5000 427 5082 scripsisse
455 5001 572 5065 librum
602 5002 644 5066 cd
665 5002 811 5079 residuos
839 5021 939 5082 serres,
971 5002 1047 5082 quia
1068 5001 1102 5064 in
1126 5001 1182 5065 illa
1234 5001 1305 5083 ipsa
1330 4998 1490 5080 principia
1513 5001 1704 5064 mutationis
1727 5002 1857 5080 scripsit
1873 4998 2029 5062 ieremias
2048 4999 2087 5062 ad
2105 4999 2208 5079 cepti-

205 5095 312 5150 aetate
343 5086 453 5168 plures
481 5099 576 5152 erant
606 5087 735 5152 mortui.
781 5086 837 5152 Sic
859 5088 947 5150 enim
971 5088 1034 5150 iert
1064 5098 1182 5151 natura
1234 5107 1302 5152 vos.
1347 5086 1441 5149 Tune
1463 5091 1573 5149 autem
1596 5086 1772 5152 omniasic
1795 5087 1978 5164 fervebant,
2001 5085 2110 5147 utalii
2137 5085 2209 5165 plus

204 5179 242 5236 ut
264 5193 369 5250 senes,
399 5175 454 5252 qui
477 5174 610 5253 propius
639 5181 845 5238 accesserunt
873 5173 913 5236 ad
938 5184 1059 5238 metam
1083 5174 1180 5248 vitae,
1234 5192 1331 5253 quam
1359 5172 1438 5235 satis
1467 5183 1554 5236 esset
1584 5185 1776 5250 metuerent,
1807 5173 1862 5235 elii
1894 5193 1971 5234 vero
2001 5170 2209 5252 (conciperent

204 5257 331 5339 priores
361 5258 552 5323 moriantur.
598 5257 689 5324 Dicit
710 5281 788 5344 ergo
818 5259 1036 5338 rescripsisse
1058 5259 1100 5324 ad
1122 5279 1181 5338 eos,
1234 5277 1335 5323 vanas
1358 5277 1440 5339 spes,
1465 5268 1502 5321 ut
1524 5258 1606 5323 solet
1625 5258 1745 5322 fieriin
1763 5257 2084 5322 rebusturbulentis.
2120 5257 2209 5338 Ergo

204 5345 261 5426 qui
283 5353 362 5409 tunc
384 5343 561 5410 manebant
583 5347 785 5426 superstites.
819 5345 915 5410 Unde
938 5345 1036 5408 etiam
1059 5343 1182 5428 colligi·
1234 5343 1270 5409 in
1292 5342 1349 5408 illa
1371 5343 1494 5408 recenti
1516 5344 1703 5410 calamitate
1730 5344 1860 5427 scripsit
1882 5343 2054 5409 Ieremias:
2085 5353 2119 5408 et
2146 5342 2209 5407 hoc

1953 5446 2004 5500 st·
