5134 6124
232 387 290 454 181
936 390 986 456 IN
1008 387 1257 456 lunellum.
1298 389 1398 457 osP.
1419 389 1515 457 XIV.
2163 397 2228 463 182

231 575 295 656 via,
327 575 356 640 si
377 575 461 642 forto
490 576 580 644 loeus
613 579 731 661 aliquis
761 577 804 644 sit
831 575 959 644 aridior.
1004 577 1069 645 Ubi
1092 584 1201 642 entem
1253 575 1377 660 digium
1400 580 1469 644 toro
1491 578 1526 642 in
1550 578 1605 644 illu
1627 577 1691 644 Dei
1715 579 1871 660 eindiots,
1899 601 1982 665 quae
2004 581 2156 662 instabat,
2184 605 2226 650 ns

231 679 336 746 noque
357 661 392 725 in
412 663 561 730 eisternis
582 663 759 748 quidquem
777 667 829 730 est
845 663 1024 741 residuum,
1046 671 1079 728 ot
1096 663 1202 728 tontes
1254 660 1366 726 Iudaei
1389 664 1541 748 ignorent
1562 675 1595 730 et
1616 664 1751 745 eoelum,
1773 675 1806 729 et
1829 677 1959 745 torrem,
1982 676 2015 734 ot
2033 671 2142 734 omnia
2162 670 2227 736 ele-

231 747 331 812 etiem
352 746 414 830 ipsi
437 755 547 830 potum
571 748 749 834 denegent,
779 749 856 814 hino
879 756 967 813 uerte
996 747 1203 832 eognosoitur
1254 759 1366 812 mente
1388 751 1508 815 ermari
1526 748 1642 828 aDoo,
1667 752 1819 834 quoniam
1837 752 1884 817 ita
1902 753 2009 819 meriti
2027 755 2103 818 sint.
2137 753 2225 836 Quin

230 832 491 898 extraordinaria
525 835 586 899 Dei
620 835 780 900 vindiete:
815 834 899 916 quod
933 833 986 898 hio
1019 835 1202 915 exprimere
1253 832 1350 896 etiam
1369 836 1486 918 portet,
1517 835 1636 917 inquit,
1666 855 1755 901 oeroo
1776 838 1812 901 te
1832 856 1925 920 opro:
1953 837 2079 916 deinde,
2111 841 2227 906 deseret

231 918 333 983 voluit
348 917 513 984 Ieremias.
546 919 624 984 Ideo
648 920 726 986 dioit
746 921 890 1002 maturos
910 919 1021 1000 (aueo,
1043 918 1203 984 erubuisse
1250 915 1368 997 soetsea
1395 938 1497 985 mam.
1542 921 1610 985 Onr
1639 933 1749 984 eutem
1780 923 1886 1003 periet
1915 923 1948 987 in
1971 923 2073 1008 egro?
2107 943 2226 1009 nempe

231 1009 259 1070 et
279 1003 469 1086 toopmieee
490 1009 583 1086 eaput
603 1023 707 1070 mam.
751 1005 821 1069 Iam
844 1007 1001 1087 sequitur,
1248 1004 1328 1084 'quie
1357 1025 1421 1069 non
1445 1005 1586 1088 reperiet
1614 1005 1648 1068 in
1672 1005 1848 1084 montibus,
1880 1017 1913 1071 et
1934 1010 1968 1073 in
1991 1009 2104 1092 sylvis,
2135 1011 2224 1075 etin

1252 1087 1358 1153 solitis
1380 1093 1510 1171 paeonis
1532 1086 1678 1155 horbem.
1716 1090 1808 1155 Idem
1832 1091 1930 1157 otiam
1954 1093 1993 1158 de
2015 1095 2145 1178 onagris
2167 1095 2225 1159 ed·

315 1175 347 1240 4.
371 1173 505 1255 Propter
526 1179 643 1276 ίρνναιιι
664 1175 812 1257 offlootom
835 1173 1031 1273 (oontritam,
1054 1172 1201 1273 pelonis·
1253 1170 1315 1270 dit.
1349 1172 1470 1258 Ottuprt'
1495 1179 1641 1274 steterum
1661 1195 1757 1258 super
1777 1195 1880 1277 tropos,
1908 1179 2030 1278 inquit:
2060 1190 2225 1244 ettamen

232 1258 1202 1429 tletltlltttelllt,illstffltteltlltl
1253 1277 1373 1424 {till
1395 1258 2130 1428 ltssltltlst‘fttl,lltttltlslt
2151 1285 2225 1432 tt,

231 1429 514 1512 pulverulentam,
544 1431 594 1495 vel
622 1432 784 1497 ooneisem
814 1429 1003 1516 signitioot),
1036 1430 1114 1512 quio
1142 1448 1202 1492 ooo
1253 1429 1382 1508 spiuues
1414 1431 1483 1495 toro
1516 1439 1611 1496 notem
1637 1431 1803 1497 vindictae
1830 1433 1893 1498 Dei
1926 1434 1960 1498 in
1991 1434 2047 1499 illa
2076 1436 2223 1517 penuria.

230 1515 293 1596 suit
309 1515 423 1597 plaute
441 1519 476 1581 io
492 1521 586 1596 terro,
608 1516 733 1597 ooefuse'
752 1520 824 1582 earet
842 1515 998 1598 osseus
1019 1513 1087 1600 (vel
1106 1513 1202 1596 pudo·
1254 1511 1407 1580 Steterunt
1428 1535 1507 1599 ergo
1528 1517 1640 1598 onoprt
1660 1535 1755 1600 saper
1771 1537 1874 1599 rupee,
1895 1524 1924 1582 et
1944 1519 2033 1585 illino
2053 1519 2225 1586 tommo

231 1601 308 1666 faeti
330 1613 417 1667 sent:
440 1603 559 1685 repetit
577 1600 658 1667 illud
677 1601 813 1668 verbum
836 1599 920 1686 twa),
942 1603 1203 1684 etooopemenutt
1252 1604 1374 1665 mma
1402 1605 1553 1683 tunquam
1573 1607 1737 1684 serpentes.
1782 1601 1869 1684 Quia
1890 1623 2030 1688 megene
2053 1614 2103 1670 est
2126 1605 2223 1671 ardor

230 1691 324 1768 eaput
344 1705 437 1752 meon
457 1687 566 1773 (etiem
589 1686 726 1752 eandem
749 1685 922 1751 diutionem
946 1682 1088 1769 repetit).
1252 1684 1286 1748 in
1310 1686 1516 1769 serpentibus
1538 1697 1670 1769 propter
1692 1687 1831 1752 oelorem
1854 1688 2031 1773 internum,
2061 1697 2225 1775 eoguntur

1254 1780 1389 1836 ventem
1419 1771 1561 1852 haurire,
1591 1783 1631 1836 nt
1657 1783 1838 1855 temperent
1867 1773 2058 1840 interiorem
2086 1783 2224 1853 aestum,

316 1857 457 1924 Dixerat
490 1857 664 1941 propbeta,
696 1856 838 1922 Etiamsi
871 1864 975 1920 totum
1009 1856 1130 1940 vulgus
1161 1854 1203 1919 ed
1253 1875 1317 1937 quo
1345 1867 1498 1922 uruntur.
1544 1857 1633 1922 Dioit
1660 1857 1821 1940 propheta
1849 1878 1984 1944 meopros
2011 1859 2081 1942 fore
2104 1859 2225 1926 sonte

231 1962 332 2092 ιιὲιιιιε
354 1942 653 2092 ptuitpiatur,dtemen
677 1949 1026 2107 rppsqnfflrtpm
1048 1943 1106 2092 inti:
1136 1941 1201 2040 iam
1251 1941 1571 2092 serperetilpoe35qnie
1597 1953 1743 2042 urentur,
1765 1943 1900 2092 &lonquilt
1934 1944 2036 2094 ¹⁰⁹⁸?
2061 1945 2227 2094 tamehut

229 2048 421 2196 tues
439 2048 523 2178 tt
537 2047 758 2196 bibite
778 2117 921 2192 meo,
935 2045 1202 2211 tlltletlill
1252 2045 2226 2212 llt‘tlnttttttttte·ettltttte:t

229 2207 384 2265 eonteret.
419 2198 503 2264 Nam
523 2198 578 2263 ubi
600 2200 726 2264 eoelum
748 2198 935 2282 suppeditet
957 2197 1080 2281 aliquid
1104 2216 1201 2277 sueor,
1251 2195 1354 2263 berto.
1409 2197 1505 2264 Nune
1540 2209 1689 2265 tenemus
1726 2218 1888 2264 sommam
1926 2199 2025 2266 burne
2060 2199 2224 2266 vatidnii:

230 2294 319 2350 terra
347 2282 408 2349 boo
433 2283 528 2348 modo
557 2283 753 2348 soliditatem
784 2303 877 2348 suam
910 2285 1046 2348 retinet:
1080 2282 1136 2348 sod
1166 2283 1200 2347 io
1252 2280 1355 2346 voluit
1388 2282 1512 2349 soilioet
1534 2282 1626 2350 Dens
1659 2304 1725 2349 non
1756 2293 1885 2349 tentum
1915 2284 2047 2352 Iudaeis
2081 2285 2225 2368 praediti

229 2367 425 2454 gravissimo
456 2378 548 2434 aestu
571 2367 719 2434 videmus
748 2379 784 2433 ut
807 2380 894 2434 terra
924 2370 1016 2451 quasi
1045 2368 1201 2452 liquescat
1251 2367 1337 2450 quod
1361 2369 1506 2434 futurum
1529 2369 1718 2451 paulopost
1740 2376 1821 2450 erat,
1845 2367 2024 2436 sedetiam
2048 2369 2224 2436 monstrari

228 2453 264 2518 in
285 2453 464 2538 pulverem,
486 2452 622 2536 perinde
643 2473 681 2520 ao
703 2454 731 2520 si
753 2454 787 2518 in
809 2456 963 2520 mortario
984 2453 1094 2536 pulvis
1115 2462 1201 2518 esset
1250 2453 1343 2534 quasi
1373 2453 1476 2537 digito
1503 2473 1595 2520 snam
1617 2454 1807 2533 vindiotam,
1837 2476 1879 2520 ne
1902 2475 1960 2537 pro
1982 2475 2073 2521 moro
2099 2475 2159 2521 suo
2183 2455 2224 2520 ad

228 2540 373 2604 attritus.
419 2538 554 2621 Propter
574 2545 700 2622 mom,
723 2539 839 2622 inquit,
860 2539 1019 2622 afflictum,
1042 2540 1119 2621 quia
1139 2557 1200 2603 ooo
1251 2557 1366 2604 oeneus
1388 2539 1559 2605 interiores
1580 2561 1615 2605 so
1633 2542 1832 2606 conterrent:
1855 2541 1911 2604 sod
1931 2539 2053 2606 seirent
2071 2561 2105 2606 se
2121 2542 2224 2607 iustas

229 2630 274 2691 est
303 2625 433 2708 pluuia,
465 2623 624 2706 pudefient
655 2623 812 2708 αρνὶοοῑαε
843 2629 871 2690 et
901 2625 1075 2705 oooperiorrt
1108 2629 1200 2706 eaput
1252 2643 1373 2708 poenas
1394 2624 1555 2690 soolerum
1577 2623 1664 2704 dere,
1691 2625 1846 2709 quoniam
1868 2625 2054 2710 prodigiosa
2076 2633 2146 2692 erat
2167 2625 2226 2690 illa

229 2729 332 2795 ιιιιιιιι,
362 2729 480 2793 nempe
507 2712 583 2793 quie
612 2729 740 2776 moeror
762 2729 828 2775 non
852 2719 979 2776 tantum
1010 2711 1098 2793 ipsos
1123 2730 1199 2775 oon·
1252 2711 1408 2793 penurie,
1442 2717 1555 2795 utpote
1587 2731 1670 2794 quae
1703 2711 1836 2776 modum
1871 2721 2009 2777 naturas
2042 2709 2223 2776 excederet.
2266 2715 2268 2720 “

230 2795 380 2879 stringet,
407 2793 463 2861 sed
486 2795 584 2860 etiem
606 2795 744 2860 inentiot
766 2794 933 2878 pudorem,
967 2797 1014 2860 ito
1035 2804 1073 2860 ut
1094 2794 1201 2860 leuem
1251 2793 1350 2861 Nune
1371 2795 1525 2878 seqnitur.
2186 2833 2190 2842 ·

229 2881 357 2965 tugiam
394 2889 428 2945 et
467 2889 675 2963 oonspootnm
713 2881 895 2946 bominum.
960 2882 1053 2947 Haeo
1089 2881 1201 2944 omnia

231 2966 374 3032 tendunt
401 2965 435 3030 in
457 2965 596 3030 eundem
624 2967 734 3044 finem,
763 2975 801 3030 ut
822 2967 968 3031 sentient
988 2964 1104 3032 Iudaei
1132 2984 1201 3030 non
1340 2965 1369 3031 l.
1401 2964 1439 3030 et
1459 2964 1641 3046 epotator
1660 2970 1783 3030 nostroe
1805 2963 2009 3047 testificaretur
2032 2968 2136 3030 metro
2157 2983 2224 3047 noe,

229 3050 362 3116 fortuito
384 3071 419 3117 se
440 3071 551 3117 oerore
572 3051 675 3134 equis,
697 3051 753 3117 sed
775 3051 852 3134 qnia
873 3051 967 3117 Dens
989 3060 1096 3134 torrae
1117 3051 1200 3134 ipso
1254 3049 1401 3134 Iedovob,
1421 3050 1474 3132 foe
1490 3055 1621 3132 propter
1641 3069 1751 3116 notun
1770 3055 1876 3115 mam:
1903 3050 1982 3132 quio
2002 3048 2225 3130 malttptt'eotoe

229 3157 302 3202 rum
332 3135 549 3214 maledixerit,
579 3157 622 3201 ne
646 3144 756 3219 potum
785 3146 984 3220 suggereret,
1015 3137 1114 3202 etiam
1141 3154 1200 3218 pro
1252 3137 1524 3202 matamorus
1544 3139 1680 3213 nomae,
1701 3136 1736 3199 io
1757 3140 1785 3200 te
1805 3135 1950 3202 scelerate
1971 3136 2100 3219 opimae.

230 3222 395 3288 eommuni
418 3223 543 3287 retione
566 3231 710 3286 naturae.
756 3219 922 3305 Sequitur,

1339 3305 1413 3371 Non
1453 3303 1588 3371 dubium
1622 3310 1672 3370 est
1704 3305 1784 3388 quin
1817 3304 1978 3389 prophete
2010 3304 2063 3370 hio
2097 3302 2224 3369 hortari

315 3392 345 3458 u.
373 3391 570 3474 Quinetiam
592 3411 681 3457 aereo
703 3391 738 3456 iu
760 3411 836 3476 apro
854 3392 991 3475 peperit,
1020 3392 1202 3458 etdeeerwit
1251 3390 1394 3456 voluerit
1414 3389 1553 3456 Iudaeos
1578 3410 1638 3455 suo
1660 3391 1810 3473 exemplo
1832 3389 1873 3455 ed
1895 3390 2025 3456 voniem
2048 3388 2225 3472 deprenen-

231 3476 362 3563 (nompe
385 3479 506 3543 loetum
529 3476 649 3563 ouum),
671 3478 748 3558 quta
768 3497 830 3542 aon
848 3477 912 3560 suit
932 3477 1036 3542 laerte.
1253 3476 1343 3544 dent:
1373 3497 1476 3560 noque
1506 3485 1615 3541 temen
1644 3477 1788 3558 suseepit
1802 3476 1844 3541 'in
1866 3495 1901 3540 so
1922 3475 1970 3540 ite
1992 3474 2132 3539 aliorum
2153 3494 2226 3556 per·

316 3563 346 3628 6.
370 3561 415 3626 Et
435 3563 546 3646 onagri
567 3567 714 3627 steterant
735 3582 830 3644 super
846 3563 968 3630 eeoeteo
988 3561 1143 3650 (diximus
1161 3563 1202 3628 de
1253 3583 1377 3639 sonem,
1400 3581 1438 3626 eo
1460 3562 1487 3627 si
1508 3560 1665 3626 immunis
1687 3569 1773 3626 esset
1796 3562 1837 3627 ab
1857 3561 1946 3626 omni
1969 3558 2075 3640 onlpe.
2110 3557 2225 3642 Neque

230 3648 292 3714 hoe
314 3647 462 3713 nomine:
485 3667 583 3730 super
601 3647 695 3725 lebia,
718 3647 774 3712 vel
792 3647 996 3730 eminentias,
1019 3648 1071 3715 vel
1089 3648 1202 3733 rupee)
1253 3649 1340 3713 enirn
1363 3647 1480 3713 iustior
1502 3653 1572 3712 eret
1593 3664 1692 3727 quam
1710 3643 1840 3724 Daniel,
1863 3647 1917 3728 qui
1941 3655 2060 3722 tamon,
2084 3651 2121 3707 ut
2142 3641 2226 3710 vidi·

229 3737 395 3798 troaeraat
414 3738 537 3798 aeratam
558 3730 776 3817 (hauserunt),
797 3733 877 3798 sieut
897 3739 1065 3816 serperetes:
1090 3735 1202 3816 defeae-
1253 3753 1342 3810 mus,
1373 3741 1511 3798 testetur
1540 3751 1575 3796 se
1604 3749 1670 3794 non
1699 3731 1811 3813 populi
1840 3739 1985 3810 tentum,
2016 3727 2072 3794 sod
2095 3729 2227 3812 propria

229 3823 304 3884 root
331 3816 413 3884 oeute’
441 3837 556 3901 sorore,
589 3818 667 3899 quia
695 3837 758 3883 too
786 3817 850 3900 fuit
875 3817 967 3883 loerbo
999 3817 1118 3905 (utitur
1139 3819 1202 3884 elio
1254 3819 1354 3883 otiam
1375 3825 1507 3898 poetata
1529 3815 1711 3882 oontessum
1734 3836 1805 3882 esse
1827 3834 1934 3882 eoram
1953 3815 2035 3879 Deo.
2069 3813 2227 3880 Ieremias

230 3903 369 3981 nomino,
399 3912 551 3986 posuerat
572 3914 646 3970 tetri
669 3903 775 3986 prius,
805 3923 895 3969 nuno
916 3903 1008 3985 ponit
1029 3917 1111 3983 nvp,
1144 3903 1201 3969 sod
1254 3903 1352 3968 otiam
1386 3901 1536 3986 quamvis
1572 3921 1638 3966 non
1671 3909 1758 3966 osset
1786 3921 1827 3966 ex
1848 3898 1911 3964 Dei
1938 3899 2226 3979 oontemptoribus,

123 4047 126 4051 .
231 3988 342 4054 eodem
365 3989 488 4075 sensu).
1255 3987 1307 4054 vel
1335 3987 1477 4070 profanis
1505 3985 1581 4066 illis,
1610 3987 1665 4068 qui
1693 3987 1741 4050 ite
1770 3987 1854 4051 irem
1876 3984 1940 4050 Dei
1959 3994 2224 4067 provocaverant,

1254 4083 1362 4139 tamen
1386 4073 1463 4154 quia
1485 4093 1570 4137 unns
1591 4079 1661 4136 erat
1683 4092 1723 4136 ox
1745 4070 1875 4154 populo,
1901 4069 2072 4137 coniunxit
2092 4088 2129 4134 se
2151 4089 2225 4135 oum

315 4157 387 4222 Iam
408 4158 449 4223 ed
472 4159 566 4222 bruta
590 4178 716 4240 quoque
739 4157 895 4223 animalia
924 4158 1091 4226 deseendit
1112 4159 1202 4225 Ioro-
1253 4158 1403 4240 reliquis:
1426 4156 1521 4240 idque
1544 4157 1620 4222 feeit
1640 4156 1766 4224 sineere
1789 4156 1917 4234 affeetu,
1940 4175 2003 4220 non
2019 4175 2078 4236 per
2093 4153 2225 4220 simula-

231 4244 329 4308 mias:
360 4243 517 4308 haetenus
540 4242 624 4307 dixit
653 4242 802 4308 homines
830 4243 901 4310 foro
923 4245 1116 4324 sitionlosos,
1145 4246 1200 4310 de·
1254 4245 1385 4310 tionem.
1445 4243 1544 4325 Atqui
1585 4249 1712 4324 poterat
1751 4243 1867 4308 tenitas
1905 4259 2017 4324 preoes
2054 4239 2225 4324 ooneipore

230 4328 305 4393 inde
335 4337 455 4392 terrem
486 4330 599 4409 ipsam,
632 4327 678 4392 ita
707 4338 745 4394 ut
776 4329 907 4394 attoniti
936 4331 1002 4395 sint
1030 4329 1201 4414 agriooleo.
1254 4329 1341 4394 domi
1374 4345 1467 4394 suae:
1500 4349 1558 4394 our
1587 4345 1665 4410 ergo
1695 4325 1780 4396 hene
1802 4324 1955 4409 protendi
1986 4326 2120 4391 formem
2150 4346 2225 4407 pro·

230 4411 328 4478 Nune
351 4412 430 4478 dioit
458 4412 554 4477 etiam
583 4432 723 4496 onagros
746 4423 778 4477 ot
800 4434 915 4480 oervas
945 4417 1012 4480 loro
1035 4424 1202 4482 oonsortes
1254 4412 1438 4498 mulgavit‘l
1473 4434 1530 4479 our
1561 4411 1666 4477 voluit
1698 4411 1793 4496 quasi
1825 4411 1961 4494 publiois
1994 4408 2114 4476 tabulis
2147 4430 2224 4476 oon·

230 4498 327 4564 huius
349 4497 492 4581 inopiae:
523 4496 630 4580 Geren,
659 4497 775 4580 inquit,
802 4501 925 4584 peperit
946 4500 981 4565 ιἰι
1003 4521 1088 4584 apro,
1116 4501 1201 4583 quod
1252 4497 1398 4584 signari?
1434 4518 1553 4581 nempe
1585 4508 1622 4561 ut
1655 4497 1825 4584 populum,
1858 4496 2130 4579 quemadmodum
2158 4495 2225 4559 iem

229 4582 302 4648 fieri
324 4603 389 4648 non
411 4583 511 4648 solet:
539 4582 596 4648 sed
620 4583 698 4648 dioit
720 4589 847 4648 tantam
870 4585 939 4650 foro
961 4586 1140 4669 penuriam,
1165 4597 1202 4651 ut
1254 4584 1336 4661 dixi,
1371 4591 1519 4650 moveret
1547 4601 1606 4646 suo
1636 4583 1803 4666 exemplo,
1836 4592 1873 4646 ut
1898 4602 2012 4648 omnes
2034 4579 2226 4664 supplioiter

230 4689 346 4734 nervae
384 4668 557 4752 prosiliant
593 4687 695 4750 usqne
732 4668 774 4732 ad
808 4669 878 4736 looe
911 4670 1016 4753 plane.
1072 4669 1202 4738 Soimus
1254 4668 1294 4734 ad
1316 4668 1379 4734 Doi
1402 4665 1656 4734 misericordiam
1679 4667 1903 4750 eontngeront,
1930 4677 1963 4732 et
1984 4673 2134 4749 peterent
2156 4684 2224 4730 soe·

229 4773 343 4820 serves
372 4774 481 4819 errore
509 4755 544 4818 in
573 4752 652 4820 loeis
681 4751 853 4833 solitariis,
887 4763 921 4818 ot
950 4755 1017 4822 illio
1047 4776 1201 4839 quaerero
1252 4754 1359 4820 lerum
1388 4773 1521 4819 snorum
1551 4753 1692 4818 veniam.
1737 4752 1809 4818 Hoo
1838 4753 1938 4836 igitur
1960 4751 2024 4816 fuit
2045 4747 2225 4833 prophoteo

229 4857 326 4903 suum
354 4839 518 4923 pabulum,
547 4847 581 4904 ot
607 4858 673 4904 non
703 4839 749 4904 ita
777 4860 812 4905 se
838 4840 1014 4922 proiioere:
1049 4843 1124 4924 quie
1151 4844 1200 4908 in·
1252 4838 1434 4906 eonsilium.
1475 4839 1529 4902 Ita
1552 4838 1698 4904 videmus
1722 4838 1912 4904 vaticinium
1937 4836 1976 4902 de
1997 4837 2108 4900 lutura
2128 4833 2223 4914 ieme,

230 4923 341 5006 genite
365 4931 415 4988 eet
436 4923 501 4989 illis
530 4923 700 5002 timiditas,
731 4943 772 4988 ne
794 4945 829 4990 ss
851 4935 1018 5008 exponant
1047 4927 1200 5009 perieulo.
1252 4936 1286 4990 ot
1313 4925 1452 5007 penuria
1481 4925 1580 4990 tuisse
1607 4922 1740 5002 editum,
1770 4931 1807 4987 ut
1828 4922 1968 5006 populus
1989 4921 2058 4986 irae
2081 4919 2144 4986 Dei
2167 4921 2223 4984 ob·

229 5007 320 5074 Dioit
349 5018 472 5087 eutem,
504 5008 630 5076 Correo
662 5009 762 5093 ipses,
797 5029 880 5091 quae
910 5011 1066 5094 gravidae
1096 5020 1201 5090 ornat,
1253 5011 1336 5075 viam
1366 5010 1428 5073 iret
1459 5029 1518 5092 por
1545 5009 1784 5092 poenitentiam.
1831 5008 1962 5074 Soimus
1984 5006 2071 5070 enim
2095 5005 2224 5070 etiamsi

230 5100 390 5177 nugentur
412 5102 480 5158 tum
504 5095 617 5160 venire
646 5095 683 5159 in
705 5114 801 5181 agros
831 5115 910 5177 pree
939 5095 1041 5175 ieme,
1072 5105 1105 5162 et
1133 5097 1200 5164 illio
1253 5097 1344 5162 Deus
1374 5093 1519 5178 gledium
1551 5095 1735 5177 arripuerit,
1763 5114 1857 5175 poseo
1886 5101 1995 5158 temen
2026 5090 2157 5174 placari,
2188 5101 2224 5156 ut

230 5179 367 5260 perient,
391 5176 507 5244 deinde
530 5180 708 5263 aufugiant.
754 5181 857 5263 Atqui
878 5181 1068 5263 praeterunt
1095 5182 1200 5248 tostus
1251 5190 1302 5246 est
1323 5190 1443 5245 nature
1465 5178 1648 5245 exorabilis.
1683 5178 1813 5244 Deinde
1834 5176 1888 5242 hio
1909 5176 1986 5242 finis
2009 5187 2058 5241 est
2077 5175 2222 5242 omnium

229 5282 306 5328 suos
329 5263 478 5347 propriae
497 5265 591 5330 vitae.
624 5265 692 5333 Sed
709 5265 868 5349 propheta
890 5265 942 5332 bio
964 5267 1107 5334 ostendit
1127 5288 1200 5351 pro·
1253 5265 1491 5344 vatieiniorum,
1510 5271 1546 5330 ut
1560 5264 1776 5347 praevenient
1791 5263 1938 5328 hominos
1954 5262 2075 5329 oonsoii
2091 5281 2223 5328 suorum

1972 5363 2021 5417 12*
