5118 6136
287 401 288 406 κ
356 355 420 422 675
1162 352 1549 423 Pusuuuorlottus
1870 376 1873 386 ¹
2293 355 2356 420 676

356 564 472 620 suom..
500 544 663 626 quianon
687 550 814 608 tantum
839 540 972 607 tristitia
994 541 1056 607 fuit
1086 541 1240 625 affectus,
1271 542 1330 608 scd
1382 543 1447 607 alia
1469 541 1685 610 similitudine
1706 542 1917 627 conqueritur
1944 541 2031 626 apud
2053 541 2194 610 eundem
2217 543 2355 628 propbe-

356 631 480 698 fcntem
509 629 611 698 etium,
642 627 740 694 simul
774 628 957 713 reputavit,
989 626 1077 710 quod
1109 627 1232 694 scilicet
1263 629 1331 693 suis
1384 635 1460 708 tam,
1484 637 1522 694 ut
1545 628 1697 711 vidimus,
1720 648 1849 694 amaros
1871 627 1933 694 sibi
1955 629 2055 695 luisse
2078 627 2226 705 Iudaeos,
2248 629 2356 695 Vinea

358 715 500 800 peccatis
522 714 555 778 in
579 735 613 779 se
641 717 874 797 provocaverat
902 713 984 778 iram
1020 713 1091 780 Dei.
1136 714 1203 779 Per
1230 713 1332 780 odole-
1384 734 1474 796 mea,
1507 734 1567 797 ego
1589 722 1622 780 te
1645 713 1806 796 plantavi:
1840 733 1900 778 cur
1922 734 2000 799 ergo
2031 734 2190 780 conversa
2219 734 2254 780 es
2275 712 2356 780 mibi

355 802 508 870 scentiam
529 799 751 882 metaphorice
772 797 929 882 intelligit
949 807 1077 882 tempus
1095 817 1158 881 quc
1175 798 1330 864 luxuriati
1384 799 1418 864 in
1441 798 1719 865 amaritudinem?
1741 800 1788 866 sic
1806 799 1903 865 etiam
1924 819 2014 866 nunc
2032 798 2110 865 dicit
2125 799 2209 866 filios
2224 798 2356 882 quidem

358 896 438 954 sunt
459 885 638 964 Israelitae.
683 882 815 952 Scimus
844 884 932 948 enim
966 892 1107 966 quantus
1139 884 1181 950 sit
1214 885 1331 950 aetatis
1384 883 1445 949 sibi
1468 904 1539 950 esse
1561 884 1745 962 Israelitae,
1776 883 1833 950 sed
1863 884 1947 950 filios
1979 885 2071 967 pravi
2104 886 2244 968 ingenii,
2273 885 2356 951 filios

357 971 447 1037 illius
469 971 586 1037 fervor.
630 969 715 1036 Nam
738 970 772 1034 iu
795 969 928 1036 senibus
955 969 1029 1051 plus
1058 977 1109 1035 cst
1138 969 1331 1036 moderatio·
1383 969 1513 1035 immori
1538 991 1626 1046 eros,
1656 969 1741 1037 filios
1770 970 1827 1053 qui
1857 977 1984 1036 tantum
2002 978 2130 1054 patrem
2153 981 2356 1054 exasperent,

359 1057 419 1136 nis,
437 1055 493 1122 scd
514 1055 738 1123 adolescentes
754 1053 861 1120 adhuc
872 1054 1130 1138 intemperanter
1145 1053 1331 1121 lasciviunt.
1385 1055 1441 1137 qui
1476 991 1653 1122 vulnerent
1686 1055 1756 1121 eius
1789 1055 1954 1136 animum,
1987 1056 2042 1139 qui
2074 1075 2220 1121 moerore
2250 1058 2357 1138 ipsum

359 1142 449 1207 Metu
474 1141 587 1208 hcrica
605 1140 706 1226 igitur
727 1139 881 1223 loquutic,
911 1160 975 1223 quc
998 1140 1149 1223 designat
1170 1141 1333 1225 propheta
1384 1141 1567 1207 conficiant.
1601 1140 1723 1206 Postea
1745 1139 1905 1224 adiungit,
1933 1139 2016 1221 Quia
2038 1161 2075 1206 err
2097 1145 2230 1222 tompore
2253 1142 2358 1223 loquut-

358 1163 524 1294 Israelitae
558 1226 598 1292 ad
632 1237 763 1312 tempus
801 1225 984 1292 luxuriasse
1019 1225 1178 1291 adversus
1212 1227 1330 1303 Deum,
1384 1230 1435 1292 tce
1457 1245 1527 1291 eam
1557 1226 1593 1291 in
1620 1245 1663 1310 cc,
1692 1227 1738 1292 sic
1767 1234 1818 1292 cut
1843 1223 1884 1290 ad
1913 1225 2061 1292 verbum.
2106 1227 2286 1309 Receptum
2310 1239 2358 1292 cst

360 1314 513 1396 qnoniam
536 1311 660 1379 scilicet
682 1310 828 1377 nondum
850 1312 994 1394 ipsorum
1023 1311 1205 1393 petulantia
1227 1312 1333 1377 fuerat
1384 1311 1549 1379 communi
1571 1311 1640 1376 fere
1662 1313 1808 1376 omnium
1831 1326 2004 1391 consensu,
2034 1331 2099 1376 unc
2128 1319 2281 1378 contextu
2305 1311 2357 1377 du·

359 1399 510 1474 subactu,
543 1395 817 1480 quemadmodum
850 1405 928 1462 ante
962 1395 1047 1461 dixit
1075 1397 1198 1463 similes
1230 1398 1332 1463 luisse
1385 1399 1461 1462 bere
1483 1396 1563 1463 haec
1585 1396 1661 1482 legi,
1684 1397 1760 1479 quia
1782 1417 1824 1462 cx
1847 1417 1911 1480 quo
1934 1404 2080 1480 tempore
2102 1395 2255 1480 loquutus
2277 1419 2359 1477 sum,

359 1483 474 1552 vitulis
494 1482 671 1548 indomitis.
716 1480 884 1566 Sequitur,
1385 1483 1487 1548 etita
1509 1483 1709 1548 subaudiunt
1736 1481 1910 1548 relativum
1942 1494 2033 1559 Ἰιιιι,
2064 1483 2120 1547 sed
2149 1483 2191 1547 ad
2220 1482 2358 1548 verbnm

1384 1575 1444 1646 ert,
1468 1566 1557 1647 Quia
1579 1588 1599 1635 a
1621 1577 1766 1650 tempore
1789 1567 1943 1650 loquutus
1961 1587 2034 1633 uum
2053 1589 2126 1634 cum
2149 1587 2205 1634 ec:
2228 1582 2260 1638 tn
2283 1588 2359 1652 quc-

445 1655 497 1720 20.
519 1653 575 1720 Aa
594 1653 683 1734 filiae
699 1654 861 1734 pedicare
882 1651 962 1718 mili
983 1650 1165 1735 Ephraim?
1189 1673 1231 1718 ua
1243 1651 1334 1734 filius
1385 1673 1447 1737 quc
1470 1661 1612 1730 vertunt,
1636 1653 1676 1717 dc
1697 1674 1745 1718 ec.
1791 1652 1857 1718 Sed
1880 1673 2051 1735 possumus
2075 1654 2172 1718 etium
2191 1653 2360 1720 commode

360 1739 619 1808 abactionem?
652 1744 754 1804 tamea
782 1758 820 1803 cx
850 1759 910 1820 quc
936 1743 1069 1818 tempore
1098 1738 1242 1820 loquutus
1262 1758 1333 1804 aum
1385 1739 1606 1822 interpretari,
1630 1739 1777 1820 loquutus
1793 1758 1864 1804 oum
1880 1757 1949 1804 cam
1966 1758 2014 1804 ec:
2027 1743 2149 1820 'postca
2166 1747 2358 1815 contexunt.

359 1826 396 1892 de
417 1846 461 1909 eo,
482 1824 675 1892 recordando
696 1824 879 1890 recordabor
901 1823 990 1890 illiue
1021 1822 1151 1908 (trusis,
1182 1823 1234 1890 vel
1257 1826 1333 1908 quia
1385 1824 1579 1892 recordando
1596 1823 1698 1890 oddae
1715 1823 1896 1890 recordabor
1915 1825 1993 1890 eius.
2027 1824 2136 1890 Locus
2154 1821 2208 1891 bic
2225 1833 2361 1908 propter

359 1919 548 1994 atempcre
569 1909 723 1993 loquutus
744 1929 815 1973 sum
839 1929 912 1975 cum
935 1929 982 1988 co,
1006 1908 1205 1976 recordando
1227 1931 1333 1976 recor·
1385 1909 1578 1976 brevitatem
1612 1909 1769 1976 obscurus
1801 1922 1865 1990 est,
1899 1909 2037 1993 ideoque
2063 1910 2247 1994 ambiguus.
2293 1908 2358 1978 Sed

360 1996 462 2062 dabor
484 1995 590 2061 illius:
624 1994 768 2060 dicemus
785 2006 911 2078 'postea
939 1994 979 2059 de
1008 1995 1140 2082 sensu),
1168 2001 1335 2079 propterea
1385 1997 1494 2079 opinio
1517 1996 1621 2080 magis
1643 2001 1774 2077 recepta
1792 2003 1858 2080 est,
1874 1995 1993 2072 Deum,
2017 1997 2168 2086 quamvis
2190 2017 2257 2061 non
2276 2005 2361 2062 esset

360 2086 531 2150 εοιιιιειιιιιι
558 2082 680 2148 cucero
709 2100 793 2162 ouo,
820 2081 872 2147 illi
902 2078 948 2164 (id
978 2089 1041 2160 est,
1071 2101 1171 2164 super
1200 2079 1333 2166 ipsum),
1385 2102 1468 2164 puer
1499 2080 1701 2147 delectabilis
1720 2080 1895 2164 Ephraim,
1930 2091 2039 2147 tamen
2073 2081 2140 2148 lore
2173 2102 2252 2165 erga
2285 2099 2360 2147 eum

360 2167 539 2236 miserando
559 2165 728 2232 miserebor
748 2165 850 2250 illius,
872 2166 948 2232 dicit
969 2164 1113 2232 leducat.
1387 2166 1644 2232 misericordem:
1676 2166 1777 2232 etita
1804 2165 1998 2250 particulam
2020 2179 2052 2234 ³2
2081 2166 2287 2232 adversative
2309 2179 2359 2233 ac·

1386 2253 1527 2335 cipiunt,
1562 2261 1681 2317 tamen.
1727 2256 1781 2317 An
1805 2272 1885 2334 puer
1919 2253 2079 2334 pretiosus
2103 2251 2284 2334 Ephraim?
2318 2272 2359 2316 an

447 2337 669 2420 Conqueritur
687 2335 740 2402 bio
754 2336 846 2401 Deus
863 2335 903 2402 dc
918 2335 1086 2415 Israelitis,
1110 2336 1193 2420 quod
1215 2357 1332 2419 parum
1386 2338 1474 2403 filius
1496 2336 1772 2404 oblectationum?
1807 2347 1917 2402 tamen
1946 2336 2053 2404 adbuc
2081 2336 2282 2404 recordando
2310 2359 2359 2402 re·

361 2423 449 2508 apud
470 2425 557 2507 ipsce
581 2423 751 2506 profecerit
777 2423 935 2488 immensa
965 2442 1025 2487 sua
1055 2421 1206 2488 bonitate.
1250 2423 1334 2488 Erat
1386 2423 1545 2490 cordubcr
1566 2423 1654 2488 eius:
1689 2422 1784 2506 quasi
1807 2422 1930 2488 diceret
1950 2443 1986 2487 se
2008 2443 2074 2488 non
2098 2424 2217 2490 morari
2246 2423 2358 2506 populi

362 2510 450 2575 enim
473 2510 593 2574 bonum
616 2505 851 2573 inaestimabile
873 2507 1002 2591 adoptio
1025 2529 1089 2590 qua
1109 2509 1198 2590 ipsos
1219 2507 1332 2592 digna·
1386 2509 1561 2588 malitiam,
1591 2509 1668 2592 quia
1700 2529 1759 2592 pro
1793 2528 1852 2574 sua
1885 2509 2045 2574 immensa
2077 2507 2223 2575 bonitate
2251 2508 2358 2576 adhuc

362 2601 416 2660 tus
446 2595 561 2660 lucrat.
613 2593 716 2675 Atqui
745 2614 807 2658 sua
834 2591 1071 2676 ingratitudine
1097 2592 1334 2676 quodammodo
1385 2594 1474 2660 illius
1507 2593 1732 2674 miserebitur,
1773 2596 1827 2658 vel
1868 2593 2028 2658 malitiam
2068 2595 2171 2677 ipsam
2214 2594 2358 2660 bonitate

362 2679 593 2746 exinanierunt
616 2677 704 2743 illam
727 2677 877 2761 gratiam.
911 2677 1003 2744 Deus
1026 2698 1104 2762 ergo
1127 2677 1333 2744 hicinterro·
1385 2680 1559 2762 superabit.
1611 2677 1737 2746 Sensus
1770 2678 1823 2746 hie
1853 2678 2029 2763 probabilis
2062 2687 2128 2756 cst,
2162 2678 2219 2744 sed
2252 2678 2358 2748 adbuc

362 2775 421 2850 gut
461 2765 573 2848 quales
612 2764 735 2830 suerint
774 2763 953 2830 Israelitae.
1017 2761 1083 2829 Sed
1122 2763 1334 2849 interrogatio
1385 2775 1492 2848 potest
1514 2763 1658 2830 dubitari
1679 2764 1757 2846 quid
1780 2765 1824 2829 sit
1852 2764 1939 2847 loqui
1969 2763 2085 2836 deco.
2130 2762 2274 2845 Quidam
2302 2784 2358 2829 cx·

361 2849 468 2934 magis
491 2850 645 2928 affirmat,
669 2850 820 2932 quonium
843 2850 897 2931 qni
919 2850 1107 2933 interrogat,
1134 2849 1276 2922 ostendit
1298 2869 1333 2916 se
1386 2857 1520 2934 ponunt,
1551 2850 1604 2916 lix
1634 2869 1698 2932 quo
1727 2849 1881 2932 loquutus
1904 2870 1976 2916 sum
1999 2849 2039 2915 dc
2062 2870 2109 2929 eo,
2138 2849 2171 2914 id
2193 2859 2252 2926 cst,
2281 2850 2358 2917 dum

362 2957 427 3002 ncn
451 2935 538 3035 quui
561 2934 604 3034 de
624 2955 659 3000 re
680 2935 822 3034 incerte,
853 2933 909 3000 sed
939 2935 1033 3002 cuius
1061 2935 1202 3035 cognitio
1228 2936 1332 3020 magis
1385 2937 1467 3036 facio
1490 2956 1576 3034 nunc
1598 2936 1707 3034 verba.
1741 2934 1809 3001 Sed
1832 2934 1941 3002 nescio
1961 2953 2005 3000 an
2028 2934 2109 3035 illud
2126 2935 2207 3002 satis
2224 2935 2358 3034 tirmnm

362 3028 630 3188 tttlttttl
652 3019 811 3172 dliii}
832 3040 954 3171 titt
976 3029 1331 3190 dislidlnudl‘l
1386 3029 1442 3190 ll}
1464 3021 1599 3172 dtr
1623 3028 1730 3172 titt}
1759 3019 2359 3189 titt„tfftttl‘tttlttl‘tt

364 3191 466 3256 fnisse
484 3189 551 3254 ullo
566 3190 689 3254 bonore
708 3189 758 3254 vel
774 3190 889 3271 pretio,
911 3211 970 3256 nec
986 3191 1085 3256 inisse
1101 3190 1332 3257 delectabilem.
1386 3201 1532 3274 tempore
1555 3192 1708 3274 loquutus
1731 3190 1831 3256 fuerit
1852 3190 1955 3270 Deus,
1977 3197 2090 3258 contra
2111 3190 2282 3276 Israelem,
2309 3199 2358 3256 ta·

363 3275 461 3342 Nunc
484 3294 561 3358 crgo
585 3286 733 3340 tenemus
757 3272 833 3357 quid
862 3273 923 3340 sibi
952 3274 1034 3340 velit
1056 3276 1145 3342 Deus
1175 3277 1333 3360 principio
1386 3299 1461 3344 men
1479 3276 1558 3360 ipsis
1579 3275 1805 3342 reconciliatus
1829 3275 1943 3354 fuerit,
1974 3274 2070 3342 sicuti
2100 3275 2177 3342 dicit
2198 3277 2360 3427 prcqheta

363 3381 489 3443 versus,
513 3380 631 3444 nempe
653 3359 809 3442 populum
832 3379 902 3425 esse
923 3359 1094 3444 indignum
1119 3360 1185 3426 nlla
1208 3362 1334 3428 miseri·
1385 3361 1541 3428 Habacuc
1562 3360 1606 3446 (3,
1628 3360 1676 3448 2),
1710 3360 1750 3426 In
1780 3362 1831 3426 ira
1858 3361 2100 3428 misericordiae
2127 3362 2262 3428 recorda
2285 3362 2358 3428 eris.

364 3446 483 3524 cordia,
507 3446 591 3529 quia.
615 3450 774 3527 quantum
790 3445 824 3509 in
841 3465 874 3510 se
893 3445 963 3522 fuit,
986 3445 1180 3512 abolevisset
1196 3448 1335 3530 grat-iam
1386 3447 1453 3513 Sed
1476 3448 1583 3531 potius
1607 3447 1667 3514 boc
1690 3447 1821 3513 deberet
1850 3447 1989 3531 intelligi
2021 3446 2061 3513 de
2089 3446 2230 3512 loedere:
2265 3447 2359 3531 quasi

364 3532 560 3614 adoptionis.
611 3529 697 3596 Nam
730 3529 789 3596 filii
823 3530 954 3596 nomine
984 3530 1134 3616 designat
1162 3531 1335 3615 specialem
1386 3531 1509 3600 diceret
1531 3533 1638 3614 Deus,
1672 3531 1724 3598 Ex
1748 3553 1811 3614 quc
1834 3540 1979 3616 tempore
2008 3531 2165 3615 loquutus
2187 3553 2260 3598 sum
2284 3553 2358 3598 cum

363 3615 453 3681 illam
477 3616 616 3682 foederis
638 3616 788 3700 gratiam,
817 3635 879 3698 qua
902 3616 1072 3701 amplexus
1094 3617 1201 3690 fluerat
1223 3638 1335 3684 semen
1387 3639 1442 3696 eo,
1475 3617 1669 3686 recordabor
1701 3617 1804 3698 illius,
1838 3629 1876 3682 ut
1898 3617 2022 3686 scilicet
2047 3639 2178 3684 causum
2208 3617 2360 3684 ostendat

365 3702 527 3768 Abrabae.
571 3702 617 3766 Et
641 3701 748 3783 priore
769 3700 840 3766 loco
864 3713 959 3768 vocat
988 3716 1030 3798 Ρ,
1061 3703 1182 3770 filium:
1218 3702 1336 3770 deinde
1387 3725 1446 3770 our
1476 3711 1542 3769 tam
1572 3703 1750 3769 clementer
1779 3712 1858 3786 agat
1886 3723 1961 3770 cnm
1990 3702 2120 3787 populo.
2164 3702 2249 3768 Nam
2284 3705 2362 3788 quia

363 3771 426 3870 ἰἰι,
460 3786 546 3870 quod
580 3786 752 3853 deducitur
785 3807 805 3850 a
833 3794 946 3868 partu:
981 3788 1038 3853 sed
1070 3796 1180 3855 tamen
1214 3788 1336 3871 duplici
1387 3798 1480 3855 tanta
1501 3789 1564 3854 fuit
1586 3787 1675 3854 illius
1698 3787 1823 3854 malitia
1843 3798 1876 3854 et
1897 3788 2052 3871 pravitas,
2082 3787 2147 3854 iam
2171 3798 2281 3871 posset
2302 3788 2361 3855 ob·

364 3873 497 3938 nominc
525 3872 578 3938 bic
602 3872 694 3937 Deus
727 3871 894 3954 signifieat
922 3874 1078 3956 populum
1111 3875 1204 3940 illum
1238 3875 1336 3940 fuisse
1386 3895 1500 3958 repere
1522 3873 1692 3954 dubitatio,
1714 3893 1774 3940 cur
1796 3893 1873 3958 ergo
1897 3881 1963 3938 tam
1985 3874 2148 3957 patienter
2165 3874 2258 3940 illum
2277 3875 2359 3940 tule-

356 3957 426 4025 ·sibi
449 3957 663 4041 peculiarem,
698 3956 971 4040 quemadmodum
994 3960 1112 4040 passim
1136 3966 1231 4026 vocat
1254 3960 1337 4026 filios
1387 3962 1432 4026 rit
1458 3959 1572 4026 Deus?
1616 3959 1682 4025 Hic
1710 3959 1812 4042 igitur
1841 3974 2033 4024 revocamur
2061 3959 2101 4025 ad
2133 3960 2258 4026 iontem
2286 3979 2361 4044 gru·

363 4063 440 4110 suos
462 4043 648 4127 quicunque
671 4063 776 4126 genus
798 4041 959 4109 ducebant
981 4047 1021 4108 ub
1044 4043 1220 4110 Abrabam.
1264 4044 1336 4111 Gir·
1388 4047 1489 4110 tuitae
1522 4044 1777 4123 misericordiae,
1817 4044 1900 4127 quod
1936 4045 2060 4112 scilicet
2088 4043 2181 4110 Deua
2214 4046 2361 4128 ignoscat

365 4129 520 4196 cumcisic
543 4129 631 4194 enim
653 4127 719 4193 illis
742 4136 813 4193 erat
834 4128 1017 4212 symbolum
1041 4139 1074 4194 st
1095 4131 1214 4213 pignus
1230 4130 1336 4196 foede·
1410 4130 1500 4213 cpuli
1523 4131 1611 4195 illius
1635 4130 1790 4212 peccatis,
1821 4130 1972 4212 quoniam
2005 4129 2104 4196 mmel
2135 4130 2227 4196 illum
2251 4131 2358 4215 elegit.

364 4217 426 4279 ris:
451 4223 483 4280 et
505 4215 552 4280 ita
575 4212 719 4279 notanda
743 4221 793 4280 cst
812 4213 1056 4280 circumstantia
1074 4215 1239 4297 temporis,
1262 4217 1336 4298 quia
1387 4153 1456 4282 Sed
1478 4214 1556 4280 dum
1585 4216 1695 4280 omniu
1722 4215 1855 4298 propius
1882 4213 2048 4296 expendo,
2083 4215 2192 4297 potius
2220 4216 2361 4282 arbitror

364 4298 458 4366 Deus
492 4300 546 4366 bic
580 4319 644 4364 non
679 4297 821 4368 ostendit
861 4299 972 4381 quales
1013 4300 1135 4366 fuerint
1167 4299 1336 4366 Israelitae
1389 4303 1553 4367 diversum
1578 4321 1648 4366 esse
1669 4301 1844 4384 prophetae
1867 4320 2009 4366 sensum.
2054 4299 2231 4384 Distinguc
2259 4302 2361 4384 igitur

365 4393 541 4468 antequam
572 4385 660 4467 ipsos
688 4383 748 4450 sibi
779 4390 962 4466 cooptasset
994 4385 1028 4450 in
1058 4385 1224 4468 populum.
1271 4384 1335 4452 Sed
1388 4387 1470 4451 haec
1492 4384 1554 4450 duc
1577 4386 1737 4462 membra,
1766 4406 1788 4450 c
1809 4390 1943 4466 tempore
1961 4385 2107 4468 loquetae
2128 4406 2199 4452 eum
2220 4405 2290 4452 ειιιιι
2311 4408 2361 4452 eo:

364 4469 637 4554 quemadmodum
660 4469 725 4535 ium
749 4468 832 4552 dixi,
862 4477 994 4535 accusat
1022 4491 1134 4536 eorum
1165 4471 1336 4553 ingratitu·
1387 4471 1576 4538 recordando
1592 4471 1777 4541 recordabor
1794 4470 1897 4538 adbuc
1914 4471 2017 4536 illias:
2036 4471 2156 4554 alioqui
2175 4471 2257 4536 dura
2275 4481 2361 4538 esset

366 4555 476 4622 dinem
499 4577 541 4620 ex
569 4575 633 4639 quc
664 4556 792 4620 inerant
822 4555 862 4620 ab
892 4555 964 4639 ipsc
997 4555 1140 4640 adoptati
1174 4557 1207 4620 in
1241 4555 1335 4622 filios.
1387 4558 1546 4640 loquutic,
1569 4578 1588 4622 a
1610 4575 1673 4640 quo
1697 4565 1842 4639 tempore
1863 4555 2016 4637 loquutus
2039 4576 2121 4635 sum,
2143 4555 2249 4623 adhuc
2270 4557 2361 4623 illius

364 4641 468 4708 Filios
501 4662 579 4726 ergo
614 4660 672 4724 per
705 4641 944 4707 concessionem
978 4654 1088 4720 vocat,
1122 4648 1156 4706 et
1187 4653 1337 4724 respectu
1388 4642 1596 4710 recordaborz
1625 4641 1701 4726 quid
1724 4641 1786 4708 boc
1809 4641 1914 4708 osset?
1956 4639 2021 4707 Sed
2043 4643 2165 4726 optime
2188 4643 2361 4709 conveniet

366 4727 519 4794 foederis:
552 4724 825 4810 quemadmodum
856 4725 1060 4810 lerosolyma
1092 4735 1228 4794 vocatur
1261 4727 1338 4792 urbs
1388 4749 1461 4794 meo
1483 4728 1601 4794 iudicio
1624 4727 1705 4792 baec
1727 4727 1894 4810 expositio,
1923 4733 2099 4807 otemporc
2121 4728 2270 4809 loquutus
2291 4749 2361 4794 cum

365 4823 496 4893 saneta,
530 4811 683 4896 quoniam
709 4811 772 4876 Dei
805 4820 876 4877 crat
909 4811 1118 4879 domicilium.
1164 4812 1338 4880 Concessio
1388 4833 1458 4880 eam
1480 4833 1529 4880 eo:
1553 4812 1756 4896 nsignifioat
1778 4831 1862 4878 cum,
1908 4813 1996 4896 Ergo
2026 4813 2171 4894 loqwcrtm
2198 4832 2272 4878 eam
2292 4834 2361 4880 aem

364 4900 467 4985 igitur
489 4907 540 4965 est
561 4899 597 4963 in
619 4898 675 4962 illc
698 4897 843 4964 nominc:
879 4896 936 4962 scd
966 4905 1076 4978 postea
1107 4897 1339 4982 adiungitque
1388 4921 1429 4974 ac.
1452 4897 1486 4963 id
1509 4907 1567 4978 est,
1589 4919 1654 4963 non
1678 4897 1787 4964 destiti
1810 4898 1964 4966 continuo
1987 4907 2094 4963 tractu
2119 4898 2212 4963 illum
2236 4899 2361 4965 hortari

363 4986 465 5068 fuisse
484 4984 588 5068 filiam
600 4985 784 5067 pretiosam,
805 4982 866 5048 boc
884 4989 943 5060 εει,
968 4980 1100 5065 dignum
1121 4983 1187 5048 ullo
1205 4984 1337 5064 honore,
1388 4985 1429 5051 ad
1452 4983 1696 5068 poenitentiam,
1720 4983 1800 5048 nibil
1825 4990 1935 5048 tumen
1958 4984 2089 5066 profeci,
2118 4988 2152 5048 et
2174 4994 2285 5050 tamen
2307 4982 2360 5050 ad·

365 5091 426 5138 ιιοιι
457 5071 560 5152 fuisse
592 5069 802 5136 oblectabilem.
847 5066 949 5147 Quasi
984 5067 1105 5134 diceret
1137 5069 1236 5134 luisse
1270 5077 1337 5134 tam
1389 5070 1453 5136 huo
1475 5070 1564 5135 illius
1594 5067 1803 5152 recordabor,
1837 5067 1899 5136 hoe
1928 5077 1993 5149 est,
2026 5070 2177 5152 quamvis
2205 5079 2361 5152 expertus

366 5177 522 5241 perverso
545 5162 579 5220 et
601 5155 746 5240 maligno
775 5153 922 5238 ingenio,
952 5160 989 5218 ut
1015 5174 1081 5219 non
1109 5163 1218 5237 posset
1247 5154 1338 5238 quid·
1389 5156 1505 5221 luerim
1528 5155 1682 5239 populum
1707 5154 1793 5221 bunc
1815 5175 1887 5220 esse
1907 5153 1986 5220 adeo
2008 5173 2211 5246 perversum,
2242 5164 2275 5220 ct
2296 5157 2360 5239 pri·

367 5261 464 5326 quam
488 5239 710 5307 oblectationis
733 5262 773 5308 ex
796 5241 875 5324 ipsis
897 5259 1031 5324 capere:
1064 5239 1337 5323 quemadmodum
1388 5240 1460 5306 dem
1484 5241 1588 5307 multa
1617 5240 1842 5323 experimenta
1870 5239 1995 5306 dederit
2023 5259 2101 5308 suae
2128 5241 2359 5320 contumaciae,
