5118 6136
415 393 478 460 559
1219 392 1604 462 PRADLDO'I'IONES
2332 402 2384 469 560

502 583 552 650 17.
576 581 627 647 Νι
648 579 789 647 cadatis
810 581 903 662 ipsos,
933 580 1043 646 servia
1064 581 1131 664 regi
1152 578 1335 665 Babylonis,
1359 587 1387 647 ιι
1437 602 1492 648 ιιι
1523 585 1653 651 flectere
1686 584 1725 649 ad
1756 585 2030 670 resipiscentiam:
2064 585 2217 668 quoniam
2247 584 2385 656 hocerat

413 670 538 736 vivetis:
566 667 679 749 utquid
699 666 759 732 erit
779 667 856 732 arbo
876 666 949 732 baec
969 666 1145 733 desolatio?
1173 666 1247 753 (hoc
1269 677 1328 748 est,
1351 669 1385 732 in
1437 669 1534 733 nimis
1557 669 1741 752 barbarum,
1764 672 1977 738 obdurescere
1999 671 2040 736 ad
2070 691 2184 736 omnes
2205 671 2384 754 propheticas

414 753 624 839 vastitatem.)
1436 754 1685 834 admonitiones,
1716 766 1752 821 ut
1780 757 1937 842 templum
1967 756 2030 822 Dei
2060 755 2314 822 exscinderetur:
2340 761 2384 826 de·

1435 841 1511 906 inde
1535 851 1571 908 ut
1592 842 1795 926 redigeretur
1815 843 1849 909 in
1871 844 2059 910 vestitatem
2077 842 2262 908 sanotailla
2279 844 2384 924 civitas,

499 927 572 992 Non
596 925 715 991 mirum
739 934 797 1003 est,
826 925 853 989 si
883 924 978 990 toties
1000 923 1087 989 idem
1110 924 1196 990 dicat
1219 925 1384 992 Ieremias.
1436 927 1468 991 in
1507 949 1570 1010 qua
1607 927 1698 995 Deus
1736 927 1867 995 volebat
1906 928 2027 995 habere
2063 949 2160 994 suum
2198 927 2386 1016 domicilium,

413 1013 498 1079 Nam
522 1016 560 1077 ιιι
581 1010 734 1086 vidimus,
758 1021 827 1076 erat
849 1010 896 1074 illi
919 1010 1112 1076 certandum
1142 1032 1216 1076 cum
1246 1011 1384 1094 pseudo·
1435 1012 1530 1079 sicuti
1553 1013 1689 1094 dixerat,
1712 1014 1803 1082 Haeo
1824 1016 1954 1099 requies
1974 1035 2049 1079 mea
2077 1015 2111 1078 in
2140 1013 2302 1080 saeculnm
2327 1037 2386 1082 sae·

413 1098 590 1183 prophetis.
629 1095 665 1164 Si
689 1096 760 1180 quis
782 1096 902 1180 absque
924 1097 1148 1162 controversia
1165 1097 1383 1173 concionatur,
1436 1099 1510 1164 culi.
1565 1100 1607 1164 In
1640 1121 1785 1181 summa,
1818 1099 1990 1167 denuntiat
2018 1099 2150 1165 Iudaeis
2178 1101 2388 1184 gravissimam

413 1204 474 1250 neo
496 1185 667 1269 quisquam
691 1183 897 1249 adversarius
919 1203 954 1246 se
976 1191 1128 1264 opponat,
1154 1183 1275 1267 poterit
1297 1184 1383 1264 apud
1436 1182 1677 1250 damnationem
1700 1187 1896 1264 incumbere,
1920 1187 1948 1252 si
1970 1186 2085 1252 urbem
2104 1207 2164 1252 sua
2182 1186 2278 1268 culpa
2297 1189 2388 1269 perire

414 1269 532 1337 dociles
554 1269 679 1353 placide
707 1289 813 1353 agere,
843 1276 876 1334 ιι
905 1269 1087 1351 transigere
1116 1269 1229 1350 paucis
1260 1268 1381 1335 verbis:
1435 1269 1562 1336 sinant:
1593 1271 1663 1336 fore
1693 1282 1801 1337 autem
1832 1282 1963 1340 autores
1991 1273 2162 1352 interitus,
2192 1272 2256 1336 nisi
2286 1273 2389 1338 cellum

413 1356 470 1422 sed
491 1355 546 1421 ubi
568 1355 735 1422 contentio
758 1364 871 1420 exorta
899 1362 957 1434 est,
986 1362 1019 1420 et
1046 1354 1139 1419 nobis
1169 1354 1383 1421 adversantur
1435 1377 1531 1422 suum
1548 1357 1687 1422 offerant
1703 1358 1743 1423 ad
1758 1359 1965 1425 subeundum
1981 1360 2096 1444 iugum
2113 1359 2202 1441 regis
2217 1357 2388 1441 Babylonis.

414 1443 471 1526 qui
502 1443 638 1524 cupiunt
671 1461 823 1506 eversum
857 1462 926 1506 esse
954 1438 1112 1522 quidquid
1142 1440 1289 1518 dicimus,
1317 1441 1383 1507 illic
1436 1441 1601 1526 Sequitur,
1993 1475 1997 1482 ·

414 1529 537 1594 maiore
560 1547 638 1593 eura
660 1525 823 1611 agendum
855 1537 911 1602 est,
943 1527 1019 1609 quia
1048 1527 1159 1608 paucis
1181 1527 1289 1594 verbis
1316 1548 1382 1593 non

413 1625 523 1680 essent
544 1613 688 1680 contenti
710 1612 764 1695 qui
787 1613 833 1678 sic
856 1613 1022 1697 agitantur
1043 1613 1078 1676 in
1097 1611 1242 1678 diversas
1264 1623 1383 1694 partes.
1521 1615 1570 1680 18.
1597 1615 1684 1696 Quod
1705 1615 1735 1679 si
1752 1615 1919 1698 prophelae
1940 1619 2022 1691 sunt,
2054 1619 2083 1680 eb
2110 1615 2140 1680 si
2162 1620 2208 1679 ce
2235 1635 2328 1680 senno
2349 1615 2391 1681 Ic-

414 1700 578 1782 Quoniam
601 1720 679 1783 ergo
701 1696 834 1763 videbat
856 1699 1010 1764 Ieremias
1037 1698 1194 1780 populum
1215 1699 1383 1765 fluctuari:
1434 1698 1528 1764 ιιιιιιιι
1548 1720 1617 1765 cum
1638 1701 1720 1782 ipsis
1742 1700 1865 1785 (idest,
1889 1700 1976 1783 apud
1999 1699 2109 1784 ipsos),
2132 1702 2319 1767 intercedent
2337 1703 2393 1782 ipsi

413 1787 486 1852 ideo
519 1805 651 1851 necesse
680 1785 742 1849 fuit
770 1787 962 1850 confirmare
990 1783 1138 1866 pluribus
1159 1784 1284 1860 verbis,
1320 1807 1383 1850 non
1435 1787 1521 1868 epod
1536 1786 1682 1851 Iebooam
1696 1788 1892 1866 exercituum,
1910 1789 2086 1852 caecabunt
2102 1807 2189 1867 aoso,
2203 1807 2283 1868 qaae
2297 1807 2392 1867 saper-

413 1872 498 1956 quod
520 1892 580 1956 per
603 1892 637 1936 se
660 1867 701 1936 ad
730 1869 993 1953 persuadendum
1026 1871 1183 1936 sermonis
1213 1871 1383 1954 prolixitas
1434 1878 1508 1937 earet
1528 1873 1563 1936 ιἰι
1585 1873 1695 1952 empto
1718 1870 1857 1956 lebbona,
1880 1875 1909 1938 et
1929 1873 1964 1936 ιιι
1985 1874 2077 1939 domo
2099 1874 2183 1957 repis
2206 1871 2394 1952 Iebadobct

411 1959 572 2025 sufficiat:
606 1955 663 2022 sed
685 1956 820 2021 minime
850 1957 985 2021 dubium
1015 1967 1073 2033 est,
1103 1957 1180 2039 quin
1211 1957 1384 2023 efficaciter
1435 1956 1642 2041 lerosolymoe
1663 1956 1863 2040 Babylonem

412 2044 565 2128 loquutus
598 2044 641 2109 ιιι
673 2042 843 2120 Ieremias,
877 2052 914 2107 ut
947 2041 1088 2125 aliquam
1123 2041 1239 2106 saltem
1272 2043 1384 2126 populi

411 2140 538 2214 partem
562 2130 721 2195 afficeret:
756 2128 872 2193 deinde
894 2130 929 2192 in
952 2130 1087 2192 materia
1116 2149 1179 2193 non
1208 2129 1383 2195 admodum
1522 2129 1735 2194 Hiostultam
1757 2130 1989 2194 confidentiam
2009 2130 2135 2195 deridet
2153 2129 2396 2213 prophetaque

412 2214 575 2300 plausibili
609 2214 791 2280 accuratius
825 2215 886 2279 ιιιιι
918 2214 1149 2280 insistendum:
1184 2215 1383 2299 pseudopro·
1435 2213 1510 2280 falsi
1542 2216 1719 2298 prophetae
1753 2215 1945 2298 turgebant,
1979 2237 2077 2300 quum
2109 2218 2337 2300 promitterent
2366 2216 2397 2278 in

412 2303 531 2386 phetae
546 2321 621 2368 cum
638 2301 747 2366 favore
763 2299 987 2378 audiebantur,
1006 2307 1038 2364 ct
1059 2301 1161 2365 maior
1176 2321 1252 2382 pars
1268 2301 1384 2383 cupide
1436 2311 1562 2383 tempus
1593 2305 1738 2365 futurum
1769 2303 1877 2366 omnis
1907 2303 2019 2368 felicia.
2065 2302 2154 2367 Dicit
2181 2303 2297 2384 igitur,
2326 2300 2397 2365 adeo

412 2387 550 2455 vorabat
578 2385 737 2469 quidquid
769 2388 809 2451 ab
840 2387 904 2451 illis
937 2395 1007 2450 erat
1036 2387 1246 2468 propositum.
1299 2388 1382 2452 Nam
1435 2387 1513 2470 ipsis
1536 2409 1599 2452 non
1617 2408 1686 2452 esse
1706 2386 1903 2452 credendum
1927 2387 1967 2452 de
1989 2408 2144 2472 prospero
2168 2388 2223 2452 illo
2247 2408 2396 2462 successu,

413 2496 486 2557 spes
519 2473 725 2556 impunitatis
759 2492 887 2553 semper
920 2471 1075 2546 oblectat,
1108 2481 1140 2536 et
1173 2473 1336 2556 expetitur
1365 2495 1384 2536 a
1436 2475 1475 2538 de
1504 2493 1567 2556 quo
1597 2472 1873 2553 vaticinabantur,
1908 2486 1943 2538 ut
1974 2477 2078 2556 potius
2113 2474 2291 2538 metuenda
2322 2483 2398 2537 esset

413 2560 544 2626 mundo.
589 2557 677 2639 Quid
700 2566 810 2623 autem
833 2557 1011 2623 Ieremias?
1051 2557 1168 2622 Sorobis
1188 2561 1255 2643 regi
1278 2557 1382 2640 Baby·
1407 2569 1410 2701 p
1435 2558 1531 2642 longe
1547 2561 1677 2643 gravior
1694 2579 1808 2642 poena.
1843 2559 1933 2625 Dicit
1953 2560 2064 2642 igitur,
2090 2559 2128 2624 Si
2148 2561 2215 2624 siat
2231 2558 2398 2640 propbetas,

413 2647 505 2725 ῑοιιιι,
528 2646 591 2711 hoe
613 2655 670 2722 est,
693 2664 759 2708 non
782 2665 838 2708 vos
861 2643 926 2708 alia
954 2651 1065 2708 manet
1094 2644 1236 2709 conditio
1259 2645 1383 2724 melior,
1434 2646 1621 2710 intercedant
1647 2645 1732 2726 apad
1755 2645 1910 2729 Iebovam,
1939 2667 1977 2710 co
2005 2648 2087 2728 qaod
2115 2646 2218 2711 adbuc
2246 2646 2400 2710 residuum

412 2754 509 2817 quam
543 2741 581 2796 ιιι
618 2729 778 2794 tributum
818 2726 971 2812 pendatis
1011 2731 1079 2814 regi
1108 2729 1294 2814 babylonio,
1324 2751 1382 2796 vos
1407 2710 1409 2813 i
1434 2736 1535 2795 mouet
1557 2731 1762 2812 lerosolymac
1784 2732 1965 2812 cosmetur:
1993 2732 2199 2797 Promittunt
2221 2751 2304 2795 vasa
2325 2729 2399 2793 redi·

413 2817 591 2886 subiiciatis
614 2816 751 2899 imperio
774 2815 870 2894 iilius,
901 2814 1056 2898 quidquid
1081 2815 1172 2880 vobis
1201 2817 1381 2898 praescrip·
1406 2822 1409 2931 Ι
1435 2827 1524 2895 tura,
1554 2839 1636 2899 quae
1663 2817 1867 2899 Babylonem
1900 2821 1965 2882 iam
1996 2818 2144 2883 traducta
2172 2832 2262 2883 sunt.
2309 2813 2401 2898 Atqui

412 2906 492 2971 serit
515 2903 627 2968 ieratis
649 2903 821 2984 patienter.
856 2901 938 2967 Erat
960 2911 1047 2967 certe
1070 2901 1123 2966 hic
1146 2923 1251 2967 sermo
1273 2923 1381 2985 asper·
1434 2901 1519 2985 quod
1542 2901 1648 2969 adhue
1669 2910 1771 2968 restat
1793 2903 1977 2985 intemplo,
2000 2915 2033 2968 et
2054 2905 2089 2967 in
2112 2903 2235 2985 palatio
2259 2902 2352 2984 regis,
2374 2911 2402 2964 ιι

413 2993 525 3057 rimus.
572 2989 657 3053 Nam
680 2987 836 3054 subiectio
858 3009 924 3052 non
952 2988 1081 3053 carebat
1110 2989 1303 3070 ignominia:
1328 2987 1382 3052 de·
1406 2946 1409 3061 i
1435 2991 1469 3052 in
1493 2997 1562 3054 tota
1591 2989 1679 3066 urbe,
1713 2989 1776 3053 hoo
1804 2997 1908 3052 totum
1943 2990 2162 3071 asportabitur
2191 2989 2402 3071 Babylonem.

412 3077 488 3142 inde
510 3074 644 3140 iubebat
665 3095 719 3138 eos
748 3094 818 3138 sese
844 3073 1066 3139 crudelissimo
1089 3073 1174 3140 hosti
1198 3074 1323 3154 dedere,
1346 3096 1382 3140 ac
1407 3076 1409 3175 ι
1435 3075 1531 3140 Nunc
1549 3084 1696 3140 tenemus
1712 3075 1881 3140 consilium
1898 3074 2083 3159 prophetae.
2118 3076 2301 3156 Comparat
2322 3073 2403 3136 onim

413 3163 441 3226 si
473 3160 621 3244 iugulum
656 3158 879 3242 porrigerent:
912 3171 1076 3242 postremo
1105 3161 1285 3242 periculum
1314 3171 1384 3226 erat
1407 3186 1409 3208 ¹
1436 3162 1582 3226 futurum
1612 3172 1739 3244 tempus
1772 3181 1843 3225 oum
1876 3161 2061 3243 praeterito,
2095 3173 2129 3225 et
2155 3161 2305 3226 ostendit
2331 3159 2404 3222 adeo

413 3268 454 3312 ne
488 3245 706 3327 spoliarentur
739 3245 890 3309 omnibus
923 3245 990 3310 suis
1022 3245 1169 3312 fortunis.
1225 3245 1384 3312 Doctrina
1408 3238 1411 3379 p
1436 3247 1533 3313 stulte
1556 3248 1742 3328 promittere
1764 3246 1837 3311 illos
1860 3247 2051 3328 impostores
2075 3246 2197 3330 aliquid
2220 3245 2352 3321 melius,
2374 3253 2406 3306 ut

413 3333 516 3418 igitur
538 3330 695 3396 Ieremias
716 3328 813 3393 valde
835 3327 947 3394 odiosa
969 3338 1047 3408 erat,
1078 3353 1176 3414 quum
1202 3332 1247 3396 ita
1276 3335 1383 3397 horta-
1424 3331 1621 3417 impendeat
1643 3333 1778 3416 gravius
1800 3332 1864 3397 Dei
1886 3333 2053 3410 iudicium,
2082 3335 2158 3415 quia
2183 3333 2311 3399 scilicet
2334 3329 2405 3394 urbs

414 3429 505 3485 retur
527 3415 683 3500 populum
712 3415 753 3480 ad
784 3416 895 3480 omnia
923 3416 1126 3499 perferenda.
1172 3416 1263 3482 Haec
1284 3419 1385 3502 igitur
1436 3439 1508 3484 oum
1525 3420 1645 3501 templo
1660 3439 1795 3502 prorsus
1812 3419 1939 3501 peribit.
1968 3431 2025 3494 tub
2048 3419 2212 3502 signifieat
2228 3435 2407 3490 occurrere,

413 3505 497 3570 ratio
520 3503 590 3578 fuit,
613 3521 670 3566 cur
693 3523 760 3566 non
782 3501 982 3584 simpliciter,
1006 3511 1039 3567 ιι
1061 3524 1124 3567 uno
1144 3506 1243 3569 verbo
1266 3503 1385 3569 dixerit
1435 3505 1565 3570 obviam
1587 3507 1650 3569 ire:
1674 3518 1707 3570 et
1728 3525 1788 3586 per
1805 3505 2027 3586 metaphoram
2047 3505 2207 3587 accipitur
2224 3525 2287 3588 pro
2310 3504 2407 3567 inter·

414 3589 500 3674 quod
525 3589 615 3653 Deus
638 3585 858 3670 mandaverat,
890 3590 1044 3669 quoniam
1068 3588 1198 3654 difficile
1219 3589 1281 3654 fuit
1302 3589 1384 3654 illud
1435 3590 1558 3657 cedere.
1603 3589 1670 3671 Qui
1699 3591 1787 3655 enim
1815 3591 1957 3656 occurrit
1986 3592 2080 3674 quasi
2109 3593 2329 3673 intercessor,
2359 3587 2409 3652 ille

414 3695 588 3759 persuasu,
623 3678 659 3737 ut
692 3673 831 3756 populus
864 3673 987 3740 subiret
1019 3675 1141 3758 iugum,
1174 3683 1272 3757 atque
1305 3675 1384 3741 adeo
1436 3675 1670 3759 quodammodo
1692 3677 1819 3742 cohibet
1842 3697 1927 3754 eum,
1958 3683 2011 3743 cui
2034 3697 2068 3742 se
2089 3678 2236 3760 opponit.
2285 3677 2333 3741 Et
2354 3674 2410 3737 hoc

414 3757 625 3846 tyrannidem
654 3761 740 3842 regis
762 3757 952 3841 Babylonis.
998 3761 1155 3826 Videmus
1185 3781 1262 3846 ergo
1284 3760 1384 3828 fuisse
1437 3761 1535 3826 verbo
1569 3763 1673 3826 utitur
1705 3764 1867 3845 scriptura
1899 3784 2001 3846 quum
2035 3763 2112 3829 dicit
2145 3773 2283 3828 sanctos
2317 3761 2413 3825 luisse

415 3845 496 3910 duas
525 3843 719 3910 iustissimas
749 3864 878 3924 causas,
915 3867 972 3912 cur
1001 3853 1171 3929 tantopere
1200 3846 1385 3913 incubuerit
1408 3832 1411 3871 ²
1436 3847 1660 3932 deprecatores
1682 3849 1769 3930 apud
1791 3850 1919 3914 Deum:
1941 3851 2108 3932 proprium
2130 3859 2180 3914 est
2199 3849 2345 3914 verbum
2368 3847 2413 3909 in·
2519 3857 2520 3870 ¹

414 3928 574 4017 propheta
595 3931 629 3994 in
651 3950 751 3995 unam
775 3951 853 4009 rem,
882 3937 916 3995 ιι
937 3933 1180 3997 confirmaverit
1201 3933 1289 4015 quod
1312 3935 1383 3998 bre·
1436 3933 1632 4000 teruedendi.
1665 3934 1717 3999 Ex
1742 3935 1802 4000 hoc
1825 3946 1933 4001 autem
1956 3934 2025 4000 loeo
2043 3936 2198 4000 discimus
2217 3935 2413 4000 coniunctas

414 4019 498 4084 viter
520 4015 582 4080 dici
601 4025 727 4097 poterat
747 4017 874 4099 prolixo
896 4038 1054 4083 sermone.
1094 4017 1143 4084 Ne
1163 4019 1304 4084 ιιιιιιιιιιι
1324 4039 1383 4103 eos,
1436 4041 1506 4084 esse
1527 4021 1607 4086 duas
1630 4021 1709 4084 istas
1737 4028 1855 4104 partes,
1884 4042 1999 4104 nempe
2022 4021 2157 4086 docendi
2181 4025 2215 4085 ιι
2245 4017 2414 4104 precandi.

413 4103 537 4187 inquit,
570 4101 681 4166 servite
712 4102 777 4184 rogi
807 4100 996 4185 Babylonia,
1030 4108 1057 4166 et
1089 4105 1206 4168 ιιιιιιι.
1257 4104 1383 4171 Iterum
1437 4105 1524 4190 Ergo
1547 4125 1643 4187 quem
1666 4106 1757 4171 Deus
1779 4105 1931 4172 ecclesiae
1954 4127 2032 4172 suae
2054 4107 2218 4172 doctorem
2244 4104 2414 4186 praefecit,
2519 4099 2520 4110 ’

413 4187 571 4254 memoria
596 4184 773 4250 tenendum
802 4197 852 4251 est
881 4186 967 4269 quod
995 4186 1066 4252 heri
1096 4188 1256 4272 diximus,
1284 4211 1383 4272 quum
1436 4188 1530 4254 illum
1564 4191 1662 4254 etiam
1697 4191 1768 4257 vult
1796 4191 1963 4257 assiduum
1992 4213 2063 4258 esse
2092 4193 2126 4257 in
2157 4192 2329 4274 precibus.
2375 4191 2416 4255 Et

414 4275 536 4341 seilicet
558 4272 720 4355 patienter
741 4270 952 4338 humiliamur
972 4273 1032 4339 sub
1050 4276 1173 4356 potenti
1191 4274 1254 4338 Dei
1273 4296 1382 4352 manu,
1438 4275 1497 4340 hoe
1531 4276 1682 4341 dicebaut
1712 4276 1851 4359 apostoli
1888 4299 1988 4361 quum
2018 4287 2154 4362 agerent
2183 4276 2225 4342 de
2262 4275 2416 4344 creandis

413 4360 475 4426 hoc
497 4359 658 4441 optimum
682 4375 752 4421 esse
774 4357 953 4424 remedium
983 4358 1172 4444 mitigandis
1203 4361 1323 4441 poenis,
1352 4371 1385 4424 et
1437 4359 1645 4440 diaconissa
1667 4382 1731 4427 non
1754 4381 1849 4446 posse
1867 4384 2000 4447 operam
2018 4363 2096 4430 dare
2118 4365 2259 4431 mensis.
2294 4364 2418 4429 Dicunt

412 4445 475 4512 hoc
504 4444 603 4509 etiam
631 4441 725 4506 modo
760 4445 920 4509 convertit
952 4465 1073 4527 poenas
1106 4446 1140 4508 in
1171 4443 1383 4509 medicinam:
1437 4445 1524 4508 enim
1556 4469 1591 4513 se
1619 4449 1767 4530 occupari
1797 4449 1877 4514 satis
1905 4470 2068 4532 superque
2096 4450 2130 4514 in
2160 4449 2332 4530 doctrina,
2364 4446 2417 4513 sed

413 4531 509 4598 sicuti
533 4551 574 4594 ex
593 4527 748 4610 opposito,
779 4528 834 4594 ubi
860 4550 970 4595 sumus
994 4538 1145 4613 tanquam
1169 4531 1241 4611 equi
1264 4530 1385 4596 rctrae·
1435 4530 1617 4616 adiungunt
1639 4533 1735 4598 simul
1758 4553 1878 4618 praees.
1923 4534 2015 4602 Idem
2039 4535 2137 4602 etiam
2159 4535 2359 4622 colligimus
2380 4555 2419 4599 ex
2519 4589 2520 4596 ,

414 4617 490 4683 terii
519 4625 551 4680 et
581 4614 714 4693 feroces,
744 4613 898 4695 quidquid
932 4634 1109 4696 poenarum
1139 4615 1261 4699 infligit
1292 4615 1384 4681 uobis
1437 4615 1497 4682 hoc
1519 4616 1599 4699 loce,
1621 4620 1675 4684 nbi
1696 4621 1781 4686 veris
1799 4631 1831 4685 et
1849 4621 1957 4705 probis
1972 4623 2036 4687 Dei
2054 4621 2169 4700 servis,
2191 4625 2256 4705 qui
2275 4621 2420 4688 fideliter

413 4705 507 4771 Deus
529 4697 735 4786 praeludium
765 4707 815 4762 est
843 4700 965 4761 aeterni
994 4701 1156 4766 interitus.
1201 4701 1383 4767 Teneamus
1436 4722 1555 4768 munus
1578 4704 1712 4770 docendi
1736 4719 1897 4784 exercent,
1927 4708 2076 4774 attribuit
2097 4707 2196 4772 etiam
2229 4719 2353 4793 partes
2375 4709 2421 4771 in·
2519 4737 2520 4760 ι

2458 5825 2465 5848 x

414 4811 492 4875 ergo
522 4787 607 4853 hanc
634 4783 826 4863 doctrinam,
856 4793 889 4848 et
919 4784 1047 4851 assidue
1077 4807 1149 4852 eam
1179 4785 1382 4864 meditemur,
1436 4789 1620 4854 teruedendi
1638 4791 1806 4855 Ieremias.
1842 4791 1881 4856 st
1897 4813 1975 4877 ergo
1991 4792 2162 4876 prophetae
2183 4800 2275 4878 m,
2301 4795 2419 4876 inquis„

414 4895 533 4960 nempe
564 4870 711 4938 vivificas
742 4869 835 4934 nobis
864 4869 933 4933 fore
963 4890 1094 4952 poenas,
1121 4873 1150 4937 si
1179 4874 1384 4955 agnoscimus
1435 4873 1622 4942 ιιιιιιιιιιιιιι
1642 4875 1729 4957 apud
1750 4875 1906 4961 Iebooom,
1936 4899 1974 4943 ιιι
1994 4880 2118 4961 reliquo
2139 4900 2222 4946 cccc
2255 4885 2421 4963 apportes

414 4962 525 5028 Dflum
547 4979 618 5026 ⁰⁸⁸⁰
636 4957 758 5023 iustum
782 4953 933 5034 indifflmr
956 4964 990 5018 ⁶I
1007 4958 1150 5038 Pssiimur
1170 4977 1228 5022 11⁰⁵
1252 4955 1292 5021 ab
1314 4957 1384 5040 ipso
1435 4963 1495 5024 lar.
1529 4958 1636 5026 Simul
1658 4962 1803 5028 notanda
1826 4971 1876 5029 est
1897 4964 2044 5029 definitio
2062 4985 2161 5048 quam
2183 4968 2297 5049 ponit,
2337 4967 2420 5032 Nam

414 5047 542 5132 corrigi.
580 5043 647 5112 Sed
671 5043 733 5109 hoc
751 5038 893 5139 breviter
913 5043 1040 5104 mutum
1059 5044 1195 5126 attingo,
1218 5043 1295 5124 quia
1313 5041 1385 5106 heri
1437 5043 1513 5110 hinc
1535 5047 1634 5112 etiam
1660 5048 1801 5113 ostendit
1822 5051 1955 5131 quinam
1984 5049 2127 5116 habendi
2150 5052 2218 5117 sint
2244 5073 2312 5135 pro
2335 5053 2421 5118 verta

414 5133 553 5200 disserui
575 5131 638 5198 hae
661 5130 700 5196 de
722 5149 757 5193 re
778 5126 891 5191 fusius.
937 5125 1108 5210 Adiungit,
1145 5127 1183 5192 Ut
1210 5128 1287 5209 qaid
1312 5126 1386 5193 baec
1436 5129 1612 5212 prophetis,
1636 5153 1753 5216 nempe
1775 5135 1861 5217 apud
1884 5155 1965 5219 quos
1998 5146 2047 5202 est
2076 5157 2182 5203 sermo
2203 5137 2291 5214 Dei,
2326 5137 2422 5206 sicuti

421 5219 504 5287 Urbs
523 5221 583 5286 erit
609 5219 645 5284 ia
673 5211 871 5282 caluam?
916 5209 1075 5293 Proponit
1102 5211 1167 5277 illis
1197 5213 1322 5292 urbem,
1350 5213 1384 5278 in
1435 5215 1576 5282 vidimus
1592 5219 1696 5300 capite
1712 5219 1871 5303 vigesimo
1890 5223 1995 5300 tertio,
2008 5223 2175 5306 Propheta
2185 5243 2303 5306 penas
2325 5243 2422 5309 quem

414 5301 477 5392 qua
499 5315 570 5372 erat
591 5303 655 5370 Dei
677 5299 907 5377 sanctuarium,
930 5305 964 5362 ιι
986 5297 1055 5361 eius
1077 5306 1252 5379 conspectu
1274 5297 1385 5363 studet
1436 5306 1487 5366 est
1505 5303 1675 5380 somnium,
1695 5314 1730 5370 ιι
1753 5325 1852 5387 penes
1873 5325 1969 5389 quem
1991 5317 2042 5374 est
2059 5329 2167 5376 sermo
2184 5331 2291 5378 meus
2314 5331 2424 5386 verns,
