5038 6118
383 462 420 526 'll
1188 451 1574 521 PRAELEOTIONES
2329 448 2366 512 72

380 668 460 714 euro
482 656 539 713 eut
560 647 651 731 ligno
684 643 803 711 deum?
838 645 937 710 vestis
959 651 1128 727 postquam
1151 641 1349 710 circumdata
1401 642 1545 708 excutiet
1572 662 1607 707 so
1636 643 1755 725 ipsum,
1788 642 1877 706 intus
1905 641 2045 723 reperiet
2073 638 2198 704 Dauum
2232 658 2308 702 nem
2335 638 2365 700 in

381 734 481 800 fuerit
501 732 588 798 idolo
611 751 711 797 aureo
733 730 787 796 vol
808 740 973 814 argenteo,
995 747 1038 792 en
1061 729 1181 810 poterit
1202 726 1350 793 attollere
1400 727 1472 811 ipso
1497 728 1647 812 vivimus,
1671 747 1850 803 movemur,
1877 733 1910 790 et
1933 746 2054 791 sumus.
2099 725 2188 808 Ergo
2209 725 2237 789 si
2260 722 2366 788 obiici·

381 819 464 884 illud
486 838 584 903 supra
606 818 724 896 coelos,
758 817 805 881 ite
832 826 869 882 ιιι
893 823 1003 881 sumat
1030 833 1149 878 novem
1172 811 1349 878 deitatem?
1402 833 1475 878 mus
1496 812 1606 878 Deum
1637 833 1707 879 esse
1730 811 2102 894 incomprehensibilem,
2133 821 2166 874 ιι
2188 830 2252 874 non
2276 828 2366 891 posse

381 903 540 969 Videmus
562 923 640 987 ergo
662 900 854 986 prophetam
877 901 925 965 ite
947 919 1004 982 per
1035 899 1272 965 concessionem
1304 899 1351 963 lo·
1402 917 1463 964 nos
1493 897 1711 964 conscendere
1741 898 1782 963 ed
1810 897 2016 962 altitudinem
2045 896 2167 980 gloriae
2194 895 2274 974 eius,
2303 895 2367 958 vita

381 993 455 1074 qni,
483 996 519 1054 ut
548 1000 659 1054 tamen
680 989 802 1054 ironice
823 986 987 1070 loquatur,
1017 998 1051 1049 ιι
1078 984 1224 1050 derideat
1245 986 1352 1049 fatuas
1402 984 1555 1050 certain
1584 985 1677 1050 nobis
1707 996 1764 1050 set.
1814 982 1851 1049 Si
1881 984 1949 1048 vita
1976 983 2010 1046 in
2041 981 2141 1064 nobis,
2171 1001 2249 1064 ergo
2280 979 2366 1044 testi-

382 1075 530 1160 gcntium
552 1077 709 1157 ineptiae,
744 1074 893 1156 quoniam
926 1072 962 1134 in
996 1091 1109 1136 eorum
1141 1070 1236 1135 idolis
1269 1069 1351 1134 nihil
1403 1069 1550 1134 monium
1581 1067 1719 1134 deitatis.
1763 1068 1845 1150 Quis
1874 1069 1961 1133 enim
1990 1069 2037 1132 ite
2066 1066 2201 1148 desipiet
2226 1075 2262 1130 ιιι
2285 1065 2368 1130 (ιιιιι

381 1163 424 1226 ιιι
457 1161 608 1239 firmum,
642 1158 725 1225 nihil
757 1158 800 1223 ιιι
832 1157 974 1240 denique
1005 1155 1181 1240 probabile.
1234 1155 1351 1221 Postea
1402 1175 1438 1220 se
1471 1155 1583 1220 vivere
1616 1179 1634 1219 a
1664 1177 1699 1220 se
1726 1153 1817 1239 ipso?
1851 1175 1952 1237 quum
1980 1173 2058 1238 ergo
2085 1174 2105 1218 ι
2133 1173 2168 1218 ιι
2197 1153 2275 1234 ipsis
2304 1171 2367 1214 uon

381 1245 520 1322 subiicit,
1403 1242 1517 1304 vivant
1549 1241 1712 1321 homines,
1749 1239 1806 1306 sed
1837 1241 1940 1305 vitem
1972 1238 2104 1303 aliunde
2136 1238 2282 1320 precario
2315 1236 2367 1300 ob·

1403 1328 1542 1405 tineent,
1574 1328 1722 1409 sequitur
1755 1328 1790 1390 in
1823 1326 1901 1408 ipsis
1930 1324 2078 1390 habitere
2106 1322 2225 1388 Deum.
2276 1321 2368 1386 Nune

469 1417 520 1482 10.
553 1414 652 1496 Aqui
681 1412 816 1479 Isbouob
847 1413 939 1479 Deus
965 1413 1081 1478 ιινιιιι
1112 1412 1180 1498 (qui
1207 1421 1349 1489 vertunt,
1402 1430 1481 1494 ergo
1510 1413 1677 1495 prophete,
1705 1422 1874 1494 postquam
1903 1409 2057 1493 loquutus
2086 1416 2135 1474 set
2164 1409 2204 1474 ds
2229 1409 2369 1474 essentia

379 1504 473 1569 'Deus
495 1501 657 1579 veritatis,
685 1518 749 1563 non
774 1500 951 1582 observant
973 1499 1131 1582 syntaxin
1154 1497 1348 1562 hebraicam.
1402 1496 1498 1577 Dei,
1516 1498 1683 1563 descendit
1713 1496 1754 1562 ad
1787 1498 1904 1580 praxin
1937 1497 2053 1579 ipsam.
2104 1495 2149 1559 Et
2177 1507 2264 1559 certe
2292 1493 2368 1558 haec

380 1589 530 1654 Dixisset
557 1587 643 1651 enim
666 1599 739 1652 ιιιιιι
759 1583 836 1653 'aba
854 1597 931 1652 nint.
976 1583 1122 1649 Iehoveh
1152 1603 1229 1667 ergo
1260 1583 1350 1648 Deus
1403 1583 1489 1648 seria
1511 1592 1560 1648 ιιι
1583 1583 1645 1648 Dei
1668 1584 1820 1666 cognitio,
1846 1583 1901 1648 ubi
1925 1603 1991 1647 non
2012 1581 2219 1665 speculamur
2240 1580 2276 1645 in
2297 1600 2368 1644 aere

382 1673 525 1760 verius),
549 1673 615 1754 ipse
636 1669 728 1735 Deus
748 1670 821 1748 cita,
844 1675 872 1735 ιι
892 1689 948 1734 ree
969 1670 1179 1736 secederem:
1200 1690 1221 1733 u
1240 1668 1351 1750 surore
1402 1667 1487 1750 quod
1503 1667 1671 1753 disputant
1688 1668 1888 1753 philosophi:
1911 1666 1968 1732 sed
1983 1667 2040 1732 ubi
2055 1667 2257 1750 experientia
2271 1665 2368 1732 senti·

381 1761 449 1826 ιιιι
481 1758 687 1825 coemisset
719 1761 818 1836 terro,
857 1761 885 1820 et
924 1773 987 1821 uon
1026 1754 1219 1821 sustinebunt
1248 1759 1351 1838 pentes
1402 1774 1473 1819 mus
1495 1774 1598 1819 unum
1620 1776 1690 1820 esse
1712 1755 1828 1820 Deum.
1873 1751 2006 1833 Quare?
2034 1753 2109 1836 quie
2130 1772 2252 1817 sumus.
2296 1751 2368 1814 Non

382 1846 564 1911 tremelus.
1401 1860 1515 1905 sumus
1555 1841 1700 1923 proprie,
1739 1839 1796 1906 sed
1833 1839 2055 1905 subsistimus:
2095 1838 2124 1903 si
2155 1837 2369 1914 subsistimus,

1401 1933 1488 1990 certe
1518 1924 1704 2009 hypostasis
1733 1923 1966 1992 consideranda
1994 1931 2054 1990 est.
2103 1925 2192 2008 Ergo
2221 1943 2292 1989 esse
2321 1943 2369 1985 re-

466 2013 533 2078 Hio
557 2012 715 2097 prophete
736 2011 887 2095 exsultat,
917 2023 950 2077 st
971 2011 1173 2093 triumphum
1197 2011 1264 2095 egit
1286 2010 1349 2075 Dei
1402 2011 1549 2094 periatur
1567 2031 1666 2092 penes
1686 2032 1787 2077 unum
1805 2010 1923 2087 Deum,
1942 2011 2069 2092 proprie
2086 2007 2264 2092 loquendo:
2287 2007 2370 2073 unde

381 2100 525 2178 nomine,
560 2099 652 2182 quasi
679 2099 843 2164 erroribus
873 2097 1021 2182 gentium
1051 2095 1186 2162 devictis
1216 2106 1250 2162 ιι
1279 2117 1350 2179 pro·
1401 2097 1550 2178 sequitur
1572 2096 1674 2162 vitam
1699 2097 1867 2161 hominnm
1891 2114 1961 2160 esee
1983 2095 2187 2160 luculentum
2208 2094 2370 2176 specimen

378 2186 509 2270 fligatis.
552 2183 636 2249 Nem
666 2184 888 2265 contemptim,
916 2194 953 2247 ut
976 2185 1083 2249 visum
1110 2195 1167 2260 est,
1197 2183 1350 2247 disseruit
1402 2183 1517 2247 unicae
1535 2181 1675 2247 deitatis.
1707 2181 1797 2247 Deus
1815 2202 1886 2264 erqo
1902 2182 1968 2246 uita
1985 2186 2037 2261 est,
2055 2187 2083 2245 ιι
2099 2201 2155 2246 ren
2167 2180 2369 2246 matorum.

381 2271 422 2336 de
438 2269 555 2337 crassis
575 2268 640 2334 illis
659 2269 831 2352 erroribus,
850 2275 884 2332 et
899 2268 1041 2334 ostendit
1055 2269 1220 2351 sapientes
1237 2267 1349 2332 mundi
1402 2267 1487 2331 Nam
1511 2268 1595 2348 quod
1618 2268 1714 2333 etiem
1739 2265 1879 2332 mundus
1901 2267 2050 2332 conditus
2068 2275 2129 2346 ιιι,
2152 2265 2268 2330 deinde
2288 2265 2371 2347 quod

380 2357 518 2421 nimium
547 2375 619 2421 esse
648 2353 811 2437 insipidos,
840 2354 895 2437 qni
924 2353 970 2421 ιιι
991 2363 1182 2437 stupescant
1203 2354 1236 2418 in
1259 2354 1350 2436 ligno
1402 2353 1480 2416 anni
1509 2352 1566 2417 elii
1586 2353 1676 2419 ,alios
1704 2365 1900 2436 sequuntur:
1931 2351 2048 2418 deinde
2073 2350 2158 2435 quod
2179 2353 2215 2416 in
2238 2351 2300 2416 hac
2321 2371 2370 2414 re·

379 2453 413 2508 et
429 2440 548 2524 lapide.
577 2439 672 2507 Nune
690 2460 767 2524 ergo
785 2459 838 2504 ma
862 2439 956 2505 nilico
974 2439 1101 2505 extollit
1120 2441 1181 2503 Dei
1202 2439 1350 2524 gloriam,
1403 2437 1569 2503 volutione
1599 2449 1648 2504 est
1676 2447 1769 2503 tante
1790 2439 1939 2515 serietas,
1972 2448 2005 2503 ιι
2027 2447 2137 2503 tamen
2157 2436 2236 2502 ordo
2258 2455 2370 2519 aequa·

381 2546 481 2609 quum
500 2525 588 2601 dicit,
610 2525 710 2608 Αιιιι
728 2524 821 2591 recca
883 2529 927 2590 ιιι
944 2524 1043 2602 Deus,
1065 2526 1189 2607 inquit:
1212 2524 1274 2591 hoo
1292 2536 1350 2602 est,
1403 2523 1490 2600 bilis,
1526 2532 1559 2588 et
1588 2532 1802 2606 temperatus,
1836 2525 1909 2606 quis
1937 2545 2003 2588 non
2033 2523 2209 2605 conspiciet
2236 2522 2370 2605 gloriam

381 2612 490 2680 colant
512 2620 627 2695 gentes
650 2631 726 2676 suos
748 2610 832 2688 deos,
861 2610 1047 2676 fabulentur
1070 2609 1109 2676 de
1130 2608 1260 2674 illorum
1286 2612 1349 2674 vir·
1404 2608 1467 2674 Dei
1489 2609 1523 2673 in
1548 2609 1609 2675 hac
1631 2610 1747 2675 mundi
1768 2609 2012 2692 temperatura?
2056 2609 2153 2674 Nune
2175 2628 2252 2691 ergo
2274 2608 2369 2672 etium

381 2703 469 2775 tute,
508 2707 543 2762 ιι
581 2697 770 2780 confingant
809 2697 913 2761 multa
945 2695 1103 2761 muscula
1134 2693 1350 2761 mendaciter:
1403 2703 1551 2760 tenemus
1569 2714 1627 2758 cur
1645 2696 1804 2778 prophete
1822 2707 1916 2760 vocet
1931 2695 2038 2759 Deum
2056 2691 2370 2778 reconsecratores.

381 2781 524 2866 Iebovoh,
546 2782 664 2865 inquit,
679 2785 730 2847 'eat
750 2783 848 2849 Deua.
891 2779 956 2848 Ubi
978 2781 1088 2846 omnis
1109 2781 1208 2863 probe
1231 2782 1351 2845 exemi·
1403 2779 1548 2844 Tandem
1572 2779 1711 2858 subiicit,
1737 2780 1770 2845 A
1790 2781 1898 2862 surore
1917 2780 1986 2846 eius
2006 2781 2212 2846 contremiscet
2232 2783 2326 2857 terro,
2347 2783 2372 2841 ιι

381 2878 458 2940 nate
476 2869 606 2945 luerint,
625 2866 785 2934 constabit
803 2869 935 2934 unicum
953 2887 1024 2932 ιιιι
1041 2865 1167 2930 Deum:
1186 2877 1218 2931 ιι
1236 2885 1349 2932 omnes
1402 2870 1507 2948 ymtee
1544 2884 1606 2930 coe
1646 2866 1837 2931 sustinebunt
1873 2867 1957 2931 ιναιι
1989 2867 2066 2931 eiua.
2122 2864 2210 2946 Quia
2242 2864 2371 2930 lusisset

380 2955 424 3020 dii
463 2955 610 3039 gentium
651 2957 767 3037 sponte
808 2961 1013 3020 evanescent.
1067 2951 1133 3017 Hic
1166 2951 1269 3036 igitur
1301 2961 1350 3017 est
1403 2970 1535 3033 operam
1556 2951 1643 3016 inter
1687 2961 1788 3031 entes,
1815 2950 1868 3018 hic
1890 2950 2044 3016 admonet
2065 2950 2213 3029 Iudaeos,
2236 2971 2278 3015 ne
2298 2970 2371 3033 pro·

381 3061 496 3106 sensus
513 3039 704 3124 prophetae:
727 3039 820 3122 quasi
839 3037 970 3116 diceret,
993 3037 1102 3103 Deum
1121 3037 1181 3103 sibi
1200 3038 1349 3104 sufficere
1403 3045 1520 3102 vocent
1549 3037 1584 3100 in
1613 3058 1648 3102 se
1704 3057 1788 3117 eum,
1817 3037 1874 3119 qni
1902 3036 2000 3101 iudex
2030 3037 2092 3103 erit
2122 3037 2220 3102 totius
2248 3035 2371 3110 mundi,

381 3124 422 3191 ad
462 3145 574 3190 omnes
614 3126 762 3208 gentium
794 3145 919 3190 errores
952 3122 1187 3206 profligandos,
1227 3123 1282 3189 ubi
1313 3124 1349 3187 in
1401 3130 1434 3188 et
1456 3120 1569 3204 perdet
1590 3123 1689 3188 etiam
1710 3121 1904 3200 incredulos,
1934 3123 2084 3204 quamvis
2105 3122 2317 3188 caecutierint
2338 3122 2370 3184 in

381 3210 526 3276 medium
559 3211 716 3291 prodierit
749 3209 818 3274 eins
850 3211 1015 3286 maiestas,
1054 3209 1131 3291 qnia
1163 3213 1274 3274 tentus
1307 3211 1350 3274 sit
1401 3208 1556 3274 tenebris.
1613 3207 1777 3275 Admonet
1809 3228 1887 3292 ergo
1918 3207 2071 3286 Iudaeos,
2109 3229 2151 3274 ιιι
2182 3209 2230 3272 ιιι
2262 3208 2370 3273 oculos

382 3297 452 3363 eius
475 3295 594 3380 fulgor,
615 3304 653 3359 ut
675 3296 783 3359 omnia
805 3314 887 3375 quae
910 3293 1032 3376 alioqui
1051 3293 1189 3358 miretur
1208 3294 1349 3360 mundus
1401 3292 1554 3359 claudent
1587 3293 1628 3359 ad
1662 3303 1868 3378 praesentem
1901 3294 1966 3360 Dei
1999 3294 2151 3378 gloriam,
2191 3314 2273 3377 qnae
2305 3293 2371 3358 illis

381 3383 415 3447 in
438 3380 579 3447 nihilum
601 3379 735 3464 redigat.
773 3380 891 3445 Postea
912 3378 998 3458 dicit,
1020 3379 1144 3444 ιινιιιι.
1178 3378 1242 3444 Ηιι
1265 3381 1350 3445 reri·
1401 3380 1534 3463 propius
1573 3380 1634 3444 fuit
1666 3381 1835 3463 patefacte.
1889 3379 1975 3445 Nam
2014 3387 2128 3464 gentes
2168 3401 2210 3445 ex
2245 3380 2372 3464 opificio

381 3476 482 3533 tatem
516 3466 651 3549 opponit
684 3465 892 3531 vanitatibus.
947 3465 1089 3531 Dixerat
1120 3463 1245 3547 lignum
1279 3484 1350 3530 esse
1402 3464 1516 3528 mundi
1545 3474 1699 3547 poterant
1727 3485 1902 3548 agnoscere
1925 3466 2042 3545 Deum,
2072 3475 2105 3531 et
2125 3466 2259 3531 fuerunt
2280 3467 2371 3530 inex·

382 3553 562 3618 doctrinam
585 3551 784 3616 vanitatum:
810 3571 898 3617 nunc
920 3550 1007 3628 dicit,
1036 3549 1126 3615 Deus
1145 3553 1287 3614 ιιίιιιιιι
1308 3555 1352 3615 ιιι
1402 3549 1578 3614 eusebiles:
1601 3549 1732 3615 Iudaeis
1754 3560 1862 3614 entem
1885 3554 1957 3615 erat
1978 3549 2149 3617 familiaris
2171 3552 2312 3635 cognitio
2330 3573 2372 3616 ex

380 3639 504 3714 veritae,
527 3637 588 3704 hoe
605 3644 665 3717 est,
687 3656 752 3702 non
769 3656 853 3719 opus
870 3634 970 3702 hebet
988 3635 1157 3701 adscititiis
1178 3635 1349 3703 coloribus:
1402 3635 1482 3718 lege.
1527 3634 1599 3700 Hac
1629 3634 1756 3700 ratione
1783 3634 1863 3701 dicit
1885 3635 2057 3700 Ieremias:
2087 3637 2197 3702 Etiam
2225 3639 2255 3703 si
2284 3659 2371 3702 nune

381 3725 532 3790 tueantur
560 3721 647 3788 idola
674 3720 836 3806 gentium,
866 3722 1066 3800 vestiuntur,
1098 3730 1270 3797 ornantur,
1300 3723 1349 3785 in·
1402 3721 1512 3784 Deum
1533 3717 1693 3785 increduli
1716 3739 1828 3786 secure
1850 3730 2072 3800 contemnent,
2103 3733 2211 3788 tamen
2236 3722 2293 3789 ubi
2316 3744 2371 3804 ep·

382 3811 468 3892 quit:
492 3808 548 3873 sed
567 3808 646 3874 haec
664 3807 773 3874 omnia
791 3807 873 3872 nihil
892 3807 1014 3874 hebent
1031 3805 1181 3872 solidum.
1216 3805 1351 3873 Ιιιιιιιι
1402 3805 1546 3887 paruerit
1572 3804 1674 3870 iudex
1694 3805 1816 3882 mundi,
1845 3812 1923 3872 tnnc
1946 3827 2078 3873 necesse
2100 3807 2163 3873 erit
2183 3817 2284 3872 totam
2306 3815 2371 3872 ter-

381 3898 482 3960 outem
504 3893 593 3960 Deus
620 3898 664 3958 est
688 3893 816 3973 veritae,
845 3893 906 3960 hoo
929 3904 988 3971 est,
1016 3891 1108 3958 Deus
1130 3911 1196 3957 non
1219 3891 1350 3957 aliunde
1403 3911 1472 3956 ram
1501 3910 1726 3972 expavescere,
1759 3901 1792 3956 et
1824 3912 1890 3956 non
1920 3891 2026 3957 ferent
2059 3893 2128 3959 sins
2155 3905 2371 3978 conspectum,

381 3986 553 4044 mutuetur
581 3978 767 4063 quidquem,
797 3977 854 4044 sed
883 3989 1056 4044 contentus
1077 3987 1128 4043 ιιι
1149 3998 1184 4044 ιι
1210 3979 1290 4061 ipso,
1318 3990 1351 4043 ιι
1402 3986 1436 4042 ιι
1457 3977 1672 4059 praesentiam
1695 3978 1748 4060 qui
1771 3999 1858 4043 nunc
1880 3979 1926 4043 ιιι
1942 3977 2079 4060 superbe
2099 3979 2260 4044 insultent
2277 3999 2372 4045 verae

379 4067 485 4131 virtus
518 4065 588 4130 eius
622 4084 680 4146 per
712 4085 747 4130 ιι
776 4063 856 4129 ιιιιι
885 4063 983 4130 habet
1016 4063 1209 4129 ιιιιοιιιιιιι.
1261 4061 1351 4129 Decea
1402 4061 1560 4146 religioni.
1613 4062 1784 4128 Caeterum
1816 4085 1880 4128 non
1906 4061 1963 4129 ebs
1992 4085 2028 4129 re
2055 4065 2213 4148 prophete
2243 4077 2371 4131 tantum

380 4171 458 4235 ergo
479 4155 523 4216 ast
543 4149 668 4228 ueritus,
691 4155 718 4214 ιι
738 4149 827 4215 Deus
849 4154 895 4214 eet
914 4151 989 4229 otta,
1010 4149 1128 4232 inquit.
1171 4148 1349 4231 Postquam
1401 4168 1518 4231 operes
1551 4150 1690 4230 sumpsit
1718 4150 1754 4212 in
1789 4149 1851 4214 heo
1880 4157 1972 4232 parte
2002 4147 2183 4216 doctrinae:
2217 4153 2372 4233 quoniam

380 4236 464 4301 dixit
491 4237 525 4301 in
556 4235 696 4300 essentia
725 4235 823 4300 nnius
845 4234 909 4301 Dei
935 4255 1048 4301 reram
1069 4245 1103 4300 ιι
1124 4233 1259 4299 solidam
1279 4253 1350 4299 essa
1403 4232 1513 4298 decem
1544 4233 1648 4299 tribus
1675 4233 1832 4299 adductae
1855 4234 2003 4298 arentin
2026 4235 2188 4316 exsilium,
2216 4248 2250 4301 et
2272 4237 2371 4302 Obel-

380 4322 530 4406 gloriam,
552 4319 702 4404 adiungit
723 4319 860 4385 alteram
879 4321 1112 4405 probationem,
1135 4340 1232 4402 quam
1250 4320 1350 4386 sumit
1403 4317 1473 4383 daei
1503 4327 1536 4384 ιι
1558 4319 1686 4404 Assyrii
1717 4318 1921 4400 triumphum
1953 4321 2094 4403 agebant
2122 4321 2161 4386 de
2188 4321 2259 4403 ipso
2287 4321 2371 4396 Deo,

380 4408 420 4472 eb
454 4407 624 4472 hominum
658 4427 773 4484 sensu,
812 4427 929 4491 nempe
961 4405 1047 4490 quod
1080 4406 1171 4472 Deua
1202 4406 1244 4470 ιιι
1275 4406 1349 4470 vito.
1402 4424 1439 4469 ae
1471 4404 1499 4469 si
1531 4402 1680 4470 devictus
1719 4404 1848 4482 fuisset,
1889 4405 1964 4487 qnia
1997 4426 2061 4470 non
2101 4418 2253 4489 potuerat
2285 4409 2371 4472 tueri

379 4491 466 4558 Nam
487 4495 547 4558 etsi
565 4491 656 4557 Deus
673 4511 732 4575 per
745 4510 782 4556 se
796 4502 847 4556 est
864 4490 1216 4576 incomprehensibilis:
1240 4500 1350 4555 temen
1401 4510 1541 4572 regnum
1564 4489 1705 4566 Israelis,
1728 4489 1812 4573 quod
1835 4502 1905 4554 erat
1927 4491 1987 4555 sub
2008 4493 2079 4556 eius
2102 4491 2257 4558 tutelast
2278 4513 2371 4576 prae·

380 4598 446 4643 non
479 4587 607 4643 tantum
641 4577 736 4660 signa
768 4576 890 4660 gloriae
923 4599 1001 4644 ιιιιι
1030 4575 1123 4643 nobis
1153 4576 1246 4659 ponit
1274 4587 1350 4641 ante
1401 4575 1499 4640 sidio:
1519 4584 1553 4640 et
1572 4576 1680 4640 miseri
1699 4575 1796 4639 stiam
1814 4574 1985 4641 Israelitae
2003 4586 2153 4658 poterant
2170 4577 2372 4662 despondere

380 4664 505 4744 oculos,
544 4662 601 4728 sed
638 4661 874 4744 quodammodo
908 4663 1041 4746 praebet
1072 4683 1108 4727 se
1139 4660 1348 4744 palpandum,
1401 4661 1536 4739 animos,
1560 4681 1660 4742 quum
1683 4660 1829 4726 viderent
1849 4661 1896 4724 ite
1915 4683 1950 4728 se
1973 4662 2110 4727 afflictos
2129 4683 2211 4744 esse,
2234 4675 2267 4727 et
2283 4674 2369 4728 trac·

380 4747 651 4833 quemadmodum
683 4746 762 4812 dicit
793 4748 917 4814 Paulus
949 4749 998 4814 14.
1022 4770 1090 4833 cap.
1115 4750 1186 4812 Act.
1216 4745 1260 4832 (v.
1285 4747 1348 4826 lt).
1401 4746 1464 4811 tari
1493 4743 1683 4821 crudeliter,
1718 4754 1751 4810 et
1779 4767 1948 4830 oppressos
1976 4748 2151 4831 tyrannide
2179 4748 2370 4831 pudendum

379 4835 541 4919 Intelligit
558 4844 678 4908 autern,
701 4835 799 4897 etiarn
815 4835 842 4900 si
858 4834 1007 4900 homines
1026 4835 1216 4911 caecutiant,
1239 4843 1348 4896 tamen
1400 4832 1435 4895 in
1454 4831 1596 4912 modum,
1618 4831 1694 4914 quid
1713 4839 1865 4915 poterent
1881 4842 2033 4910 statuere,
2053 4835 2117 4900 nisi
2134 4853 2169 4899 se
2187 4854 2252 4899 non
2270 4835 2371 4900 fuisse

379 4921 542 5004 palpando
579 4939 674 5003 posse
712 4918 855 4984 inveniri
887 4919 1006 4984 Deum.
1062 4919 1160 4985 Oeeoi
1200 4919 1349 5001 quemvis
1401 4937 1497 4982 curae
1519 4915 1601 4994 Deo,
1631 4925 1665 4981 et
1692 4937 1793 4982 ranas
1823 4918 1924 4984 luisse
1952 4920 2021 4982 eius
2050 4920 2288 5001 promissiones,
2317 4921 2370 4985 vel

379 5015 513 5071 careant
553 5006 640 5083 visu,
681 5013 792 5068 tamen
832 5004 992 5086 palpando
1032 5005 1200 5088 reperiunt
1232 5003 1349 5084 exitus,
1401 5022 1467 5067 non
1494 5001 1595 5067 fuisse
1624 5001 1659 5067 in
1688 5023 1725 5068 eo
1754 5005 1834 5069 setis
1859 5004 1971 5069 auxilii
1994 5003 2034 5068 ed
2056 5006 2144 5088 ipsos
2166 5005 2368 5071 servandos?

379 5111 478 5174 quum
509 5093 711 5156 circumeunt
740 5110 797 5172 per
827 5089 951 5168 aulam,
984 5089 1038 5155 rel
1067 5090 1264 5167 cubiculum,
1297 5108 1348 5154 re·
1400 5087 1474 5153 Hae
1495 5087 1596 5171 igitur
1617 5086 1656 5152 de
1674 5109 1772 5154 causa
1790 5098 1857 5152 tam
1877 5089 2049 5172 magnifiee
2066 5091 2225 5175 propheta
2242 5091 2370 5156 extollit

379 5177 510 5258 pariunt
531 5178 665 5242 ianuam
687 5173 865 5260 palpando:
897 5175 1013 5242 deinde
1040 5195 1140 5258 quum
1163 5175 1277 5242 volunt
1299 5175 1349 5238 in·
1401 5172 1465 5238 Dei
1492 5173 1648 5238 virtutem
1678 5183 1710 5238 ιι
1738 5174 1883 5258 gloriam,
1917 5196 1959 5241 ne
1986 5174 2188 5242 calamitates
2217 5175 2371 5246 deliniant

379 5261 481 5346 gredi,
511 5265 610 5326 etiem
631 5259 792 5345 palpando
814 5262 982 5344 reperiunt
1008 5263 1148 5326 ianuam.
1193 5260 1260 5328 Sed
1283 5280 1348 5324 non
1402 5269 1436 5323 et
1463 5267 1669 5344 prosternent
1696 5258 1792 5324 fidem
1821 5279 1932 5325 eorum
1956 5261 2011 5344 qui
2033 5261 2191 5344 putabant
2212 5283 2248 5328 ιι
2269 5263 2370 5328 fuisse

380 5367 461 5430 opus
494 5356 543 5413 est
572 5347 662 5413 exire
691 5368 711 5412 a
739 5346 846 5427 nobis,
874 5345 981 5430 inquit
1010 5346 1144 5413 Paulus.
1194 5345 1349 5428 Quisquis
1402 5343 1585 5412 derelictos:
1613 5356 1646 5411 ιι
1675 5344 1736 5410 hoc
1764 5344 1879 5411 melius
1907 5355 1997 5428 petet
2025 5349 2235 5433 exsequenti
2262 5369 2370 5427 versu,
