5158 6124
211 495 276 564 393
910 499 961 564 IN
984 500 1235 567 IERldhilAlll.
1279 499 1379 567 chr.
1400 499 1518 567 XXII.
2154 500 2220 567 394

214 685 324 752 mariti
347 685 471 753 offioio:
506 685 624 752 deinde
646 707 711 752 nen
735 686 864 754 stetisse
886 707 945 771 per
966 689 1083 772 ipsum,
1114 707 1193 771 quo·
1245 689 1435 772 morigeros,
1464 709 1506 754 ex
1534 688 1680 755 moribus
1709 695 1819 754 tamen
1843 691 1986 772 ipsorum
2010 688 2089 754 satis
2111 688 2220 773 eolligi

216 772 326 836 miuus
359 773 500 856 popolus
530 771 566 836 in
588 773 702 838 olfioie
723 782 889 838 maneret:
921 773 1084 856 Loqutdus
1112 793 1193 852 ειεει,
1244 775 1361 857 potuit,
1383 774 1547 840 obstinato
1562 775 1662 840 foisse
1677 775 1797 853 animo,
1820 783 1857 840 ut
1876 775 2002 840 nollent
2017 773 2088 840 Deo
2103 795 2219 857 parere

214 858 331 942 inquit,
360 862 467 941 ιεειιει,
498 857 560 922 hoo
589 869 650 938 εει,
683 878 748 923 non
778 868 869 942 potes
899 859 1007 925 dioere
1030 871 1061 924 te
1083 877 1193 924 errore
1245 868 1278 924 ει
1296 861 1366 925 eius
1384 859 1538 926 eonsiliis.
1566 859 1728 945 Adiungit
1742 861 1840 926 tertio
1858 859 1941 925 tunc
1952 861 2055 943 fuisse
2066 861 2220 925 rationem

214 943 316 1008 tuisse
346 941 526 1026 dereptum.
580 942 697 1010 Solent
724 945 811 1010 enim
840 946 1016 1030 eenlugere
1044 943 1084 1010 ad
1108 944 1193 1010 hene
1240 945 1354 1026 populi
1381 965 1403 1010 a
1426 947 1579 1026 pueritie,
1608 965 1669 1012 nou
1697 947 1811 1012 audire
1837 965 1938 1012 vetem
1959 944 2031 1010 Dea'.
2077 944 2143 1012 Hie
2169 953 2221 1010 εει

213 1029 460 1094 exousetionem
488 1029 546 1112 qui
574 1029 718 1095 sensisti
741 1039 828 1108 aunt,
858 1031 931 1096 Nou
961 1031 1130 1114 putabam:
1164 1029 1192 1096 si
1245 1030 1425 1114 impietatis
1454 1032 1618 1106 eumelus,
1648 1032 1703 1097 ubi
1733 1052 1798 1096 non
1828 1051 1895 1096 uno
1922 1039 2052 1095 tantum
2075 1029 2137 1110 die,
2164 1029 2220 1096 vel

213 1114 348 1180 fuissem
372 1115 568 1192 edmonitus,
592 1116 774 1198 paruissem
797 1115 882 1182 bono
902 1116 1056 1183 oonsilio:
1077 1115 1134 1180 sed
1157 1116 1192 1180 in
1245 1117 1364 1200 exiguo
1394 1125 1543 1201 tempore
1564 1137 1677 1184 sumus
1698 1117 1883 1202 praefreoti,
1913 1116 1971 1181 sed
1992 1117 2221 1199 persequimur

214 1198 339 1266 lubrieo
362 1199 457 1266 laeile
478 1210 529 1266 eet
550 1203 674 1275 oedere,
701 1203 893 1285 praesertim
917 1203 974 1267 nbi
999 1221 1095 1266 nemo
1116 1221 1192 1283 por·
1244 1201 1330 1268 hene
1359 1202 1516 1268 malitiam
1538 1202 1580 1268 ed
1602 1213 1787 1269 extremum
1811 1222 1923 1286 usque.
1967 1200 2100 1266 Interea
2120 1201 2220 1285 signi-

215 1284 294 1368 rigit
312 1306 459 1362 manum,
481 1296 513 1350 et
532 1286 659 1351 nullum
676 1287 856 1352 remedium
876 1288 1058 1353 adhibetur.
1092 1286 1193 1352 Tollit
1244 1289 1322 1353 fleat
1345 1288 1447 1369 Deua,
1476 1290 1517 1354 ab
1545 1289 1639 1353 initio
1667 1309 1703 1354 se
1732 1290 1832 1356 tuisse
1854 1287 2028 1354 sollieitum
2050 1287 2090 1353 de
2112 1287 2220 1354 salute

214 1371 315 1454 igitur
330 1369 422 1437 Deus
445 1391 547 1437 vanos
565 1373 645 1436 istos
663 1383 864 1455 praetextus,
888 1382 921 1438 ει
944 1373 1022 1438 dioit
1041 1391 1075 1438 ee
1089 1372 1194 1454 fuisse
1244 1373 1371 1456 populi,
1404 1374 1462 1440 sed
1494 1375 1625 1440 frustra.
1680 1374 1851 1440 Interdum
1885 1373 2061 1458 eontingit,
2094 1383 2130 1438 ut
2163 1374 2221 1456 qni

213 1456 390 1537 loqueum
422 1458 516 1540 quasi
551 1458 688 1537 dioeret,
721 1459 795 1542 Ego
828 1467 860 1522 te
888 1460 924 1524 in
954 1465 1101 1541 tempore
1135 1458 1190 1522 ad·
1246 1457 1401 1524 obduruit
1432 1460 1468 1524 iu
1502 1460 1591 1526 vitiis
1621 1461 1688 1526 suis
1718 1482 1786 1525 uon
1814 1461 1858 1526 sit
1887 1458 1968 1525 adeo
1990 1459 2160 1538 flexibilis,
2191 1458 2220 1524 si

213 1542 344 1608 monui:
368 1561 434 1607 uon
457 1544 560 1626 igitur
582 1544 722 1624 peooasti
743 1545 874 1610 inscitie
894 1544 947 1611 vel
964 1545 1192 1628 incogitantia:
1245 1544 1382 1627 ineipiet
1415 1545 1523 1610 dooeri
1555 1554 1631 1629 post
1662 1566 1786 1611 aunum
1820 1545 1874 1611 vel
1907 1545 2125 1620 trioesimum,
2166 1543 2221 1608 vel

213 1625 367 1710 Denique
393 1627 448 1692 hio
474 1629 567 1694 Deus
593 1627 790 1696 eundemnat
818 1631 1054 1696 eontnmeoiam
1077 1631 1112 1694 in
1135 1648 1193 1713 po·
1246 1629 1543 1715 quadragesimum.
1588 1630 1799 1698 contrahunt
1819 1629 1906 1696 enim
1930 1629 2078 1694 homines
2099 1629 2221 1696 oallum

213 1713 301 1796 pulo,
321 1714 407 1796 quod
431 1715 536 1780 soieus
558 1723 591 1779 et
614 1715 728 1780 volens
749 1736 821 1781 sese
843 1717 1016 1799 proiecerit
1037 1716 1079 1781 ad
1097 1735 1194 1781 omne
1246 1716 1345 1800 longo
1385 1736 1463 1781 usu:
1508 1714 1656 1783 videmos
1695 1737 1790 1783 senes
1829 1717 1940 1781 minus
1978 1735 2050 1781 esse
2089 1714 2221 1781 doeilea.

213 1797 328 1864 seelus.
374 1799 484 1866 Leous
512 1809 622 1865 eutem
650 1799 704 1867 hie
733 1811 849 1867 notatu
877 1801 995 1886 dignus
1021 1811 1085 1882 est,
1118 1801 1194 1884 quia
1246 1800 1378 1882 Quare?
1402 1821 1480 1866 nam
1503 1811 1590 1868 aetas
1611 1803 1682 1887 ipsa
1699 1803 1772 1868 illos
1790 1800 2028 1886 quodammodo
2045 1799 2221 1879 roboravit,

213 1883 364 1949 videmus
387 1885 547 1967 duplieari
569 1886 694 1950 eumen
717 1887 772 1952 ubi
795 1896 923 1952 mature
941 1888 1084 1952 oeourrit
1102 1886 1194 1952 Deus
1246 1897 1284 1952 ut
1306 1908 1371 1952 non
1393 1888 1563 1970 patiantur
1584 1907 1619 1952 ae
1641 1889 1722 1972 regi.
1766 1887 1833 1953 Hie
1858 1907 1936 1952 vero
1957 1886 2099 1952 ostendit
2120 1885 2222 1963 Deus,

214 1979 247 2033 et
276 1989 336 2034 uos
364 1970 398 2034 in
423 1972 511 2036 viam
539 1985 688 2037 revoeatr
719 1973 797 2055 quie
819 1974 883 2038 nisi
906 1972 1051 2056 petimur
1072 1993 1133 2039 noe
1154 1973 1195 2038 ab
1247 1981 1373 2037 tantam
1396 1973 1498 2037 fnisse
1515 1974 1711 2056 pravitatem
1731 1975 1764 2038 in
1781 1974 1901 2058 populo
1916 1981 1954 2038 ut
1967 1973 2031 2037 iem
2047 1993 2068 2038 e
2082 1973 2224 2056 pueritie

214 2055 286 2137 ipso
315 2057 446 2140 eorrigi,
475 2056 706 2122 inexeusahilia
737 2067 787 2122 est
816 2068 929 2124 uestra
953 2058 1090 2124 malitie.
1135 2057 1210 2123 Lo.
1248 2067 1336 2124 esset
1364 2057 1515 2124 rebellis:
1546 2059 1639 2142 quasi
1669 2058 1807 2143 dieeret,
1841 2059 1916 2124 Non
1949 2067 2041 2142 potes
2068 2076 2224 2123 exossam

214 2143 332 2222 mutes
350 2160 423 2206 eam
445 2163 523 2225 ergo
544 2147 652 2227 uuum,
685 2143 805 2227 inquit,
834 2145 870 2209 iu
892 2145 993 2226 quiete
1014 2147 1078 2210 tao.
1123 2143 1197 2208 Hae
1248 2143 1342 2226 quasi
1370 2143 1412 2209 ad
1441 2144 1575 2228 longum
1601 2152 1733 2227 tempos
1761 2145 1862 2211 fueris
1891 2145 1962 2210 sine
1990 2141 2057 2207 ullo
2085 2142 2224 2220 doetors,

213 2227 313 2291 etiam
346 2227 592 2293 eireometantia
623 2229 748 2294 orimen
782 2241 942 2314 aggravat
970 2230 1078 2310 Deus,
1111 2228 1195 2311 quod
1247 2228 1392 2296 earueris
1413 2230 1503 2294 omni
1524 2229 1659 2295 oonsilio
1681 2239 1715 2295 ει
1736 2231 1869 2309 ratione,
1892 2237 1925 2294 ts
1946 2228 2019 2293 ideo
2036 2227 2225 2293 oeeelluisse

213 2333 281 2376 nou
315 2321 446 2378 tantum
476 2335 535 2397 per
565 2334 640 2379 suos
669 2314 846 2398 prophetas
873 2314 1054 2380 ostenderit
1075 2313 1196 2399 populo
1248 2315 1284 2379 in
1312 2315 1416 2381 melis.
1460 2315 1547 2380 Nam
1576 2323 1734 2400 expertus
1761 2335 1834 2382 sum
1857 2337 1877 2380 a
1898 2315 2006 2398 prime
2026 2314 2168 2396 pueritie
2190 2321 2225 2376 te

215 2398 293 2480 quid
326 2407 450 2464 reetum
481 2410 576 2476 esset,
606 2419 722 2465 verum
751 2401 820 2465 suis
850 2400 1015 2466 benefieiis
1037 2422 1112 2466 eum
1134 2401 1196 2466 sibi
1250 2420 1322 2466 osse
1349 2419 1485 2482 prorsus
1512 2401 1696 2468 indoeilem.
1741 2401 1829 2468 Haec
1856 2400 1959 2486 igitur
1984 2398 2049 2480 fuit
2075 2403 2130 2463 tuo
2158 2417 2226 2464 eorr-

214 2483 452 2550 ooneiliaverit.
508 2485 593 2549 Nam
633 2487 660 2549 si
694 2485 833 2550 maritus
866 2485 1016 2551 hortetur
1049 2505 1196 2564 uxorem,
1249 2487 1387 2566 mado,
1410 2487 1600 2554 heredites
1620 2507 1719 2554 uorem
1740 2507 1849 2567 meam,
1871 2485 1926 2552 vel
1949 2489 1988 2550 ut
2010 2504 2077 2548 non
2095 2481 2226 2548 audires

214 2569 341 2634 interea
373 2582 483 2634 autem
514 2572 557 2635 sit
585 2570 639 2635 vel
667 2581 819 2636 austerus
840 2571 895 2636 vel
916 2591 1080 2652 morosus,
1114 2591 1198 2638 uxor
1250 2592 1363 2637 vonam
1397 2591 1520 2638 meam:
1555 2573 1596 2638 ad
1629 2574 1765 2640 verbum
1799 2580 1861 2652 εει,
1894 2570 1981 2652 Quia
2009 2590 2074 2634 non
2106 2569 2226 2634 audisti

215 2653 444 2736 aspernabitur
476 2655 634 2738 quidquid
665 2655 791 2736 audiet,
827 2677 903 2721 uam
933 2663 1112 2742 oeeupatus
1134 2657 1197 2722 erit
1248 2677 1361 2723 voeem
1389 2675 1516 2721 meam:
1546 2657 1603 2723 sed
1631 2660 1679 2723 ita
1708 2658 1826 2724 resolvi
1850 2658 1955 2723 debet.
2000 2655 2114 2738 Neque
2136 2656 2224 2718 euim

214 2740 286 2804 eius
308 2740 439 2806 animus
462 2741 600 2807 fastidio.
634 2739 702 2806 Sed
725 2743 753 2805 ei
771 2743 909 2807 maritus
925 2751 1044 2808 traetst
1060 2762 1195 2808 uxorem
1249 2756 1281 2810 ³2
1309 2752 1359 2808 eet
1391 2743 1446 2809 hie
1478 2745 1610 2826 proprie
1642 2743 1781 2811 eauselis
1814 2743 1988 2826 partiente,
2026 2739 2084 2806 sed
2117 2741 2226 2823 potius

216 2845 310 2891 snam
335 2824 534 2906 humaniter,
557 2840 590 2890 et
608 2837 746 2892 testetur
764 2848 823 2893 sua
841 2826 1037 2893 liberalitate
1052 2847 1197 2893 amorem
1249 2829 1415 2912 expletiva
1437 2827 1490 2894 vel
1513 2829 1688 2913 exegetioe.
1733 2828 1901 2911 Sequitur,

216 2930 282 2994 que
304 2914 614 2996 eamprosequitor,
637 2912 737 2978 addat
755 2915 855 2978 etiam
876 2914 973 2979 simul
991 2913 1196 2996 prudentiam

216 3017 280 3079 qua
312 2997 418 3080 ipsam
452 3008 562 3081 regat,
597 3010 685 3063 oerte
719 3019 853 3064 neeesse
886 3008 936 3064 εει
967 2999 1093 3082 perdito
1125 3017 1197 3063 esse
1335 2997 1387 3064 22.
1415 2995 1686 3081 Omurepeetoree
1708 3004 1777 3064 tuoe
1798 2998 2070 3080 depascerentur,
2093 3001 2225 3063 domo·

216 3081 350 3166 ingenio
383 3083 554 3149 mulierem
590 3103 674 3166 quae
703 3105 769 3148 non
793 3085 977 3148 movebitur
999 3095 1032 3149 ει
1053 3084 1197 3150 consiliis
1249 3088 1329 3149 tores
1357 3083 1405 3148 tui
1433 3085 1470 3148 in
1490 3085 1639 3150 exsilium
1660 3084 1859 3168 migrabunt:
1888 3089 1965 3149 terte
1986 3088 2058 3148 tune
2074 3082 2226 3165 pudefiee,

116 3215 122 3228 .
215 3169 328 3234 meriti
368 3177 402 3232 et
441 3169 656 3235 beneficentia
693 3178 728 3234 et
764 3169 930 3235 laeilitate.
989 3170 1082 3235 Deus
1119 3189 1198 3252 ergo
1249 3168 1463 3236 tentasse
1491 3169 1531 3236 ob
1561 3172 1647 3236 omni
1675 3171 1800 3236 molitio
1820 3174 1877 3235 tua
1898 3168 1972 3254 (hoo
1995 3177 2058 3248 est,
2091 3178 2226 3252 propter

215 3253 360 3318 ostendit
381 3275 417 3318 εε
438 3255 617 3339 prophetas
641 3256 779 3334 misisse,
813 3256 868 3338 qui
892 3255 1073 3321 retinerent
1095 3274 1196 3338 popu·
1249 3264 1401 3320 eunetam
1424 3254 1580 3320 malitiam
1604 3253 1718 3341 tuam).

217 3337 285 3404 lum
320 3341 355 3404 in
385 3339 448 3404 fide
482 3351 515 3405 ει
545 3341 668 3416 elfleio,
704 3340 820 3405 deinde
854 3341 1061 3406 eoniuootam
1096 3340 1198 3405 irrisae

216 3446 310 3490 suam
344 3425 539 3502 bonitatem,
574 3437 610 3489 ut
643 3426 813 3491 duloedins
843 3427 914 3509 ipsa
942 3426 1082 3510 popolus
1111 3425 1198 3490 alliei
1335 3424 1499 3506 Quoniam
1522 3428 1698 3510 preeoipua
1719 3424 1815 3508 eulpa
1837 3431 1909 3490 erat
1929 3427 1964 3489 in
1981 3425 2062 3507 ipsis
2078 3425 2224 3504 dueibus,

217 3509 352 3577 deberet
385 3511 424 3576 ad
456 3511 684 3577 obediendum.
729 3513 819 3595 Ergo
842 3512 903 3577 sub
925 3513 1043 3595 quietis
1065 3512 1198 3576 nomine
1248 3510 1321 3576 ideo
1349 3512 1494 3578 ostendit
1515 3511 1607 3578 Deua
1635 3511 1718 3576 nihil
1741 3511 1811 3576 iore
1833 3510 2032 3577 defensionis
2054 3511 2089 3574 in
2111 3529 2225 3575 eorum

216 3595 369 3680 designat
400 3596 560 3681 propheta
593 3598 799 3662 elementiam
831 3597 910 3678 Dei,
944 3617 1009 3681 qua
1042 3596 1197 3680 dignatus
1248 3597 1424 3680 prudentia
1445 3605 1478 3663 et
1500 3598 1623 3681 opibus,
1646 3596 1701 3662 ubi
1724 3595 1765 3661 ad
1788 3606 1937 3662 extreme
1958 3606 2094 3663 ventum
2117 3594 2226 3660 luerit.

216 3681 327 3746 iuerat
349 3683 515 3766 populum.
551 3682 674 3748 Verum
699 3683 830 3765 quidem
854 3692 905 3750 est
926 3684 988 3749 hoe
1010 3683 1095 3766 quod
1119 3681 1199 3747 dioit
1248 3681 1321 3748 Hoe
1344 3685 1443 3748 etiam
1467 3683 1566 3750 nimis
1588 3683 1726 3766 vulgare
1748 3683 1864 3747 vitium
1887 3693 1948 3761 εει,
1981 3701 2081 3765 quum
2104 3681 2224 3764 vulgus
2307 3722 2314 3736 ·

215 3765 328 3832 Moses
351 3767 463 3852 (Dent.
487 3769 538 3848 32,
563 3768 626 3856 15),
657 3789 774 3852 nempe
805 3770 954 3834 homines
981 3769 1105 3834 similes
1128 3788 1198 3834 esse
1248 3767 1417 3833 hominnm
1461 3771 1666 3853 eoarguitur,
1712 3769 1852 3834 obiieere
1892 3767 2127 3851 gubernatores
2165 3787 2225 3849 pro

218 3853 313 3935 equis
345 3854 523 3931 feroeibus,
558 3859 611 3938 qui
646 3855 822 3920 laseiviunt
854 3855 910 3920 ubi
940 3865 1018 3919 sunt
1046 3855 1198 3937 saginati.
1249 3853 1373 3937 elypeo.
1417 3854 1487 3920 Neo
1517 3854 1652 3920 dubium
1682 3861 1742 3934 εει,
1774 3854 1855 3937 quin
1876 3852 1991 3917 Iudaei
2013 3852 2227 3936 opposuerint

217 3939 392 4023 Pinguedo
427 3941 537 4023 itaque
571 3951 605 4006 et
637 3941 729 4022 quies
767 3941 844 4006 feeit
879 3945 919 4004 ut
954 3940 1059 4004 simus
1092 3939 1199 4024 magis
1248 3937 1313 4003 Dei
1331 3938 1507 4023 prophetis,
1530 3937 1619 4020 Quid
1637 3940 1699 4006 hoe
1717 3939 1780 4006 sibi
1796 3939 1877 4016 vult,
1900 3938 1984 4021 quod
2002 3938 2092 4004 Deus
2109 3957 2226 4022 passus

216 4026 402 4108 praelraoti.
458 4025 588 4091 Interea
624 4025 688 4091 hoe
728 4026 769 4090 ad
810 4027 1052 4090 exeusationem
1088 4024 1199 4090 velere
1249 4034 1299 4089 εει
1329 4045 1389 4089 noe
1417 4025 1592 4090 infelieiter
1619 4025 1690 4108 regi
1713 4045 1732 4090 a
1754 4022 1849 4090 mulis
1879 4022 2036 4089 dueibos?
2071 4023 2226 4106 exposuit

216 4131 282 4174 nou
303 4121 419 4194 potest,
438 4113 492 4176 uhi
510 4111 604 4177 Deus
622 4111 740 4177 blande
759 4131 817 4176 uos
833 4111 960 4190 invitet,
978 4123 1012 4174 ει
1027 4110 1198 4193 eoniuugit
1248 4131 1310 4174 nos
1349 4109 1384 4174 in
1425 4110 1579 4193 praedam
1619 4111 1724 4194 lupis:
1764 4129 1852 4175 nuno
1884 4111 1912 4174 si
1943 4109 2045 4192 exigit
2077 4128 2097 4171 a
2128 4106 2224 4172 nobie

216 4197 316 4260 simul
346 4217 419 4262 eum
450 4197 598 4261 doctrina
628 4199 806 4262 humanam
834 4206 868 4260 st
898 4207 1069 4280 paternam
1101 4197 1196 4260 bene·
1248 4213 1380 4279 poenes,
1403 4195 1533 4262 videtur
1555 4195 1589 4261 id
1611 4217 1683 4262 ease
1705 4195 1890 4279 indiguum,
1917 4194 2025 4259 aliena
2046 4194 2141 4276 eulpa
2163 4213 2223 4260 nos

215 4281 406 4362 volentiam,
430 4303 569 4366 eamque
591 4283 780 4367 comprobat
802 4282 883 4365 ipsis
906 4280 1076 4347 effectibus
1094 4291 1128 4346 et
1143 4299 1198 4346 ex·
1247 4281 1361 4364 premi.
1405 4280 1539 4347 Interea
1568 4283 1625 4365 qui
1653 4283 1700 4346 sie
1729 4280 1906 4364 loquuntur
1935 4280 2042 4346 seeori
2070 4288 2158 4358 aunt,
2189 4288 2224 4344 et

215 4368 419 4452 perimentia,
450 4369 515 4433 nisi
545 4389 812 4435 manaueseamus
835 4367 876 4432 ad
899 4368 1099 4450 obsequium.
1145 4367 1197 4433 Ita
1247 4374 1464 4432 eontemnunt
1482 4366 1601 4448 Deum,
1624 4368 1702 4449 quie
1723 4367 1915 4433 existimant
1936 4367 1970 4429 iu
1994 4364 2061 4430 suis
2084 4365 2223 4431 dueibos

215 4455 377 4536 prophete
399 4475 458 4519 ora
479 4455 620 4520 oooludit
642 4453 783 4535 ludaeis,
808 4455 835 4519 ei
858 4456 943 4520 forte
965 4453 1089 4520 vellent
1111 4453 1196 4518 exei-
1246 4452 1309 4518 sibi
1348 4461 1473 4518 eertum
1512 4452 1582 4517 sore
1618 4450 1766 4517 salutem.
1824 4451 1989 4534 Propheta
2027 4451 2130 4533 igitur
2168 4450 2223 4515 hio

215 4559 294 4622 pere
327 4539 389 4605 sibi
422 4541 522 4605 nimis
556 4541 681 4603 fervide
715 4540 903 4605 denuntiari
937 4539 1129 4618 vindietem‚
1163 4548 1196 4603 ει
1246 4539 1372 4604 exentit
1404 4538 1503 4602 talem
1536 4538 1688 4603 fidueiem
1719 4537 1869 4602 Iudaeis:
1904 4535 2070 4620 Praetores,
2104 4536 2222 4617 inquit,

217 4625 326 4688 Deum
360 4627 469 4691 subito
501 4634 616 4692 eontra
649 4627 735 4708 ipsos
769 4627 903 4690 irruere.
958 4625 1062 4690 Deest
1097 4625 1195 4702 enim,
1245 4629 1315 4690 tuos
1345 4629 1453 4690 verus
1489 4624 1640 4705 deposed.
1694 4623 1759 4688 Hie
1800 4643 1858 4706 per
1890 4633 2035 4704 pastores
2068 4620 2223 4703 intelligit

217 4729 319 4792 quum
361 4712 394 4775 iu
436 4713 504 4776 otio
541 4723 574 4776 et
606 4711 823 4794 prosperitate
855 4720 988 4794 possent
1019 4730 1196 4794 agnoscere
1247 4717 1314 4774 tam
1347 4729 1455 4794 regem
1485 4715 1523 4774 ει
1546 4711 1617 4775 eius
1637 4709 1840 4774 eonsiliarios
1862 4727 1960 4790 quam
1983 4706 2167 4773 saeerdotes
2188 4714 2223 4770 et

216 4805 392 4877 paternum
416 4796 480 4861 Dei
503 4798 665 4877 affectum,
695 4797 879 4861 seleseiam
903 4795 1141 4861 tunorehslles
1164 4805 1196 4860 et
1247 4794 1432 4879 prophetas.
1466 4793 1614 4860 Verbum
1637 4793 1790 4877 peseeudi
1812 4793 1977 4878 signifieat
1992 4801 2221 4872 eousumptum

217 4879 336 4946 abusos
365 4880 429 4946 Dei
460 4881 676 4965 indulgentia.
730 4882 896 4962 Loquetue
926 4902 997 4947 eum
1025 4881 1129 4965 igitur
1161 4882 1194 4945 in
1246 4881 1288 4944 iri
1314 4880 1388 4946 illos
1421 4900 1534 4945 omues
1563 4900 1582 4945 a
1611 4888 1720 4946 vento.
1765 4880 1850 4945 Nem
1880 4877 2044 4943 interdum
2068 4876 2222 4942 dieuntur

217 4965 320 5046 quiete
342 4973 414 5033 tuo:
435 4973 468 5032 tu
491 4973 593 5033 eutem
610 4969 734 5047 dietati,
758 4969 834 5032 Non
848 4968 988 5034 audiam.
1022 4965 1196 5032 Probabile
1244 4965 1394 5030 homiues
1417 4966 1506 5047 pesei
1528 4973 1637 5049 vento,
1660 4966 1713 5031 vel
1736 4987 1771 5032 se
1793 4985 1935 5048 paseere,
1957 4964 2014 5028 nbi
2034 4963 2222 5046 eonoipiunt

217 5051 348 5133 quidem
376 5073 444 5116 non
473 5069 537 5131 εει,
570 5055 709 5120 ludaeos
739 5067 806 5117 tam
838 5052 1024 5135 petulanter
1045 5052 1196 5134 loquutus
1247 5051 1364 5117 stultae
1394 5051 1538 5117 fiducias.
1583 5050 1713 5117 Ventus
1739 5052 1841 5134 igitur
1862 5049 2024 5132 signifieat
2046 5047 2119 5113 aliis
2142 5047 2221 5112 loeis

217 5157 303 5217 esse,
336 5150 373 5202 ut
403 5137 509 5220 palam
539 5152 572 5204 ει
602 5141 698 5205 elaris
728 5138 839 5204 verbis
869 5137 1030 5216 dieerent,
1065 5159 1100 5202 se
1129 5159 1195 5202 uon
1246 5157 1321 5219 spes
1353 5137 1591 5215 frustratorias,
1633 5147 1669 5203 ut
1702 5137 1895 5220 loquuntur:
1937 5132 1994 5199 sed
2027 5133 2091 5198 alio
2123 5153 2221 5198 sensu

216 5221 287 5288 lore
316 5224 550 5307 obsequentes:
580 5226 637 5291 sed
666 5224 825 5308 propheta
854 5223 907 5288 hie
929 5223 1060 5307 respioit
1082 5243 1193 5288 eorum
1247 5221 1325 5286 dioit
1354 5220 1513 5306 propheta
1538 5223 1702 5304 depastum
1729 5224 1774 5286 iri
1795 5227 1940 5302 pastores
1968 5239 1990 5284 a
2011 5224 2113 5300 ιειιιο,
2144 5218 2221 5300 quia

216 5308 321 5374 vitam
349 5315 459 5392 potius
487 5330 584 5393 quam
609 5315 717 5376 verba.
753 5310 924 5391 ¹Quamvis
946 5328 1025 5392 ergo
1047 5329 1112 5373 nou
1136 5330 1194 5373 ex·
1246 5308 1370 5373 soilieet
1398 5319 1594 5374 evaneseent
1624 5317 1776 5391 tanquam
1799 5309 1917 5383 fumus,
1951 5305 2014 5371 hoe
2036 5311 2095 5385 est,
2128 5303 2220 5368 Deos

217 5395 403 5477 primerent
436 5396 497 5460 has
529 5397 673 5480 syllabae
702 5396 832 5475 Iudaei,
866 5415 901 5462 se
931 5415 996 5458 non
1026 5393 1093 5460 lore
1121 5393 1195 5459 Deo
1245 5392 1396 5459 ostendet
1416 5393 1561 5478 ipsorum
1584 5393 1769 5478 snperbiam
1792 5402 1826 5457 st
1847 5389 1976 5457 fraudes
1998 5398 2031 5456 et
2050 5409 2221 5474 perversas
