5158 6124
237 457 299 523 341
948 459 998 524 IN
1022 459 1271 526 IEREMIAM.
1316 459 1414 526 OhP.
1436 457 1516 525 XX.
2167 465 2235 531 342

322 647 463 728 Quidam
487 648 675 713 existimant
693 648 852 714 haecuon
868 647 970 714 luisse
985 648 1070 714 dicta
1085 647 1205 730 spiritu
1258 667 1387 714 merum
1428 657 1478 713 est
1509 650 1701 734 figmentum
1741 649 1897 733 quidquid
1930 651 2079 717 homines
2112 655 2234 722 animis

237 732 444 817 prophetico:
477 734 534 799 sed
567 733 741 799 Ieremiam
775 755 869 800 caeco
902 745 937 798 ct
968 735 1207 799 inconsiderato
1259 734 1444 816 concipiunt
1476 734 1517 800 de
1545 738 1617 819 ipso
1646 736 1733 810 Deo,
1767 736 1822 801 ubi
1856 738 2030 822 negligunt
2062 741 2232 822 speculum

237 818 380 904 impulsu
419 818 557 884 futiliter
594 820 767 901 loquutum
805 841 893 886 esse:
933 819 1206 903 quemadmodum
1259 818 1339 883 illud
1371 820 1404 884 in
1440 841 1502 903 qno
1535 842 1569 886 εε
1601 822 1763 904 patefecit.
1818 821 1908 904 Quin
1942 825 2051 906 potius
2090 827 2233 893 sciamus

238 907 337 971 etiam
377 905 647 988 praestantissimi
683 907 802 990 quique
835 906 1000 972 interdum
1034 906 1208 989 rapiuntur
1259 904 1416 988 quidquid
1447 919 1497 971 est
1523 907 1557 971 in
1581 907 1652 973 Deo
1674 908 1849 990 potentiae,
1881 911 2070 986 maiestatis,
2098 911 2231 994 gloriae,

237 992 339 1057 nimio
371 991 506 1074 impetu.
560 990 663 1072 Quasi
697 1013 775 1075 ergo
807 993 945 1058 tentatio
982 991 1209 1057 labefactasset
1259 992 1307 1055 ita
1335 991 1460 1076 fulgere
1490 994 1523 1056 in
1553 993 1622 1059 eius
1652 995 1760 1071 verbo,
1790 1005 1827 1058 ut
1856 993 1946 1060 Deus
1976 994 2058 1060 nihil
2087 1001 2138 1075 sit,
2168 999 2233 1064 nisi

238 1078 384 1143 animum
425 1078 620 1162 prophetae,
661 1077 850 1142 existimant
890 1089 1102 1161 conquestum
1138 1097 1208 1141 εεεε
1260 1076 1399 1142 verbnm
1420 1080 1528 1160 ipsum
1552 1089 1683 1144 maneat
1704 1080 1830 1146 salvum
1854 1089 1888 1144 et
1907 1081 2084 1164 integrum.
2117 1082 2231 1164 Quum

239 1163 324 1247 apud
348 1163 471 1230 Deum:
502 1163 590 1244 Quid
614 1162 777 1228 Domine?
808 1184 868 1247 ego
897 1175 928 1228 te
957 1177 1114 1246 sequutus
1136 1183 1207 1228 sum
1260 1163 1362 1246 igitur
1383 1165 1542 1248 propheta
1565 1167 1744 1231 instructus
1766 1175 1851 1231 esset
1872 1177 1961 1231 certo
1979 1166 2142 1244 mandato,
2166 1190 2230 1234 non

238 1250 372 1316 ducam:
406 1251 495 1334 atqui
529 1263 566 1315 tu
597 1250 678 1314 mihi
706 1249 869 1332 pollicitus
895 1251 1002 1316 lucras
1032 1270 1114 1332 quae
1144 1269 1207 1314 non
1261 1249 1381 1312 mirum
1417 1263 1467 1315 εει
1498 1249 1584 1333 quod
1618 1261 1684 1316 tam
1719 1251 1872 1317 audacter
1912 1252 2051 1318 insultat
2084 1254 2232 1321 hostibus

239 1337 408 1419 experior:
445 1356 523 1421 orgo
562 1336 677 1401 videor
713 1337 777 1400 ium
810 1337 892 1402 mihi
924 1337 1087 1420 deceptus.
1142 1334 1208 1399 Alii
1260 1335 1338 1411 suis,
1369 1346 1402 1400 et
1430 1335 1507 1403 dicit
1535 1336 1643 1402 Deum
1673 1358 1742 1402 esse
1771 1339 1991 1421 impostorem,
2021 1341 2048 1405 si
2078 1341 2146 1422 ipse
2176 1341 2232 1406 de·

238 1423 336 1488 etiam
367 1421 480 1487 durius
506 1432 690 1504 exponunt,
720 1421 807 1504 quod
837 1421 999 1504 propheta
1027 1421 1127 1486 luerit
1156 1420 1207 1484 de·
1233 1436 1236 1525 ι
1260 1431 1373 1504 ceptus
1396 1421 1466 1486 luit.
1507 1422 1583 1487 Huc
1605 1423 1702 1487 etiam
1725 1433 1850 1506 spectat
1871 1423 2005 1503 Paulus,
2030 1446 2129 1508 quum
2153 1427 2233 1491 dicit

238 1517 360 1591 ceptus,
383 1508 477 1573 sicuti
499 1508 576 1572 alibi
599 1507 719 1576 dicitnr
740 1507 873 1593 (llaech.
897 1508 947 1584 14,
970 1507 1013 1593 9),
1040 1509 1112 1592 Ego
1135 1527 1207 1572 snm
1233 1538 1236 1635 ι
1260 1507 1347 1593 (Gal.
1373 1510 1401 1584 l,
1425 1508 1468 1594 8),
1497 1507 1534 1574 Si
1563 1509 1699 1592 angelus
1722 1530 1740 1572 e
1762 1510 1851 1575 coelo
1873 1509 2057 1588 descendat,
2088 1522 2120 1576 et
2143 1511 2232 1578 aliud

239 1594 345 1670 Dens,
374 1596 430 1677 qni
461 1594 570 1676 decepi
600 1593 792 1677 prophetam
822 1593 925 1659 illum.
977 1593 1044 1660 sec
1074 1595 1208 1658 miuime
1261 1593 1353 1658 vobis
1381 1594 1586 1678 evangelium
1615 1596 1801 1679 annuntiet,
1833 1597 1875 1662 sit
1904 1597 2088 1662 anathema.
2133 1598 2233 1662 Certe

239 1679 373 1745 dubium
404 1690 454 1745 est
483 1681 561 1763 quin
589 1681 712 1745 ironica
739 1681 783 1745 sit
810 1680 972 1762 loquutio,
1001 1701 1101 1763 quum
1132 1678 1208 1743 dicit
1234 1656 1235 1701 t
1260 1679 1384 1744 Paulus
1413 1693 1482 1745 erat
1512 1679 1647 1745 inferior
1673 1681 1813 1763 angelis:
1848 1691 1881 1746 et
1902 1683 2023 1748 scimus
2044 1703 2111 1747 non
2133 1683 2234 1749 luisse

236 1786 271 1832 se
290 1766 391 1846 futese
411 1767 573 1848 dammum.
619 1765 765 1846 Suscipit
789 1766 891 1849 igitur
913 1767 1054 1832 hostium
1078 1785 1207 1830 suorum
1233 1708 1236 1831 l
1260 1767 1306 1830 ita
1328 1766 1513 1849 superbum,
1536 1778 1572 1829 ut
1594 1766 1782 1832 detraheret
1804 1765 1936 1851 angelos
1955 1789 1972 1832 ε
1991 1769 2088 1846 εεεΙο,
2111 1789 2150 1834 ac
2168 1768 2231 1834 sibi

238 1871 418 1934 personam,
448 1854 504 1935 qui
525 1852 691 1917 iactabant
712 1851 806 1916 illum
830 1863 950 1918 temere
974 1851 1145 1918 vaticinari
1169 1850 1209 1914 de
1233 1836 1236 1917 l
1261 1852 1448 1918 subiicerst:
1489 1853 1640 1917 minime:
1681 1854 1737 1918 sed
1778 1871 1845 1918 non
1884 1855 2043 1936 spectavit
2080 1855 2231 1937 quiscum

238 1937 327 2003 urbis
349 1937 442 2004 clade
464 1948 497 2002 et
518 1938 662 2016 interitu,
691 1939 845 2019 quoniam
869 1939 950 2003 nihi}
974 1938 1038 2002 talc
1060 1936 1206 2002 futurum
1260 1949 1346 2004 esset
1373 1939 1382 2002 i
1408 1959 1455 2018 se,
1489 1938 1545 2003 sed
1577 1941 1651 2022 quia
1680 1939 1851 2023 obsignata
1879 1951 1951 2004 erat
1979 1941 2013 2004 in
2044 1939 2233 2007 cordesius

238 2029 333 2089 esset.
368 2023 536 2105 Propheta
557 2024 611 2089 bic
632 2024 825 2106 pronuntiat
840 2023 948 2089 Deum
971 2045 1041 2090 esse
1062 2034 1207 2088 autorem
1233 1948 1236 2097 l
1260 1960 1421 2107 evangelii
1450 2027 1587 2098 veritas,
1622 2026 1715 2090 cuiue
1744 2037 1815 2091 erat
1843 2045 1976 2108 praeco,
2009 2045 2073 2090 nen
2105 2024 2233 2091 dubitat

237 2129 316 2175 suae
339 2109 513 2190 doctrinae,
536 2128 597 2175 nec
618 2109 679 2175 sibi
701 2128 795 2192 posse
813 2109 990 2193 quidquam
1008 2109 1208 2193 exprobrari,
1232 2100 1235 2234 l
1262 2109 1394 2176 verbum
1427 2110 1575 2176 attollere
1602 2133 1702 2194 supra
1730 2131 1844 2177 omnes
1869 2111 2012 2195 angelos.
2055 2111 2108 2176 Ita
2130 2113 2230 2177 etiam

237 2195 322 2278 quod
356 2217 421 2260 non
450 2194 573 2261 recidat
601 2195 635 2260 in
668 2195 774 2277 ipsum
803 2195 928 2261 Deum:
963 2198 1053 2280 quasi
1088 2197 1209 2261 diceret
1259 2216 1349 2260 nunc
1377 2195 1532 2262 Ieremias
1562 2198 1703 2262 ostendit
1732 2196 1836 2263 Deam
1863 2196 1966 2278 faisse
1994 2197 2170 2263 maccam
2200 2199 2232 2264 ei

237 2283 359 2348 trustra
388 2281 526 2346 Iudaeos
556 2282 694 2365 litigare,
724 2303 762 2346 ac
791 2282 818 2346 si
847 2291 1011 2347 certamen
1034 2282 1100 2346 illis
1123 2295 1208 2346 esest
1232 2250 1235 2381 l
1258 2285 1325 2365 lpse
1351 2283 1493 2364 deceptas
1519 2283 1592 2364 fait.
1637 2281 1771 2364 Qttare?
1816 2284 1908 2348 Deus
1937 2283 2025 2348 enim
2052 2281 2232 2367 abnegaret

237 2388 309 2433 cum
345 2367 476 2433 homine
513 2366 658 2432 mortali:
696 2368 849 2450 quoniam
882 2369 991 2450 palam
1025 2368 1209 2450 suscipiunt
1233 2394 1235 2409 >
1259 2391 1293 2434 εε
1326 2369 1451 2452 ipsum,
1481 2369 1509 2433 si
1538 2367 1635 2433 fidem
1666 2368 1852 2435 detraheret
1884 2368 1983 2434 verbo
2014 2389 2082 2433 suc.
2135 2369 2231 2436 Nunc

237 2452 360 2519 bellum
383 2475 458 2518 cum
476 2454 557 2531 Deo,
580 2463 612 2518 et
633 2455 754 2519 furiose
774 2454 901 2520 coelum
918 2454 1025 2538 ipsum
1047 2453 1208 2535 impetunt
1232 2436 1234 2505 l
1259 2477 1337 2538 ergo
1368 2465 1529 2532 tenemus,
1561 2455 1755 2538 prophetam
1784 2476 1849 2520 non
1879 2454 2055 2522 excessisse
2087 2455 2232 2535 modum,

238 2541 329 2622 quasi
362 2539 519 2623 gigantes.
573 2539 662 2606 Dicit
694 2541 795 2620 igitur
827 2561 862 2606 se
894 2541 993 2605 fuisse
1024 2538 1206 2623 deceptum,
1232 2528 1235 2692 l
1259 2541 1314 2606 ubi
1338 2561 1435 2606 ausus
1457 2549 1507 2606 εει
1528 2539 1561 2603 in
1581 2540 1720 2606 sublime
1737 2560 1773 2605 se
1791 2541 1916 2616 efferre,
1938 2551 1975 2605 ut
1994 2539 2232 2622 quodammodo

237 2645 303 2690 non
333 2625 418 2708 quod
448 2626 494 2690 ita
523 2625 654 2691 sentiat.
698 2624 781 2689 Nam
811 2636 881 2690 erat
902 2627 965 2691 sibi
988 2626 1109 2706 optime
1131 2646 1205 2690 eon·
1260 2639 1346 2692 esset
1379 2625 1484 2691 socius
1518 2624 1595 2703 Dei,
1636 2647 1753 2710 nempe
1791 2627 1825 2691 in
1859 2628 1929 2709 ipsa
1962 2626 2111 2691 doctriua
2140 2628 2232 2692 cuius

238 2712 342 2777 scius:
382 2731 442 2777 nec
475 2723 603 2778 tantum
635 2710 776 2777 habebat
808 2713 961 2793 spiritum
995 2712 1057 2777 Dei
1092 2723 1207 2776 testem
1232 2706 1236 2772 l
1261 2713 1351 2778 Deus
1380 2717 1452 2777 erat
1480 2726 1582 2786 autor,
1612 2713 1682 2793 ipse
1713 2734 1788 2778 vere
1809 2714 1969 2777 minister.
2016 2711 2082 2778 Sed
2105 2733 2146 2776 ex
2168 2712 2232 2777 hec

238 2797 416 2863 vocationis
445 2819 533 2875 suae,
562 2798 676 2863 sedin
697 2797 792 2862 corde
814 2798 962 2881 gestabat
985 2799 1110 2862 lirmam
1133 2798 1207 2863 dec·
1259 2801 1357 2863 ctiam
1380 2798 1449 2863 loco
1467 2799 1557 2863 utilis
1580 2797 1726 2864 doctriua
1749 2798 1930 2882 colligitur:
1953 2799 2136 2882 quicunque
2158 2818 2232 2880 pre·

238 2884 345 2948 trinae
367 2882 634 2967 obsignatiouem.
668 2883 717 2949 Ac
740 2904 825 2959 vero,
849 2883 1121 2966 quemadmodum
1144 2885 1206 2948 iam
1260 2885 1363 2950 deunt
1395 2884 1435 2948 ad
1470 2884 1661 2961 docendum,
1696 2883 1812 2950 debere
1842 2887 1887 2948 ita
1916 2903 1987 2948 εεεε
2017 2897 2123 2948 certes
2152 2903 2232 2948 suae

240 2968 320 3051 dixi,
355 2968 456 3034 refert
487 2989 597 3035 eorum
633 2969 732 3035 verba
763 2970 819 3052 qui
852 2991 950 3052 quum
985 2979 1209 3054 oppugnarent
1260 2969 1445 3046 vocationis,
1476 2980 1512 3034 ut
1540 2990 1603 3034 non
1630 2968 1781 3034 dubitent
1808 2989 1986 3053 provocare
2016 2969 2056 3032 ad
2080 2969 2142 3033 Dei
2173 2969 2232 3033 tri·

238 3055 309 3120 eiua
338 3055 520 3121 doctrinam
550 3055 714 3140 negabant
743 3076 814 3121 esse
842 3077 973 3122 servum
999 3057 1068 3134 Dei,
1101 3069 1133 3120 et
1155 3060 1207 3119 de·
1261 3055 1362 3120 huual
1392 3055 1516 3137 quoties
1543 3055 1583 3120 lis
1615 3056 1725 3139 aliqua
1746 3055 1907 3121 inciderit.
1954 3055 2078 3119 Verum
2101 3053 2231 3137 quidem

239 3139 413 3206 trahebant
440 3140 488 3205 illi
518 3141 632 3221 fidem,
666 3163 702 3207 ac
731 3143 758 3206 si
790 3153 875 3207 εεεει
904 3163 1014 3206 merus
1040 3143 1207 3222 impostor.
1260 3154 1323 3214 εει,
1357 3142 1456 3205 etiam
1489 3142 1628 3224 optimos
1651 3142 1713 3205 Dei
1743 3141 1911 3206 ministres
1938 3161 2033 3224 pesse
2066 3141 2175 3223 aliqua
2196 3140 2232 3205 ln

239 3226 414 3292 anterum
438 3228 542 3310 magis
564 3228 749 3308 emphatica
768 3237 819 3292 εει
837 3228 918 3292 haec
934 3228 1088 3310 loquutio,
1110 3246 1207 3309 quam
1261 3241 1353 3312 parte
1376 3227 1426 3292 vel
1449 3226 1527 3304 salli,
1551 3227 1602 3292 vel
1625 3247 1783 3309 suspenso
1806 3248 1877 3293 esse
1899 3227 2034 3292 iudicio:
2058 3225 2115 3292 sed
2133 3247 2234 3310 quan·

239 3312 266 3376 si
300 3313 422 3395 absque
452 3313 559 3396 figura
590 3312 744 3377 dixisset:
776 3314 918 3378 Domine
952 3334 1017 3378 non
1051 3334 1123 3378 sum
1153 3311 1207 3376 de·
1262 3327 1329 3378 tum
1354 3312 1394 3377 ad
1417 3333 1578 3378 summam
1602 3313 1780 3378 vocationis
1802 3325 1835 3378 ει
1858 3313 2033 3391 doctrinas,
2056 3313 2235 3395 requiritur

238 3409 366 3480 ceptus,
396 3399 472 3480 quia
499 3409 627 3463 tantum
657 3400 749 3481 parui
780 3413 835 3463 tuo
858 3401 1003 3482 imperio,
1031 3413 1063 3463 et
1085 3398 1208 3481 sumpsi
1261 3400 1341 3465 haec
1363 3399 1534 3483 certitudo,
1556 3419 1652 3481 quam
1675 3400 1768 3465 nobis
1786 3420 1844 3465 suo
1862 3398 2012 3481 exemplo
2031 3399 2234 3463 demonstrat

239 3483 296 3550 abs
326 3495 358 3549 te
385 3483 541 3567 quidquid
564 3483 685 3566 protuli
708 3485 741 3548 in
764 3485 918 3563 medium,
948 3507 1053 3568 neque
1076 3505 1134 3568 ego
1156 3505 1209 3550 me
1261 3487 1429 3551 Ieremias.
1475 3485 1593 3550 Postea
1622 3485 1783 3568 adiungit,
1815 3485 1864 3549 Ta
1893 3485 1956 3549 clm
1986 3483 2066 3548 milti
2085 3483 2234 3548 ictulmt'.

239 3583 360 3634 temere
389 3571 527 3653 ingessi:
557 3591 663 3652 neque
693 3569 872 3636 adulteravi
896 3571 1085 3646 doctrinam,
1115 3571 1208 3635 cuins
1262 3573 1372 3652 Quum
1403 3573 1526 3637 diceret
1553 3591 1586 3635 se
1613 3572 1714 3652 faisse
1735 3571 1899 3653 deceptam,
1930 3572 1976 3635 sic
1998 3569 2115 3634 resolvi
2139 3568 2235 3634 debet

239 3677 291 3720 me
314 3656 447 3721 voluisti
466 3677 536 3722 esse
556 3675 756 3738 praeconem.
788 3655 1209 3741 Fideliterigitursunctus
1262 3660 1379 3723 oratio:
1414 3656 1520 3732 Deus,
1554 3658 1580 3721 si
1611 3677 1670 3739 ego
1698 3677 1769 3722 sum
1799 3658 1971 3738 impostor,
2002 3667 2037 3719 tu
2065 3676 2117 3718 me
2139 3675 2234 3737 prae·

239 3763 312 3807 sum
345 3763 417 3806 mec
450 3763 596 3808 munere.
649 3741 686 3808 si
719 3763 797 3825 crgo
828 3744 874 3806 ita
906 3743 1060 3827 loquutus
1097 3743 1209 3807 luisset
1263 3743 1366 3809 cedis:
1397 3743 1424 3808 si
1455 3764 1514 3825 ego
1537 3740 1650 3818 fefelli,
1681 3751 1717 3806 tu
1739 3763 1792 3806 mc
1814 3761 1965 3823 superas:
1998 3741 2153 3824 quoniam
2177 3739 2235 3806 aba

239 3825 410 3911 propheta,
444 3829 552 3893 micus
586 3829 699 3893 luisset
728 3828 970 3907 vehementiae,
1005 3850 1101 3911 quam
1133 3828 1210 3893 dum
1263 3839 1294 3894 te
1317 3837 1486 3893 mutuatus
1509 3849 1583 3893 sum
1606 3828 1760 3910 quidquid
1782 3829 1901 3893 habeo:
1924 3829 2073 3909 sequitur
2091 3847 2179 3909 ergo,
2202 3831 2237 3890 te

238 3915 286 3976 ita
307 3915 455 3995 coarguit
472 3913 690 3998 blasphemias
707 3935 829 3990 eorum,
853 3917 907 3996 qui
923 3915 1030 3980 Deum
1050 3914 1211 3980 audebant
1264 3919 1371 3979 vocari
1394 3915 1427 3978 ic
1450 3914 1583 3992 crimen,
1618 3925 1650 3979 et
1673 3916 1782 3979 minus
1805 3934 1874 3978 esse
1895 3913 2114 3979 excusabilem
2138 3931 2236 3994 quam

239 4019 330 4064 reum
355 4000 469 4077 iacere,
492 4001 568 4064 dum
592 4000 656 4065 fido
680 4001 750 4063 eius
772 4019 867 4065 servo
888 3999 1064 4064 obiicerent
1086 4001 1210 4066 crimen
1264 4021 1323 4086 ege
1354 4020 1437 4077 sum,
1471 4001 1498 4064 si
1530 4021 1594 4083 qua
1620 4001 1725 4064 estin
1748 4019 1801 4064 me
1823 3997 1930 4081 culpa.
1974 4000 2101 4076 Postea,
2124 4016 2237 4081 quem·

239 4083 551 4166 pseudoprophetae.
595 4086 692 4151 Nunc
725 4107 802 4169 ergo
831 4095 981 4151 tenemus
1010 4106 1068 4150 cur
1090 4087 1211 4151 ironice
1263 4085 1436 4151 admodum
1472 4085 1555 4162 dixi,
1589 4095 1687 4170 auget
1719 4084 1816 4165 illud,
1846 4086 1928 4167 qaod
1956 4085 2046 4151 Deae
2077 4084 2139 4149 cim
2174 4081 2239 4163 ipsi

241 4171 395 4253 loquutus
435 4171 479 4235 sit
519 4181 553 4234 et
592 4170 850 4254 expostulaverit
889 4171 989 4236 libere
1022 4193 1095 4239 cum
1132 4172 1211 4246 Deo,
1263 4173 1376 4254 fecerit,
1407 4171 1681 4254 quemadmodum
1711 4177 1788 4236 aute
1818 4173 1967 4236 vidimus.
2012 4171 2125 4253 Neque
2149 4169 2238 4234 enim

241 4256 326 4338 quod
360 4265 447 4322 esset
475 4256 515 4320 ab
545 4257 614 4339 ipso
644 4257 810 4338 deceptus,
844 4277 962 4340 nempe
989 4267 1026 4323 ut
1055 4259 1212 4322 sentirent
1265 4260 1467 4340 appetiverat
1495 4279 1614 4322 munus
1644 4257 1879 4340 propheticum,
1910 4259 1966 4322 sed
1996 4267 2126 4323 coactus
2156 4253 2239 4319 illud

240 4342 355 4407 Iudaei
389 4363 424 4406 se
451 4363 602 4407 ovomere
634 4345 815 4409 convicium
848 4342 930 4407 illud
964 4345 1121 4410 adversus
1154 4343 1211 4408 ho·
1266 4345 1405 4421 obierat,
1439 4343 1593 4425 quoniam
1629 4363 1693 4406 nen
1728 4352 1855 4424 poterat
1884 4343 2018 4409 relicere
2047 4342 2238 4424 impositum

240 4429 362 4492 minem
397 4427 582 4506 mortalem,
615 4429 672 4493 sed
702 4429 810 4493 Deum
844 4430 964 4510 ipsum,
999 4432 1053 4512 qui
1084 4431 1213 4494 iuturus
1266 4429 1327 4496 sibi
1367 4449 1463 4506 onus,
1504 4429 1554 4494 vel
1595 4440 1756 4494 excutere.
1819 4428 1894 4494 Duo
1933 4429 2034 4513 igitur
2074 4428 2238 4510 exprimit.

242 4524 331 4579 esset
359 4513 481 4578 vindex
511 4525 622 4578 tantae
650 4515 797 4579 iniuriae.
844 4513 879 4580 Si
909 4517 981 4597 quis
1004 4536 1092 4582 nunc
1115 4517 1213 4579 inter·
1267 4514 1362 4597 Quod
1385 4536 1450 4580 non
1474 4513 1647 4596 protulerit
1669 4536 1728 4580 sua
1750 4525 1941 4592 commenta,
1973 4535 2077 4598 neque
2099 4515 2238 4579 fabrica·

243 4609 336 4683 roget
357 4621 397 4663 an
422 4599 569 4665 debuerit
590 4598 747 4681 propheta
764 4622 800 4665 εε
815 4601 863 4664 ita
877 4601 983 4665 iacere
998 4601 1062 4665 Dei
1078 4603 1213 4683 socium,
1267 4602 1351 4666 verit
1373 4621 1431 4685 pro
1453 4622 1511 4667 suo
1534 4599 1669 4664 arbitrio
1691 4600 1776 4682 quod
1799 4601 1945 4666 dicturus
1963 4611 2043 4680 erat,
2064 4600 2120 4666 sed
2138 4599 2239 4663 fuerit

243 4687 278 4750 in
309 4701 461 4768 promptu
493 4695 542 4751 est
572 4685 698 4760 solutio,
732 4705 849 4768 nempe
870 4687 970 4752 fuisse
992 4707 1121 4752 causam
1145 4689 1214 4753 eius
1266 4707 1426 4771 organum
1448 4687 1583 4770 spiritus
1601 4686 1674 4764 Dei,
1697 4693 1731 4749 et
1753 4687 1844 4768 quasi
1867 4685 1908 4753 de
1931 4707 2030 4751 manu
2048 4686 2083 4750 in
2102 4703 2237 4749 manum

243 4772 291 4835 ita
314 4773 520 4836 coniunctam
544 4793 616 4837 cum
633 4771 698 4835 Dei
716 4792 822 4850 causa,
842 4783 880 4837 ut
899 4772 1113 4855 inseparabile
1129 4787 1215 4838 essct
1267 4772 1438 4838 tradiderit
1467 4771 1551 4853 quod
1583 4781 1757 4853 acceperat,
1787 4773 1847 4838 hoc
1877 4793 1983 4837 uuum
2005 4779 2064 4838 est.
2109 4768 2239 4836 Deinde

244 4854 422 4922 vinculum.
476 4858 589 4940 Neque
622 4858 708 4921 enim
738 4857 883 4939 loquitur
911 4856 963 4923 hie
993 4858 1148 4923 Ieremias
1178 4871 1214 4922 nt
1267 4857 1431 4942 adiungit,
1472 4859 1499 4922 si
1538 4855 1614 4922 data
1653 4857 1700 4922 illi
1740 4858 1856 4922 fuisset
1896 4858 1997 4924 libera
2029 4855 2131 4941 optio,
2171 4874 2237 4920 non

244 4944 392 5025 privatus
420 4944 597 5026 quispiam,
627 4943 729 5008 multo
759 4943 867 5007 ntinus
896 4956 934 5008 ut
965 4965 1049 5009 unus
1078 4944 1214 5027 quilibet
1266 4957 1492 5026 suscepturum
1521 4943 1621 5008 luisse
1649 4964 1770 5009 munus
1792 4945 2028 5026 propheticum,
2057 4943 2133 5024 quia
2156 4962 2239 5006 ncn-

244 5049 263 5093 e
291 5027 407 5112 vulgo:
440 5028 496 5094 sed
529 5030 606 5112 quia
638 5030 697 5095 scit
731 5027 889 5093 divinitus
918 5031 1090 5112 approbari
1121 5051 1212 5094 suam
1267 5030 1330 5095 nisi
1360 5028 1521 5095 violenter
1551 5038 1674 5094 tractus
1703 5029 1765 5094 hac
1793 5033 1827 5094 iu
1857 5039 1949 5113 parte
1977 5029 2134 5094 obedierit
2156 5028 2239 5093 Deo.

245 5115 458 5192 vocationem,
481 5115 554 5180 idco
576 5135 642 5180 non
666 5114 793 5179 dubitat
814 5113 876 5179 sibi
894 5113 1002 5180 Deum
1026 5115 1213 5199 adiungere,
1267 5117 1365 5182 Nunc
1392 5134 1470 5200 ergo
1499 5125 1647 5180 tenemus
1678 5115 1836 5181 Ieremias
1864 5115 2044 5183 consilium.
2096 5112 2135 5180 Si
2164 5115 2239 5197 quis

244 5209 284 5264 nt
305 5220 476 5266 commune
499 5203 541 5265 sit
558 5202 778 5284 opprobrium.
812 5201 902 5266 Deus
920 5201 1007 5266 enim
1027 5223 1093 5266 non
1109 5209 1215 5284 potest
1267 5203 1458 5284 interroget,
1487 5220 1529 5265 an
1559 5202 1619 5267 hoc
1648 5200 1735 5266 laudi
1762 5204 1804 5268 sit
1834 5200 2034 5279 ducendum,
2063 5199 2149 5285 quod
2171 5220 2239 5265 non

245 5284 357 5352 divelli
387 5306 407 5349 a
436 5286 573 5350 veritate
606 5307 680 5364 sua,
715 5308 775 5353 nec
804 5307 881 5350 vero
914 5287 1089 5370 quidquam
1117 5288 1147 5351 ei
1176 5287 1215 5351 lit
1268 5289 1329 5353 nisi
1370 5297 1499 5353 coactus
1535 5287 1651 5352 obierit
1684 5307 1803 5352 munus
1836 5286 2030 5370 prophetae:
2070 5287 2239 5370 responsio

245 5373 405 5456 reliquum
446 5373 473 5436 si
507 5372 708 5439 abstrahitur
740 5394 760 5439 a
792 5391 851 5438 suo
884 5391 1042 5440 sermone.
1104 5374 1215 5455 Quare
1268 5373 1371 5440 facilis
1394 5383 1451 5451 est,
1476 5373 1528 5439 hie
1549 5393 1616 5439 non
1639 5375 1737 5439 statui
1756 5372 1942 5457 generalem
1962 5374 2121 5457 regulam,
2145 5373 2240 5456 quasi

1986 5476 2036 5530 221
