5134 6124
374 403 435 468 247
1186 401 1573 471 PRAELEOTIONES
2310 405 2366 472 248

375 591 467 677 digni
497 604 592 661 erant
621 592 710 660 illius
739 593 860 661 saeculi
894 592 1052 670 homines,
1089 613 1170 676 quos
1205 591 1351 657 traheret
1404 594 1495 659 licat:
1519 591 1602 676 quod
1626 592 1749 658 seilicet
1771 592 1987 678 praetulerint
2009 593 2117 660 ludaei
2141 595 2294 680 figmento
2315 617 2368 660 sua

374 678 466 748 Deus
489 683 523 746 io
543 680 682 747 eundem
704 681 885 746 interitum.
917 679 970 744 Ad
990 680 1070 744 haec
1089 688 1166 744 oeta
1184 687 1234 744 est
1253 679 1349 743 etiam
1404 700 1483 744 vero
1507 678 1587 760 Deo,
1620 679 1675 763 qui
1700 685 1749 744 tot
1776 680 1879 763 signis
1909 692 1941 744 et
1969 679 2163 745 testimoniis
2191 681 2367 747 manifesta·

374 766 432 832 illa
451 769 622 842 sententia,
646 765 741 847 Quod
761 767 885 833 reliciat
897 764 989 830 Deus
1011 765 1203 848 iniquitates
1221 777 1349 847 patrum
1404 775 1496 830 verat
1513 786 1605 831 suam
1626 765 1774 848 gloriam,
1799 775 1832 829 et
1849 766 2027 848 potentiam
2046 787 2138 831 suam
2157 766 2368 832 illustraverat

375 855 409 922 in
433 854 517 920 filios
539 875 643 936 neque
665 852 698 917 id
721 852 800 918 lacit
822 852 1001 917 immerito:
1037 853 1115 935 quia
1136 857 1243 934 potest
1265 852 1351 916 iuste
1404 852 1489 936 apud
1513 873 1578 917 eos.
1625 850 1734 932 Quum
1759 871 1837 937 ergo
1863 851 1930 916 illis
1959 851 2038 915 satis
2067 872 2228 936 superque
2258 863 2369 919 testato

375 941 486 1007 ulcissi
521 939 642 1005 seelera
672 939 706 1004 in
737 944 842 1005 totum
877 939 1057 1004 humanum
1091 957 1204 1020 genus,
1239 957 1351 1019 quem·
1403 947 1489 1004 esset
1512 937 1573 1003 Dei
1598 938 1711 1015 virtus,
1743 938 1878 1002 minimo
1908 936 2083 1002 tolerabilis
2107 938 2167 1004 luit
2189 938 2246 1003 illa
2268 939 2368 1024 ingro-

376 1027 549 1106 admodum
574 1025 652 1092 dicit
674 1024 839 1104 Christus,
870 1023 979 1106 Super
1001 1044 1060 1089 vos
1083 1023 1194 1089 veniet
1216 1023 1352 1105 sanguis
1405 1023 1519 1102 titudo,
1554 1022 1639 1106 quod
1672 1024 1745 1090 deos
1775 1024 1894 1091 cronos
1925 1025 2049 1106 sequuti
2078 1024 2158 1104 siat,
2192 1025 2231 1090 de
2260 1026 2369 1107 quibus

375 1112 521 1178 omnium
544 1113 672 1195 piorum
696 1111 736 1176 ab
755 1111 838 1176 Abel
863 1111 947 1176 iusto
971 1131 1072 1192 usque
1095 1107 1135 1174 ad
1159 1109 1351 1175 Zachariam
1405 1119 1533 1175 tantum
1557 1108 1738 1174 audierant.
1784 1108 1954 1175 lactabant
1983 1109 2071 1174 enim
2099 1109 2236 1175 futiliter
2266 1121 2370 1194 gentos

375 1198 479 1264 filium
503 1197 693 1263 Baraohiae.
733 1196 788 1264 Sic
809 1196 912 1280 igitur
934 1216 1031 1280 saepe
1054 1194 1228 1260 denuntiat
1250 1195 1352 1277 scrip·
1404 1216 1462 1260 sua
1480 1195 1575 1271 idola,
1594 1206 1627 1260 ει
1644 1196 1843 1281 spargebant
1862 1195 1982 1260 multas
2001 1195 2137 1274 fabulas,
2155 1204 2193 1260 ut
2211 1196 2371 1262 allicerent

376 1295 450 1350 tura
474 1283 558 1349 lilios
584 1305 704 1366 poenas
733 1283 867 1348 daturos
897 1303 1058 1348 unacum
1090 1281 1247 1365 patribus,
1277 1281 1353 1363 quia
1378 1295 1381 1350 l
1405 1284 1552 1358 miseros,
1571 1281 1722 1346 homines
1751 1281 1790 1346 ad
1814 1281 1933 1346 falsum
1956 1290 1990 1346 et
2012 1301 2204 1364 perversum
2238 1283 2370 1348 cultum:

375 1369 468 1436 Deus
504 1378 670 1436 momento
707 1390 773 1436 uno
814 1373 961 1452 reposcet
1001 1369 1162 1433 rationem
1204 1367 1350 1431 omnium
1405 1367 1461 1432 sed
1495 1366 1608 1433 Iudaei
1645 1368 1791 1434 sciebant
1830 1367 1979 1451 quisnam
2018 1375 2104 1434 esset
2139 1389 2241 1434 verus
2278 1369 2370 1434 Deus.

376 1456 545 1536 scelerum,
580 1465 613 1522 et
641 1457 687 1520 ita
717 1455 866 1539 pensabit
899 1454 1164 1520 diuturnitatem:
1199 1454 1351 1536 quoniam
1406 1453 1500 1534 Quod
1524 1453 1714 1519 maluerunt
1736 1455 1866 1520 credere
1888 1456 2034 1537 gentium
2053 1454 2171 1520 fabulis
2189 1475 2286 1537 quam
2304 1456 2372 1540 legi,

376 1543 472 1608 sicuti
503 1552 672 1626 exspectat
698 1541 859 1617 homines,
889 1549 921 1606 et
944 1540 1133 1605 humaniter
1156 1560 1211 1605 eos
1233 1539 1353 1605 invitat
1405 1547 1438 1604 et
1457 1539 1608 1624 propriae
1626 1540 1859 1623 experientiae,
1879 1560 1987 1604 nonne
2005 1539 2085 1607 baec
2104 1549 2153 1604 ost
2169 1540 2268 1605 nimis
2284 1542 2372 1606 looda

376 1649 435 1694 sua
458 1628 632 1693 tolerantia
654 1627 694 1693 ad
718 1627 991 1710 resipiscentiam,
1021 1627 1065 1691 ita
1089 1626 1144 1691 ubi
1167 1624 1255 1692 videt
1278 1625 1350 1690 nul·
1405 1625 1576 1708 impietas?
1610 1625 1704 1691 Haeo
1732 1625 1834 1710 igitur
1862 1625 1943 1691 ratio
1972 1636 2021 1690 est
2051 1647 2110 1691 cur
2139 1626 2192 1692 hio
2222 1637 2372 1709 queratur

375 1714 441 1780 lam
465 1735 556 1799 spem
579 1735 659 1797 esse,
683 1723 762 1780 tunc
785 1712 970 1779 acerimulat
991 1714 1101 1778 omnia
1123 1711 1263 1796 flagella.
1308 1711 1353 1776 Et
1406 1713 1497 1778 Deus
1518 1712 1591 1778 deos
1613 1711 1729 1778 almos
1751 1711 1790 1776 ab
1812 1711 1893 1794 ipsis
1914 1711 2010 1778 calma
2029 1711 2138 1793 fuisse.
2184 1711 2257 1778 Iam
2279 1712 2373 1792 addit,

374 1801 448 1866 ideo
468 1822 533 1866 non
556 1802 676 1866 mirum
696 1809 745 1865 est
764 1801 790 1864 si
810 1801 943 1884 gravius
966 1797 1152 1883 plectantur
1174 1799 1244 1878 filii,
1268 1802 1353 1878 post—
1406 1796 1588 1864 Seroierunt
1605 1799 1695 1881 ipsis,
1716 1799 1882 1864 coluerant.
1912 1797 2006 1862 Idem
2024 1798 2162 1864 verbum
2180 1819 2277 1880 saepe
2293 1797 2371 1881 apud

375 1907 472 1970 qoam
497 1899 645 1971 grassata
668 1898 717 1951 est
740 1886 853 1951 multis
876 1885 1015 1951 saeculis
1041 1885 1207 1968 iniquitas.
1252 1882 1351 1947 Vide·
1404 1884 1573 1950 Hebraeos
1604 1885 1760 1967 accipitur
1782 1903 1841 1968 pro
1864 1884 1963 1964 oultu,
1997 1885 2270 1967 quemadmodum
2301 1885 2371 1949 alibi

374 1994 449 2038 mus
472 1995 549 2058 ergo
573 1972 653 2038 haec
676 1994 741 2037 non
772 1973 857 2037 male
884 1973 971 2036 inter
993 1992 1027 2036 se
1050 1970 1234 2046 convenire,
1267 1969 1351 2052 quod
1405 1971 1526 2044 dictum
1557 1970 1635 2049 luit,
1669 1973 1770 2036 etita
1798 1969 1961 2034 refutatur
1993 1970 2134 2034 stultitia
2157 1970 2371 2053 Papistarum‚

376 2058 467 2124 Deus
490 2059 523 2123 in
547 2059 734 2124 societatem
765 2079 889 2144 poenae
919 2058 1004 2123 filios
1031 2079 1106 2124 oum
1132 2056 1279 2139 patribus
1301 2055 1352 2119 in·
1404 2057 1460 2139 qui
1481 2068 1605 2141 negant
1624 2078 1660 2122 se
1678 2078 1748 2122 esse
1766 2056 1965 2139 idololatras,
1988 2058 2062 2139 quia
2086 2067 2211 2120 tantum
2237 2057 2373 2140 picturas

375 2143 500 2224 volvat,
530 2165 699 2228 nonquam
723 2155 832 2211 tamen
856 2145 972 2228 puniat
1000 2143 1169 2208 innoxios:
1199 2143 1352 2207 videmus
1405 2155 1438 2207 et
1469 2153 1594 2209 statuas
1628 2141 1767 2208 adorant
1798 2142 1905 2222 dolio,
1945 2140 2218 2225 quemadmodum
2258 2141 2372 2218 dicunt,

377 2229 535 2313 siquidem
559 2231 640 2296 illud
659 2232 804 2315 implori:
828 2230 949 2296 Anima
968 2251 1051 2313 quae
1071 2229 1262 2312 pensaverit,
1282 2230 1353 2312 ipsa
1405 2229 1573 2307 servitute,
1602 2229 1630 2294 si
1652 2231 1698 2293 ita
1720 2229 1807 2312 loqui
1830 2229 1950 2304 liceret,
1979 2241 2012 2292 et
2035 2250 2098 2293 non
2121 2228 2230 2294 latria.
2276 2227 2373 2309 Quasi

376 2318 552 2382 morietur:
587 2338 652 2382 non
677 2319 855 2400 portabunt
885 2317 943 2381 filii
972 2317 1180 2400 iniquitatem
1210 2325 1351 2398 patrum,
1405 2337 1469 2379 non
1488 2315 1607 2399 ubique
1629 2315 1792 2398 scriptura
1814 2335 1916 2397 quum
1935 2314 2151 2380 idololatriam
2174 2313 2373 2392 condemnat,

376 2423 480 2486 oeque
503 2412 598 2487 pater
619 2404 829 2486 iniquitatem
853 2403 929 2468 filii:
960 2403 1036 2485 quia
1061 2400 1153 2467 Deus
1181 2420 1352 2483 nunquam
1406 2422 1471 2465 non
1490 2413 1600 2467 utatur
1620 2402 1680 2468 hoc
1696 2402 1809 2466 verbo:
1833 2400 1929 2466 sicuti
1949 2421 2036 2466 nunc
2051 2397 2182 2464 Iudaeis
2202 2400 2374 2484 exprobrat

399 2489 553 2555 ermiscet
583 2489 667 2554 filios
694 2489 850 2572 patribus,
884 2489 945 2554 nisi
975 2489 1042 2554 sint
1071 2488 1148 2554 socii
1182 2487 1352 2553 scelerum.
1405 2487 1516 2552 Deus:
1553 2487 1639 2570 qood
1671 2487 1837 2553 adelerici
1868 2487 1934 2552 diis
1967 2486 2099 2569 olimis,
2137 2484 2221 2568 quod
2259 2487 2375 2552 scilicet

376 2511 444 2640 ded
468 2576 595 2641 interea
618 2574 699 2640 nibil
730 2575 836 2641 obstat
858 2574 1034 2659 quominus
1056 2574 1182 2639 rciioiat
1204 2573 1296 2637 Deus
1319 2572 1351 2636 in
1405 2573 1501 2638 fidem
1537 2573 1748 2639 adhibuerint
1780 2572 1871 2638 ialsis
1905 2579 1938 2636 et
1972 2573 2154 2656 nugatoriis
2187 2572 2374 2638 commentis

377 2663 487 2726 sinum
517 2661 656 2726 filiorum
690 2661 812 2728 scelera
842 2660 984 2726 admissa
1006 2679 1026 2723 a
1048 2657 1205 2744 patribus,
1236 2677 1353 2739 nempe
1406 2660 1573 2742 gentium:
1608 2659 1725 2724 deinde
1751 2658 1900 2742 adiungit
1922 2671 2097 2723 externum
2128 2669 2267 2742 gestum,
2297 2657 2374 2741 quod

377 2745 434 2811 ubi
456 2767 585 2830 semper
608 2749 641 2812 io
665 2749 758 2831 peius
781 2754 895 2825 ruunt,
928 2753 960 2811 et
982 2746 1040 2810 filii
1063 2754 1219 2828 superant
1244 2754 1353 2829 patres
1407 2745 1528 2810 scilicet
1556 2747 1794 2828 prostraverint
1823 2766 1857 2810 se
1883 2764 1990 2809 coram
2014 2743 2118 2809 idolis.
2163 2743 2236 2808 Iam
2261 2747 2294 2809 in
2317 2745 2375 2808 fine

377 2852 453 2898 snos
483 2834 571 2898 omni
606 2853 726 2917 genere
759 2833 930 2909 scelernm,
966 2838 1003 2897 ot
1025 2840 1136 2915 postea
1159 2831 1352 2895 videbimus.
1406 2851 1521 2896 versus
1551 2831 1694 2896 declarat
1722 2830 1882 2913 quomodo
1914 2831 2008 2894 faerit
2039 2829 2230 2910 derelictus,
2267 2850 2375 2912 nempe

376 2917 550 2984 Caeterum
586 2919 776 2985 discendum
806 2931 856 2986 est
879 2941 920 2984 ex
943 2918 1005 2984 hoc
1036 2918 1114 2997 loco,
1148 2917 1230 2982 falso
1261 2936 1351 2999 prae·
1406 2917 1482 3001 quia
1512 2917 1605 3001 ῑερεηι
1626 2936 1686 2982 aon
1708 2917 1909 2982 secaverint.
1954 2915 2135 2982 Confirmat
2163 2915 2268 2998 igitur
2296 2915 2374 2999 quod

377 3015 469 3070 textu
506 3026 560 3070 eos
594 3006 701 3085 abuti,
735 3007 791 3089 qui
826 3014 958 3089 patrum
993 3003 1144 3088 exempla
1176 3001 1350 3069 obiiciunt:
1405 3003 1469 3067 iam
1489 3002 1566 3082 dixi,
1587 3003 1686 3068 fuisse
1703 3023 1741 3068 eo
1760 3001 1953 3068 deteriorem
1974 3001 2169 3085 apostasiam
2186 3003 2220 3066 in
2239 2999 2373 3068 ludaeis:

378 3089 652 3170 quemadmodum
675 3091 773 3156 hodie
795 3091 866 3157 fieri
885 3091 1036 3155 videmus
1054 3091 1088 3154 in
1109 3099 1239 3173 papatu.
1268 3087 1351 3154 Nam
1406 3089 1482 3172 quia
1504 3090 1644 3155 seientes
1662 3096 1695 3153 et
1710 3088 1857 3172 voleptes
1875 3086 2117 3171 dereliquerant
2136 3089 2259 3152 lentem
2280 3107 2375 3170 aquae

377 3173 432 3238 bic
462 3185 511 3239 est
539 3176 674 3260 clypeus
704 3197 799 3258 quem
831 3177 985 3241 audacter
1014 3186 1185 3259 opponunt
1207 3175 1287 3252 Deo,
1318 3196 1353 3239 se
1405 3176 1511 3253 vivae,
1541 3175 1637 3241 sicuti
1666 3174 1809 3240 vidimus
1839 3175 1945 3258 capite
1973 3173 2125 3239 secundo.
2172 3177 2220 3239 Ac
2244 3172 2375 3257 proinde

377 3259 501 3324 imitari
525 3270 658 3343 patrum
679 3262 839 3343 exempla.
870 3261 961 3325 Deus
980 3271 1087 3325 autem
1106 3260 1228 3343 duplici
1251 3281 1353 3343 poena
1407 3283 1472 3325 non
1496 3260 1749 3344 reprehenditur
1771 3260 1910 3345 simplex
1933 3261 2126 3345 ignorantia,
2154 3261 2249 3342 quasi
2271 3280 2376 3343 pecca·

378 3345 571 3426 pronuntiat
593 3366 664 3412 esse
687 3346 812 3430 dignos,
836 3349 889 3430 qui
914 3367 980 3411 non
1004 3346 1220 3430 resipuerunt,
1252 3366 1352 3428 quum
1406 3360 1479 3411 rent
1500 3368 1611 3412 errore
1637 3356 1671 3412 et
1698 3348 1841 3423 inscitia,
1876 3347 1932 3413 sed
1961 3346 2055 3429 quasi
2087 3367 2128 3410 ex
2151 3347 2297 3429 professo
2319 3344 2376 3410 Dei

378 3441 490 3495 tamon
513 3429 674 3496 vidissent
702 3443 812 3515 patres
842 3453 917 3498 suos
940 3433 1056 3515 impios
1080 3443 1112 3497 et
1133 3431 1216 3516 legis
1246 3445 1352 3496 trans·
1405 3433 1527 3500 cultum
1556 3432 1741 3498 obliterant.
1786 3433 1925 3516 Reliqua
1955 3432 2108 3497 diffedam
2131 3431 2165 3495 in
2189 3432 2375 3498 crastinum.

378 3536 554 3599 gressuros.
579 3517 674 3584 Nono
693 3518 836 3584 notanda
854 3527 932 3584 sunt
950 3519 1090 3583 crimina
1107 3539 1189 3601 quae
1208 3527 1354 3582 recenset

379 3602 479 3668 Deus.
524 3602 616 3668 Dicit
641 3623 675 3669 se
696 3605 797 3686 fuisse
823 3605 1010 3688 dedictum,
1039 3605 1203 3688 quianon
1227 3611 1354 3686 poterat
1490 3603 1572 3669 Heri
1595 3617 1726 3671 coactus
1756 3604 1802 3669 fni
1828 3603 2022 3689 abrumpere
2051 3611 2245 3671 contextum
2270 3602 2377 3670 verbo·

379 3689 555 3754 obtendere
578 3710 722 3755 errorem
747 3691 885 3773 populus
907 3691 972 3766 ille,
995 3689 1270 3774 quemadmodum
1293 3689 1353 3752 mi·
1405 3711 1479 3755 rum
1509 3690 1696 3773 prophetae.
1752 3691 1889 3756 Dixerat
1919 3691 2003 3772 lilios
2029 3691 2130 3773 fuisse
2153 3689 2305 3772 patribus
2332 3689 2378 3754 de·

379 3794 471 3839 seras
494 3788 618 3857 gentes,
640 3775 756 3859 quibos
779 3796 946 3859 nunqnam
970 3779 1152 3861 contigerat
1175 3776 1260 3841 ullus
1283 3795 1354 3858 pro·
1404 3777 1549 3842 micres:
1578 3779 1791 3842 strationem
1816 3774 1915 3855 addit,
1944 3778 2026 3858 quod
2047 3777 2171 3858 sequuti
2192 3778 2258 3842 sint
2273 3775 2378 3858 provi

378 3859 486 3942 pheta,
510 3860 628 3941 quibos
646 3862 737 3927 nullo
755 3861 808 3927 lex
828 3882 971 3943 unquam
990 3862 1066 3927 data
1084 3863 1201 3928 luerat.
1227 3861 1352 3928 Gentes
1404 3867 1496 3928 tatem
1525 3863 1710 3946 cordiscoi
1738 3862 1826 3944 moli,
1855 3881 1951 3943 aeque
1979 3863 2165 3928 credetne
2193 3863 2238 3929 od
2267 3861 2377 3926 Deum.

379 3965 457 4028 ergo
488 3945 654 4028 aliquanto
684 3948 758 4031 plus
787 3947 1009 4014 excusationis
1043 3949 1220 4026 habebant,
1254 3966 1351 4030 quam
1405 3948 1508 4013 Visos
1535 3955 1586 4014 est
1611 3959 1707 4013 antea
1737 3946 1823 4014 idom
1848 3947 1887 4012 de
1910 3948 2059 4030 patribus
2088 3948 2220 4014 dixisse.
2267 3948 2379 4014 Posset

378 4028 504 4096 Iudaei.
534 4029 659 4096 Verum
682 4032 810 4116 quidem
834 4041 892 4112 est,
916 4052 1030 4098 omnes
1052 4035 1151 4099 luisse
1173 4042 1352 4116 apostatas:
1404 4035 1506 4119 igitur
1536 4034 1649 4118 quaeri
1676 4053 1736 4099 cnr
1765 4033 1851 4098 dioat
1883 4034 1967 4099 filios
2001 4035 2091 4117 peius
2126 4035 2248 4118 egisse,
2284 4052 2378 4116 quam

379 4117 533 4198 quoniam
556 4116 647 4182 Deus
680 4139 785 4201 genua
813 4120 994 4184 humanum
1023 4119 1085 4184 sibi
1107 4119 1286 4202 addixerat,
1320 4127 1354 4182 et
1427 4127 1523 4197 atres,
1552 4126 1586 4184 et
1608 4120 1798 4203 pronuntiet
1827 4119 1981 4204 graviora
2005 4141 2076 4186 esse
2098 4141 2211 4187 eorum
2234 4115 2376 4187 scelera?

380 4201 563 4284 quicunque
586 4205 715 4285 sequuti
738 4215 816 4270 sunt
839 4224 914 4270 suos
936 4205 1193 4287 superstitiones,
1220 4205 1266 4269 illi
1290 4203 1352 4270 cri·
1405 4141 1472 4270 ded
1495 4206 1559 4270 iam
1586 4215 1661 4272 ante
1685 4205 1828 4270 vidimus
1848 4206 2078 4288 ingravescere
2108 4214 2242 4290 peccata
2271 4224 2377 4272 ooram

379 4308 455 4352 men
479 4286 667 4354 delectionis
691 4290 806 4354 merito
829 4290 1007 4356 sustinent:
1031 4301 1272 4357 verumtamen
1292 4288 1354 4354 fnit
1405 4291 1486 4366 Deo,
1509 4310 1610 4373 quum
1634 4292 1692 4356 filii
1715 4312 1786 4357 sese
1808 4293 2004 4357 confirmant
2026 4291 2067 4356 ad
2090 4291 2261 4373 malitiam,
2284 4290 2378 4373 idque

379 4375 484 4438 maior
506 4376 657 4440 atrocitas
680 4375 811 4442 sceleris
834 4376 867 4440 in
891 4375 1011 4459 populo
1033 4375 1169 4453 iudaice,
1199 4375 1352 4459 quoniam
1406 4376 1556 4459 exemplo
1589 4385 1718 4459 patrum
1752 4398 1897 4443 suorum.
1952 4377 2083 4442 Deinde
2115 4379 2298 4443 notandum
2332 4380 2379 4440 est

380 4460 471 4526 Dens
498 4475 709 4543 proposuerat
738 4461 803 4526 illis
832 4461 936 4545 legem
964 4481 1074 4526 suam:
1109 4463 1239 4527 fuerant
1261 4460 1353 4543 quasi
1406 4484 1470 4528 non
1494 4462 1589 4527 modo
1611 4464 1810 4548 propositam
1845 4463 1946 4530 fuisse
1974 4464 2040 4529 illis
2069 4464 2185 4548 legem,
2219 4463 2277 4528 sed
2307 4483 2377 4546 pro·

380 4548 414 4612 in
433 4546 504 4612 eius
522 4545 632 4612 sohola
655 4546 800 4614 educati:
824 4546 970 4614 sciebant
993 4569 1150 4631 quaenam
1174 4557 1259 4612 osset
1275 4567 1353 4612 vera
1405 4549 1521 4632 phetas
1543 4549 1681 4615 subinde
1704 4551 1803 4616 luisse
1827 4551 1952 4629 missos,
1980 4551 2036 4633 qui
2059 4551 2304 4634 obiurgationes
2326 4545 2378 4612 ad·

379 4634 500 4717 pietas:
528 4641 678 4715 poterant
700 4654 816 4699 verum
839 4632 947 4697 Deum
972 4655 990 4697 a
1013 4633 1136 4700 fictitiis
1159 4631 1352 4698 discernere.
1406 4635 1535 4700 dorent:
1570 4645 1603 4700 et
1630 4635 1692 4699 hoc
1721 4636 1819 4700 etiam
1850 4635 1980 4701 videtur
2012 4637 2198 4720 exprimere
2224 4635 2378 4701 Ieremias

379 4719 476 4784 Nunc
498 4738 577 4804 ergo
605 4727 755 4784 tenemus
785 4719 860 4803 quid
892 4715 953 4783 sibi
977 4719 1056 4784 velit
1080 4717 1214 4785 verbnm
1245 4718 1354 4784 dereti-
1405 4722 1439 4785 in
1463 4722 1527 4786 fine
1550 4741 1678 4804 versus,
1707 4742 1806 4804 quum
1836 4721 1916 4788 dioit
1945 4742 1996 4787 eos
2018 4743 2080 4789 aon
2102 4722 2245 4806 audace,
2279 4740 2377 4804 quum

379 4810 512 4888 querant
532 4825 596 4870 me:
630 4814 664 4869 et
686 4805 736 4871 bis
757 4805 924 4888 repetitor,
953 4805 1104 4885 quoniam
1128 4825 1261 4871 neeesse
1283 4809 1354 4869 erat
1406 4817 1515 4872 tamen
1553 4806 1697 4889 qnotidie
1734 4815 1968 4874 revocarentur
2000 4829 2020 4872 a
2053 4808 2233 4893 prophetis.
2291 4809 2378 4889 Ergo

380 4891 521 4957 Iudaeos
550 4891 596 4958 sic
626 4891 769 4976 ooargui,
803 4895 898 4956 utos
928 4887 993 4954 illis
1023 4897 1109 4956 esset
1141 4893 1353 4968 obstructum,
1406 4891 1581 4958 obstinatio
1610 4892 1645 4956 in
1674 4912 1772 4958 causa
1806 4895 1869 4959 luit
1902 4913 1960 4959 our
1986 4893 2079 4960 Deus
2112 4895 2260 4960 severius
2295 4894 2379 4976 ipsos

381 4976 657 5060 quemadmodum
681 4976 834 5056 vidimus,
868 4995 930 5058 qua
961 4985 1054 5040 orant
1081 4976 1274 5060 pervicacia,
1308 4975 1355 5040 sio
1406 4978 1555 5060 puniret:
1595 4979 1749 5059 quoniam
1787 4980 1906 5044 imitati
1944 4980 2075 5044 lucrant
2112 4980 2216 5045 malos
2253 4987 2377 5064 patres:

379 5061 480 5129 luisse
503 5065 728 5150 exagitandos,
752 5061 828 5146 quia
845 5079 1012 5142 nunqnam
1035 5060 1154 5144 alioqui
1173 5061 1354 5139 cessissent,
1406 5062 1523 5129 deinde
1547 5071 1763 5129 contentum
1787 5075 1988 5149 spreverant,
2013 5065 2193 5133 sedetiam
2217 5065 2379 5132 obstinata

381 5168 485 5232 neque
508 5149 637 5233 culpam
669 5148 890 5236 agnovissent,
920 5145 981 5212 nisi
1004 5147 1116 5213 coacti.
1162 5145 1252 5213 Dicit
1279 5166 1353 5228 pro·
1407 5149 1533 5214 malitia
1560 5150 1739 5215 reiecerunt
1761 5171 1874 5217 omnes
1897 5152 2136 5218 admonitiones
2164 5151 2377 5236 propheticas.

380 5237 473 5321 foetos
501 5255 566 5302 esee
590 5243 662 5320 post
691 5237 763 5304 deos
791 5235 919 5316 alienos,
952 5233 1098 5298 εενυὲίεεε
1124 5231 1199 5316 illis,
1230 5237 1257 5298 et
1284 5232 1355 5298 illos
1407 5233 1564 5318 Sequitur
1593 5234 1710 5301 deinde
1744 5239 1963 5318 comminatio,
1997 5237 2138 5304 Eiioiom
2169 5258 2231 5320 vos,
2263 5237 2378 5320 inquit,

378 5323 519 5389 coluisse.
558 5321 628 5388 Iam
652 5321 850 5407 comparatio
873 5318 938 5384 ista
959 5317 1080 5384 crimen
1102 5338 1217 5384 rursus
1240 5318 1354 5401 ampli·
1407 5321 1458 5385 vel
1482 5321 1627 5387 auferam
1651 5327 1774 5388 oterro
1795 5322 1853 5388 boc
1870 5325 1904 5389 iu
1922 5330 2038 5390 terram
2058 5345 2153 5407 quom
2171 5345 2233 5390 noo
2250 5323 2379 5390 novus
