5134 6124
226 417 295 483 193·
929 413 978 479 IN
1001 412 1251 480 quulllnu.
1297 411 1396 478 cAP.
1420 411 1518 477 XIV.
2163 419 2225 486 194

224 606 267 692 (2,
290 605 333 692 4).
380 602 446 671 Sed
476 623 577 688 quum
607 602 861 686 degenerassent
891 602 947 678 illi,
980 601 1085 667 voluit
1106 603 1198 668 Deua
1222 607 1226 685 l
1251 621 1432 666 sermonem
1456 602 1497 667 ad
1521 599 1676 686 populum
1699 599 1821 687 ipsam,
1853 606 1970 672 Posset
1989 613 2098 671 tamen
2119 604 2225 675 videri

224 714 289 757 non
312 689 586 774 sine-ignominia
608 691 752 754 exaitare
771 687 851 754 alios
869 687 1047 772 prophotas
1066 697 1133 752 tam
1157 709 1197 752 ex
1223 706 1224 771 l
1251 708 1366 776 parum
1402 687 1591 754 humaniter
1625 711 1722 777 agere
1755 691 1863 773 Deos,
1902 691 1985 775 quod
2021 705 2088 757 tam
2125 693 2224 760 duras

223 776 386 862 oppidulis
416 775 562 841 obeouris
585 791 681 856 quam
705 775 846 859 evulgo
869 775 949 856 ipso.
994 773 1075 838 Fuit
1097 774 1199 858 igitar
1222 776 1224 893 4
1250 793 1371 856 poenas
1394 773 1516 857 infligit
1544 777 1671 842 miserie
1699 777 1893 852 hominibus,
1922 779 1977 860 qui
2005 779 2139 844 aliunde
2168 780 2223 846 de·

223 864 390 930 interdum
413 862 539 927 voeatio
560 861 698 926 interior
713 861 890 926 duntaxat:
913 860 970 924 sed
990 859 1044 924 ubi
1063 859 1199 926 aeolesia
1222 896 1224 906 ν
1250 859 1335 942 eapti
1358 869 1444 924 sunt.
1489 859 1557 926 sed
1586 863 1707 928 solutio·
1734 871 1785 928 eet
1812 863 1923 929 faoilis.
1970 864 2105 930 Certum
2135 868 2224 930 enim

224 951 285 1017 rite
305 959 356 1015 est
377 949 564 1031 oomposita,
586 947 764 1031 requiritur
785 947 884 1011 etium
903 954 1041 1012 externa
1062 956 1096 1012 et
1118 945 1198 1030 legi·
1222 954 1225 1047 g
1250 954 1309 1025 est,
1345 945 1407 1010 nisi
1441 944 1528 1010 ultro
1562 948 1706 1013 mundus
1739 957 1906 1031 appeteret
1940 950 2117 1029 mendaoia,
2158 971 2223 1017 non

225 1038 305 1102 tima
332 1035 470 1101 voeatis.
522 1032 689 1114 Quidquid
724 1034 775 1113 sit,
809 1043 932 1098 eertum
967 1038 1017 1098 est
1050 1031 1132 1097 laisa
1166 1041 1198 1094 et
1222 1050 1225 1161 p
1251 1039 1376 1096 tantam
1397 1031 1466 1097 iore
1488 1033 1665 1099 olfiaaoiam
1689 1033 1806 1099 diaboli
1832 1035 1871 1100 ad
1895 1035 2082 1102 fallendum.
2127 1036 2224 1119 Quod

224 1121 367 1206 improbe
389 1140 444 1186 eos
467 1118 643 1185 obtendere
666 1117 729 1184 Dei
757 1137 887 1193 nomen,
918 1120 972 1202 qui
1002 1136 1068 1182 nan
1091 1118 1198 1184 vadati
1222 1172 1224 1203 ,
1250 1117 1352 1199 igitur
1372 1117 1420 1181 ita
1441 1119 1618 1200 rapiuntur
1639 1119 1787 1186 homines
1810 1121 1850 1184 ad
1873 1122 2079 1205 imposturas,
2103 1123 2165 1188 hoo
2187 1125 2224 1188 fit

223 1208 365 1274 suntab
388 1208 468 1289 ipso,
491 1206 561 1270 sive
581 1205 704 1268 ratione
721 1214 877 1270 eonsueta
894 1215 928 1270 et
951 1203 1106 1289 legitima,
1129 1204 1198 1268 eive
1222 1209 1226 1285 ,l
1250 1222 1362 1267 eorum
1386 1201 1496 1286 eulpa:
1525 1206 1678 1287 quoniam
1701 1206 1805 1291 magis
1828 1208 1979 1290 propensi
2002 1209 2144 1274 suntad
2168 1230 2223 1274 va·

224 1295 357 1378 spiritus
378 1292 483 1358 saneti
513 1291 621 1357 duotu.
669 1289 741 1356 Hae
771 1299 823 1356 est
850 1291 1001 1372 primum.
1046 1289 1117 1354 Iam
1147 1309 1197 1356 se·
1251 1289 1397 1366 nitatem,
1429 1309 1526 1372 quam
1550 1303 1585 1355 ut
1607 1312 1643 1356 ee
1665 1291 1736 1358 Deo
1758 1301 1792 1358 et
1813 1294 1912 1360 verbo
1942 1294 2011 1359 eius
2040 1294 2223 1360 subiiaiant.

223 1381 346 1464 quitur,
370 1379 444 1444 Nau
467 1378 617 1459 praesepi
648 1379 703 1443 eia.
754 1376 819 1441 Hie
850 1377 1027 1458 apponitur
1055 1373 1198 1442 seeundo
1250 1375 1296 1438 Et
1324 1375 1501 1440 tenendum
1525 1381 1575 1442 eet
1607 1377 1688 1442 illud
1711 1379 1808 1444 Pauli
1831 1377 1939 1463 (Rom.
1966 1381 1994 1458 1,
2017 1378 2082 1463 28),
2110 1401 2224 1448 omnes

225 1478 300 1531 nota
323 1463 540 1530 discretionis:
571 1464 648 1547 quia
671 1472 811 1528 testatur
833 1462 924 1527 Deae
947 1483 1011 1528 non
1035 1483 1105 1528 esee
1128 1481 1196 1526 ore·
1222 1422 1225 1503 i
1250 1460 1405 1544 reprobos
1427 1461 1499 1526 ideo
1521 1464 1698 1540 exoaeoari,
1722 1473 1755 1528 et
1776 1465 1891 1529 ooniiai
1910 1467 1944 1529 in
1960 1466 2133 1548 reprobum
2149 1486 2224 1532 son·

224 1550 567 1635 dendumtprophetis,
599 1551 661 1614 nisi
685 1557 847 1631 quatenus
870 1548 1012 1614 fideliter
1035 1548 1075 1613 de
1096 1567 1198 1613 manu
1222 1512 1225 1581 Ι
1250 1567 1334 1625 sum,
1358 1548 1512 1629 quoniam
1535 1549 1741 1614 mendaoium
1769 1550 1855 1615 ultro
1886 1561 2059 1635 appetunt:
2091 1552 2224 1617 veritati

223 1639 258 1703 in
291 1659 422 1703 manum
454 1634 589 1700 trudunt
617 1634 703 1718 quod
733 1634 798 1700 illio
827 1635 1019 1700 mandatum
1049 1643 1107 1699 est.
1159 1630 1197 1699 Si
1222 1632 1225 1717 l
1251 1642 1358 1697 autem
1382 1631 1514 1699 obedire
1536 1655 1602 1699 non
1625 1637 1796 1700 sustinent.
1840 1637 1950 1719 Atque
1979 1637 2052 1702 ideo
2079 1657 2223 1720 pronun·

224 1725 299 1808 qnid
323 1743 401 1807 erga
424 1722 464 1786 de
482 1741 541 1786 suo
558 1721 720 1804 propheta
738 1721 862 1800 misoet,
883 1721 1092 1787 eonvinaitur
1113 1719 1196 1802 falsi,
1222 1722 1225 1819 l
1251 1720 1313 1784 tiat
1344 1717 1436 1784 Deus
1473 1740 1507 1785 se
1541 1721 1728 1786 examinare
1760 1720 1932 1788 hominum
1965 1723 2062 1789 eorda
2094 1724 2224 1806 quoties

224 1812 325 1875 etita
347 1809 503 1893 indignus
532 1819 582 1872 est
613 1807 680 1872 ulla
708 1806 784 1872 fide.
829 1805 980 1874 Soiamas
1010 1827 1088 1892 ergo
1121 1825 1197 1888 pro·
1250 1803 1413 1888 prodeunt
1445 1806 1478 1870 in
1512 1807 1655 1871 medium
1686 1808 1758 1873 falsi
1788 1809 1976 1890 prophetae.
2022 1809 2105 1874 Nam
2136 1811 2224 1892 quis·

223 1897 338 1980 phetas
367 1915 431 1959 non
463 1893 527 1959 alia
559 1901 719 1976 potestate
753 1913 823 1958 esso
856 1893 1030 1976 praeditos,
1063 1891 1126 1958 nisi
1161 1900 1198 1956 ut
1250 1892 1323 1974 quie
1345 1891 1471 1956 sineere
1493 1891 1602 1957 Deum
1626 1893 1728 1971 timet,
1756 1892 1812 1958 ille
1835 1894 1922 1959 hand
1952 1893 2050 1960 dubie
2080 1915 2145 1959 nan
2174 1916 2224 1960 ru·

223 1981 308 2065 quod
342 1980 500 2046 divinitus
534 1980 614 2064 ipsis
644 1979 835 2044 mandatum
869 1987 936 2059 est,
969 1978 1109 2045 fideliter
1141 1998 1197 2044 ex·
1249 1978 1358 2059 pietur
1395 1975 1529 2043 fallaoiis
1566 1976 1710 2045 Satanae
1744 1988 1778 2043 et
1813 1982 1960 2045 omnium
1998 1982 2224 2063 impostorum.

223 2075 411 2219 {oqqanDtua
445 2066 511 2131 Sed
536 2067 633 2232 ter-ftis
656 2074 733 2130 nota
754 2065 862 2217 adlrlqo
879 2064 1005 2232 6ἰῦἑὲιῶ
1019 2073 1077 2143 est,
1101 2083 1197 2215 qrqum
1223 2096 1226 2207 p
1250 2062 1387 2213 l&enunties
1409 2083 1487 2212 anglo
1509 2064 1660 2215 ΙιιοιιιιίιιιιιΙ
1687 2065 1822 2215 nimitum
1852 2065 1977 2215 oredutli
2008 2079 2094 2216 suntt,
2123 2077 2157 2217 {t
2186 2067 2226 2131 li.

246 2173 287 2220 ror
359 2175 415 2217 eus
441 2173 474 2218 ee
495 2172 557 2216 uou
593 2171 679 2216 ureae
706 2170 776 2216 aum
803 2173 817 2216 r
842 2173 872 2216 re
1005 2171 1067 2216 um.
1144 2169 1196 2214 am
1292 2170 1313 2212 n
1349 2169 1439 2214 ram
1476 2171 1630 2216 sennar
1652 2171 1695 2215 rm
1720 2169 1859 2228 neuras,
1890 2171 2016 2217 aarum
2039 2174 2074 2218 es
2192 2173 2225 2216 o·

224 2241 269 2304 ita
291 2239 455 2325 signifieat
474 2238 596 2303 nullam
614 2237 759 2301 hominis
777 2257 892 2303 vanem
915 2235 1109 2301 audiendam
1127 2255 1198 2300 esse
1251 2235 1349 2300 erisin
1386 2170 1499 2300 eoriim
1530 2236 1591 2302 hoa
1623 2172 1719 2302 modii
1751 2239 1834 2303 iuste
1864 2259 1883 2302 a
1914 2238 1984 2303 Deo
2012 2200 2131 2321 puniri.
2146 2173 2227 2302 yplit

224 2327 259 2396 in
289 2324 434 2402 eoelesia,
468 2322 526 2388 eod
555 2344 648 2390 suam
681 2322 852 2390 duntaxat.
906 2321 975 2388 Our
1003 2342 1080 2405 ergo
1109 2322 1199 2388 iubet
1244 2329 1367 2398 ,notum
1395 2332 1446 2386 est
1478 2321 1558 2386 illud
1591 2322 1770 2406 prophetae
1801 2322 1916 2408 (Mioh.
1939 2324 1969 2405 2,
1996 2323 2057 2410 11),
2087 2323 2226 2390 Iudaeas

225 2410 345 2478 deferri
382 2409 537 2475 honorem
576 2414 610 2474 et
646 2411 865 2474 reverentiam
903 2409 1071 2491 prophetis
1105 2406 1198 2474 suis?
1253 2426 1383 2490 semper
1406 2416 1535 2490 optasse
1557 2408 1619 2474 sibi
1638 2409 1824 2493 prophetas,
1848 2411 1903 2492 qui
1922 2431 2016 2475 aures
2035 2411 2227 2493 muloerent,

225 2519 342 2582 nempe
365 2497 520 2581 quoniam
544 2516 611 2559 non
634 2494 778 2560 afferunt
805 2495 867 2560 nisi
891 2493 977 2578 quad
1007 2495 1077 2577 ipse
1100 2493 1200 2558 tradi·
1253 2494 1307 2574 qni
1330 2495 1559 2574 promitterent
1580 2496 1744 2574 copiosam
1776 2515 1915 2560 messem
1938 2505 1971 2561 et
1992 2497 2132 2579 optimas
2152 2496 2226 2560 vin·

226 2585 282 2649 dit
326 2584 417 2668 Ergo
440 2581 600 2661 videmus,
629 2592 665 2646 ut
686 2582 778 2646 Deus
801 2580 884 2646 nihil
913 2579 1101 2646 hominibus
1127 2599 1199 2662 per·
1254 2579 1387 2643 demiae.
1432 2577 1594 2660 Quoniam
1617 2581 1719 2665 igitur
1749 2583 1796 2646 ita
1819 2580 2013 2664 pruriebant
2035 2582 2100 2647 illis
2122 2602 2227 2662 aurae,

226 2671 336 2735 mittat
357 2668 487 2752 imperii
509 2670 544 2732 in
563 2667 698 2735 eaalesia
715 2667 938 2751 gubernanda,
962 2666 1018 2732 sed
1037 2666 1117 2731 velit
1138 2665 1212 2730 sibi.
1254 2683 1386 2729 neeesse
1409 2665 1472 2730 fuit
1495 2665 1566 2730 dari
1588 2664 1732 2732 Satanae
1759 2668 1936 2746 lieentiam,
1967 2676 2005 2732 ut
2033 2674 2138 2734 totam
2166 2678 2230 2733 ter·

225 2756 415 2839 obsequium
438 2761 615 2838 praestaro,
639 2763 676 2818 ut
697 2752 837 2818 fideliter
861 2754 1004 2818 referant
1026 2751 1110 2836 quod
1132 2751 1201 2834 ipse
1253 2769 1324 2815 ram
1341 2751 1493 2816 obruerat
1506 2752 1690 2833 mendaciis,
1703 2753 1976 2836 quemadmodum
1993 2755 2090 2819 etiam
2107 2755 2228 2820 laetum

226 2841 406 2907 mandavit.
458 2838 602 2906 Proinde
635 2839 719 2922 qaod
755 2837 796 2904 ad
826 2845 1035 2922 praeoeptum
1065 2843 1200 2921 speetat,
1255 2846 1312 2901 est.
1347 2836 1423 2902 Non
1443 2838 1547 2920 igitur
1568 2839 1695 2916 mirum,
1718 2839 1804 2921 quad
1820 2837 1984 2904 Dominus
2007 2849 2073 2903 tam
2096 2859 2229 2904 severus

227 2928 368 2993 retertur
390 2925 471 2991 illud
493 2927 533 2990 ad
564 2928 700 3008 speeies:
737 2946 836 3008 quam
867 2931 977 2990 autem
1007 2924 1094 2998 dioit,
1129 2923 1202 2990 Nau
1254 2922 1317 2986 init
1339 2921 1374 2986 in
1396 2923 1587 3006 uestiganda
1609 2925 1738 3006 populo,
1762 2925 1839 3007 quia
1861 2944 1927 2989 non
1951 2924 2075 3008 deeepti
2099 2924 2230 2990 suerunt

226 3034 296 3081 aum
319 3014 463 3095 loquutus
483 3032 553 3078 oum
574 3012 665 3094 ipsis,
693 3010 920 3095 eompleetitur
941 3031 1047 3096 genus
1075 3011 1200 3093 ipsum:
1254 3009 1319 3073 nisi
1342 3007 1473 3091 propria
1495 3007 1605 3090 oalpa:
1630 3009 1903 3092 quemadmodum
1926 3009 2022 3077 hodie
2043 3010 2129 3075 idom
2153 3030 2229 3075 aon·

226 3101 318 3182 quasi
352 3098 473 3164 diaeret
508 3099 600 3163 nefas
639 3118 712 3162 esse
752 3097 918 3181 prophetis
951 3106 985 3162 et
1018 3094 1202 3162 duotoribus
1255 3094 1362 3177 tingit.
1407 3093 1491 3158 Nam
1516 3095 1577 3159 etsi
1600 3096 1817 3162 miserioordia
1835 3097 2006 3180 tangimur
2022 3117 2121 3180 quum
2142 3096 2231 3160 vido·

227 3184 403 3269 quidquam
433 3185 466 3249 in
501 3183 645 3249 medium
672 3184 826 3267 prolerre,
857 3183 922 3247 nisi
951 3181 1036 3265 quod
1066 3203 1084 3246 a
1112 3181 1202 3248 ooelo
1256 3201 1329 3246 moe
1352 3181 1495 3264 grassari
1518 3179 1662 3247 Satanae
1684 3183 1862 3258 ministros,
1885 3193 1918 3249 et
1940 3182 2052 3248 fallere
2074 3183 2231 3248 miserum

227 3269 422 3355 aeaeperint.
466 3270 555 3335 Hine
577 3267 744 3335 oonoludit
765 3289 816 3336 eoa
840 3268 926 3351 loqui
947 3268 1150 3346 mendacium,
1177 3272 1205 3333 et
1256 3266 1393 3348 vulgus:
1417 3276 1524 3332 tamen
1549 3267 1609 3332 hoa
1626 3266 1803 3334 tenendum
1823 3276 1875 3334 est
1893 3267 2077 3334 meraedem
2097 3267 2231 3350 rependi

227 3357 426 3440 imposturae,
450 3363 479 3420 et
498 3356 729 3433 divinationem,
757 3361 786 3420 et
806 3357 983 3432 nouitatem
1010 3359 1038 3419 el
1057 3354 1204 3437 fraudem
1256 3351 1414 3418 divinitus
1436 3351 1606 3419 hominum
1630 3354 1805 3436 impietati:
1830 3356 1886 3439 qni
1907 3354 1972 3420 Dei
1994 3354 2109 3430 laeam,
2133 3374 2233 3436 quan·

226 3444 330 3509 cordis
351 3443 413 3508 eui.
459 3439 571 3523 Quare
599 3441 747 3506 videmus
775 3441 838 3517 hio,
868 3440 965 3506 simul
989 3461 1027 3506 ae
1050 3440 1102 3505 vel
1126 3459 1204 3522 pau·
1256 3447 1327 3503 tum
1357 3438 1393 3502 in
1422 3459 1457 3504 se
1487 3449 1547 3520 eet,
1576 3440 1630 3505 vel
1659 3441 1884 3525 exstinguunt,
1915 3440 1967 3506 vel
2000 3440 2171 3516 suffooant,
2200 3447 2233 3504 et

228 3528 344 3593 xillum
376 3527 541 3594 deelinant
571 3526 762 3593 hominess
786 3525 981 3604 verboDei,
1014 3546 1079 3592 non
1109 3545 1204 3607 posse
1256 3523 1373 3589 volunt
1390 3522 1538 3608 demergi
1560 3525 1594 3589 in
1618 3525 1778 3591 tenebras.
1824 3526 1917 3592 Haeo
1940 3527 2042 3612 igitur
2065 3526 2148 3590 ratio
2171 3534 2231 3607 est,

228 3615 315 3680 aliud
339 3615 483 3698 prolerre
505 3634 603 3697 qnam
635 3610 812 3692 mendaoia,
841 3613 1014 3696 vanitates,
1044 3613 1203 3694 impastu-
1255 3629 1314 3674 om·
1336 3608 1428 3676 Deus
1451 3618 1516 3674 tam
1548 3610 1652 3691 rigide
1680 3611 1913 3677 animadvertit
1941 3615 1976 3676 in
1999 3609 2148 3689 Iudaeos,
2176 3612 2232 3695 qui

228 3719 290 3778 ras,
324 3717 450 3765 errares
484 3711 516 3764 et
547 3698 694 3765 fraudes:
731 3708 762 3762 et
795 3699 981 3782 quionnque
1014 3698 1204 3763 hominibus
1256 3695 1381 3777 deeepti
1399 3695 1529 3778 quidem
1550 3697 1679 3762 fuerant
1702 3718 1721 3762 a
1744 3697 1833 3764 falsis
1852 3699 2051 3764 doctoribus:
2074 3696 2130 3763 sed
2154 3717 2231 3780 quo·

229 3797 351 3852 temere
374 3786 472 3850 fidem
495 3785 626 3867 habent,
650 3804 709 3850 neo
739 3785 917 3868 respioinnt
939 3784 1073 3850 missine
1095 3783 1204 3848 ainta
1257 3782 1344 3846 niam
1362 3790 1582 3864 praesuaserat
1598 3804 1711 3848 eorum
1727 3785 1878 3866 impietas
1894 3795 1926 3847 et
1941 3781 2152 3866 ingratitudo.
2189 3782 2232 3848 Et

228 3871 316 3950 Deo,
354 3880 387 3936 et
418 3871 559 3935 fideliter
591 3878 811 3952 exsequantur
840 3870 925 3954 qaod
959 3869 1037 3953 ipsis
1071 3868 1203 3933 manda·
1255 3866 1318 3933 hau
1340 3868 1438 3931 etiam
1458 3869 1585 3933 ratione
1608 3870 1641 3934 in
1661 3871 1858 3936 finoversus
1874 3867 2033 3954 adiungit,
2056 3867 2232 3951 Effundam

229 3966 299 4022 tnm
322 3964 381 4032 est,
405 3976 459 4021 eos
482 3974 595 4020 omnes
615 3960 732 4038 sponte
750 3975 811 4020 aaa
833 3957 946 4039 perire.
991 3953 1058 4022 Sed
1081 3954 1121 4018 do
1143 3953 1205 4018 hae
1255 3971 1350 4036 super
1377 3973 1427 4018 eoa
1455 3954 1574 4019 malum
1600 3956 1751 4037 ipsorum.
1795 3955 1921 4020 Putant
1949 3954 2083 4039 qnidam
2112 3974 2232 4019 nomen

229 4063 264 4108 ra
286 4041 394 4108 adhue
417 4042 510 4124 plura
533 4041 671 4107 dioenda
693 4049 799 4106 erunt.
1257 4051 1323 4115 rivi
1352 4053 1419 4103 tam
1441 4038 1480 4102 de
1502 4059 1608 4121 poena
1637 4042 1764 4125 exponi,
1797 4061 1893 4125 quam
1924 4041 1964 4107 de
1997 4041 2103 4123 eulpa,
2137 4041 2233 4106 sionti

1256 4139 1299 4223 pv
1323 4125 1420 4188 etiam
1444 4126 1601 4208 aooipitur
1623 4148 1688 4211 pua
1717 4136 1863 4210 utroque.
1909 4124 1975 4194 Sed
2001 4123 2161 4210 propheta
2183 4126 2232 4190 vi-

316 4214 366 4277 15.
395 4212 565 4294 Propterea
586 4214 728 4280 uitauit
750 4211 884 4279 Iolaoralr
912 4233 1010 4296 super
1033 4211 1206 4293 prophetae
1259 4211 1355 4276 detur
1376 4230 1508 4277 eausam
1530 4211 1675 4292 reddere,
1702 4231 1761 4278 our
1783 4213 1874 4278 Dens
1896 4212 2050 4278 horribile
2078 4211 2160 4276 illud
2183 4212 2234 4277 iu·

229 4300 284 4382 qui
300 4299 487 4383 prophetarit
508 4299 543 4362 iu
562 4301 685 4365 uoruiue
705 4319 780 4379 meo,
802 4305 831 4365 et
847 4319 985 4382 epauou
1001 4299 1076 4364 miei
1098 4301 1208 4379 rauel
1259 4296 1378 4362 dioinm
1412 4297 1545 4380 exsequi
1579 4299 1731 4364 statuerit
1763 4304 1878 4365 eontra
1915 4297 2070 4376 Iudaeos,
2116 4317 2233 4384 nempe

229 4386 352 4452 diaurst:
384 4385 523 4450 Gladius
544 4389 571 4449 et
591 4383 692 4466 fames
713 4405 777 4450 uou
801 4386 860 4450 erit
887 4385 921 4450 iu
950 4391 1035 4451 terra
1063 4384 1140 4452 liar:
1171 4384 1207 4449 irs
1259 4382 1411 4465 quoniam
1443 4382 1532 4468 digni
1562 4393 1657 4449 erant
1686 4385 1743 4449 tali
1771 4384 1931 4450 meroede.
1976 4383 2102 4449 Malum
2132 4383 2234 4468 igitur

228 4471 334 4556 plodio
355 4477 383 4536 et
403 4472 488 4554 fame
509 4475 726 4536 consumentur
742 4470 913 4553 prophetae
934 4471 996 4538 illi.
1259 4469 1400 4534 libenter
1432 4468 1628 4552 interpretor
1662 4470 1702 4536 de
1736 4470 1930 4538 saeloribua:
1971 4471 2062 4552 quasi
2103 4468 2233 4544 diceret,

319 4557 368 4620 16.
398 4555 441 4620 El
459 4556 599 4639 papulus
621 4558 673 4622 aui
695 4557 767 4656 ipsi·
785 4556 1013 4658 propietarraut
1032 4556 1127 4708 iim*
1158 4563 1208 4621 ost
1259 4555 1374 4620 Manet
1396 4555 1526 4637 quidem
1553 4556 1714 4622 horrenda
1737 4556 1845 4656 alodes
1868 4555 1961 4655 hune,
1979 4556 2154 4640 populum:
2177 4553 2234 4620 sed

231 4641 831 4812 lttt‘uluullluttltll
840 4641 1236 4839 ,tumultu
1259 4639 2235 4811 udll‘ulltltuitauit,ullututt‘lu

232 4814 296 4895 dio,
320 4813 373 4878 vel
396 4812 540 4899 praelia),
571 4819 600 4878 et
620 4832 681 4877 aaa
711 4814 769 4878 erit
796 4816 852 4896 qui
881 4814 1010 4897 sepeliat
1039 4835 1099 4898 eoa,
1131 4815 1208 4897 ipsi,
1260 4813 1340 4896 quin
1373 4813 1532 4895 propheta
1566 4813 1618 4878 hie
1646 4836 1681 4880 os
1711 4813 1791 4880 velit
1823 4815 1993 4880 obstruere
2018 4811 2158 4888 Iudaeis,
2192 4831 2234 4877 ne

231 4919 344 4965 uaaree
362 4919 474 4979 eorum,
495 4899 600 4983 elfilii
618 4919 731 4978 curura,
752 4899 856 4979 atrilii
874 4921 988 4983 eorum,
1006 4907 1033 4966 et
1050 4901 1209 4983 effundam
1261 4898 1470 4981 tergiversari
1492 4908 1641 4983 pergant,
1671 4920 1708 4967 aa
1737 4900 1764 4966 si
1787 4899 1880 4966 Deae
1913 4918 2027 4983 perum
2058 4897 2236 4964 elementer

232 5005 328 5068 super
349 5005 399 5052 aas
419 4987 539 5053 malruu
560 4987 712 5068 ipsorum.
1260 4985 1349 5069 ipsos
1383 4993 1548 5050 tractaret.
1593 4986 1681 5052 Hine
1712 4986 1813 5069 igitur
1845 4993 1990 5070 apparet,
2025 4983 2134 5048 Deum
2169 5005 2235 5050 non

1261 5083 1385 5134 temera
1407 5081 1597 5136 convertere
1619 5092 1713 5137 suam
1733 5071 1910 5138 vindiotam
1934 5083 2049 5138 eontra
2071 5070 2234 5136 innoxios:

318 5155 497 5239 Postquam
537 5159 790 5225 denuntiaverat
823 5157 979 5223 Ieremias
1013 5158 1104 5223 falsie
1135 5177 1208 5239 pro·
1261 5155 1318 5223 sed
1341 5155 1466 5220 involvi
1488 5156 1585 5222 simili
1608 5177 1713 5239 poena
1729 5167 1760 5222 et
1776 5158 1874 5222 falsos
1892 5156 2048 5235 duotores,
2072 5165 2106 5221 et
2129 5165 2235 5221 totum

232 5241 352 5326 phetie,
375 5243 528 5325 quoniam
552 5245 709 5329 populum
733 5243 899 5310 blanditiis
918 5243 985 5308 suia
1004 5242 1208 5327 dooeperant‚
1260 5240 1434 5324 populum,
1476 5243 1533 5324 qui
1569 5243 1634 5308 illis
1671 5265 1706 5310 se
1745 5241 1928 5308 obleetavit.
1987 5240 2080 5307 Dioit
2116 5251 2235 5318 autom,

234 5347 357 5411 poenas
380 5327 523 5422 daturos
545 5350 625 5413 quas
655 5335 764 5395 erant'
778 5331 903 5397 meriti:
932 5349 1020 5396 nano
1048 5329 1210 5396 convertit
1262 5327 1367 5393 Erunt
1379 5329 1514 5410 proiecti
1533 5330 1568 5394 iu
1585 5330 1728 5411 compitis
1745 5327 1919 5394 Ierusalem
1937 5347 1958 5392 a
1973 5327 2058 5409 fame
2075 5332 2102 5392 et
2118 5327 2236 5409 plodio,

340 5430 453 5488 Caluini
466 5446 561 5502 opera
590 5432 650 5489 Vol.
669 5432 846 5490 XXXVIII.
2000 5429 2033 5483 13
