5158 6124
202 465 263 530 ιιι
893 465 942 530 m
965 463 1215 529 mammen.
1260 461 1359 528 aar.
1382 461 1514 528 xxva
2093 444 2095 450 ’
2142 469 2206 536 522

289 655 319 720 9.
347 655 664 740 Qusarcpropbetaati
685 653 1019 730 senonicensem,
1042 652 1177 731 diceudo,
1231 663 1356 734 partem
1380 651 1543 718 historiae.
1589 652 1673 718 Nam
1697 652 1848 718 admonet
1873 656 2038 740 principes
2063 664 2097 721 et
2119 634 2206 744 regis

206 741 373 823 Tanquam
396 740 463 807 sito
483 745 541 807 crit
563 743 674 808 domas
694 741 777 825 boec,
800 747 827 806 et
846 741 921 805 urbs
935 739 1011 805 boec
1020 739 1179 820 perdetur,
1230 737 1432 804 consiliarios
1454 758 1520 803 non
1543 739 1665 804 trustra
1686 749 1863 805 commotos
1885 742 2002 819 tuisse,
2033 752 2071 807 ιιι
2093 765 2206 810 ascen·

202 831 236 890 at
257 847 318 892 aon
340 829 381 895 eit
398 827 577 894 aanor?
611 826 854 912 (Congregetus
872 836 981 891 antem
1001 832 1072 889 erat
1091 831 1198 888 totns‘
1231 821 1347 888 darent
1369 825 1402 886 in
1426 824 1596 906 templum.
1640 823 1679 892 Si
1698 846 1751 891 res
1774 836 1845 890 aeta
1868 827 1983 893 luisset
2009 829 2096 893 inter
2125 852 2204 914 pau·

203 915 344 996 populus
371 915 412 980 ad
435 915 609 979 Ieremiam
641 915 675 977 in
704 912 828 995 templo
854 909 1012 996 Iehovae)
1041 909 1097 974 boc
1119 929 1180 991 per
1231 929 1300 986 cos,
1334 909 1386 973 vel
1415 909 1539 974 occisus
1570 918 1656 975 esset
1686 910 1859 988 Ieremias,
1891 914 1942 977 vel
1972 913 2079 996 aliquo
2109 915 2204 980 modo

199 999 405 1080 parenthesin
434 999 595 1084 bqendum
623 1003 684 1082 est,
715 1005 742 1063 et
769 997 908 1080 rufatur
936 996 978 1062 ad
1007 999 1180 1078 sequentem
1231 995 1449 1078 interceptus:
1488 995 1539 1060 rel
1573 1005 1700 1078 poterat
1732 997 1830 1062 etiam
1865 999 1935 1063 fieri
1970 1008 2008 1064 ut
2041 1001 2204 1085 prinsipes

202 1089 385 1169 manum,
406 1091 441 1149 at
461 1105 517 1151 eac
539 1085 602 1151 ιιιο
622 1085 770 1150 dicemus.
1230 1099 1340 1164 regem
1358 1089 1390 1144 et
1404 1081 1475 1144 eius
1490 1082 1689 1146 consiliarios
1711 1083 2002 1149 circumvenirent:
2028 1085 2088 1151 hoc
2108 1086 2204 1153 modo

1230 1164 1314 1231 elam
1336 1187 1510 1248 oppressus
1533 1167 1647 1232 suisset
1667 1181 1800 1234 sanctus
1824 1170 1882 1234 vir.
1928 1168 1994 1236 Sed
2022 1168 2075 1236 hic
2103 1173 2204 1238 inter·

289 1255 355 1320 Hie
387 1256 519 1321 additur
551 1256 635 1320 ratio
670 1256 903 1334 damnationis,
936 1254 1021 1336 quod
1056 1252 1179 1318 scilieet
1231 1253 1311 1316 serit
1333 1251 1544 1333 particulam,
1573 1251 1658 1334 quod
1689 1254 1812 1319 scilicet
1844 1265 1931 1320 totus
1961 1257 2099 1340 populns
2127 1278 2204 1324 con·

203 1341 361 1408 Ieremias
383 1363 483 1407 ausus
505 1342 568 1407 luit
590 1350 657 1406 tam
681 1342 807 1406 duriter
828 1341 973 1405 minitari
995 1349 1030 1404 et
1046 1347 1178 1404 sanctae
1231 1351 1387 1422 gregatos
1410 1347 1495 1402 esset
1517 1359 1595 1420 erga
1618 1339 1735 1422 ipsum.
1780 1339 1868 1406 Hinc
1895 1361 1973 1425 ergo
2003 1345 2125 1408 lactum
2154 1357 2205 1411 est

203 1427 277 1492 urbi
300 1443 332 1492 ιι
354 1429 485 1510 templo.
531 1427 604 1492 Non
628 1435 792 1511 quaerunt
815 1448 857 1492 an
882 1426 973 1491 Dens
1001 1425 1178 1489 mandave-
1231 1433 1267 1487 ut
1289 1443 1401 1488 rumor
1423 1425 1455 1487 in
1480 1422 1586 1488 aulam
1611 1426 1696 1508 regis
1719 1425 1921 1508 perveniret:
1955 1429 2001 1491 ita
2023 1430 2103 1494 iussi
2127 1437 2205 1495 sunt

203 1513 264 1591 rit,
294 1533 336 1577 an
360 1513 511 1578 habuerit
533 1515 652 1579 iustam
676 1531 825 1580 causam:
859 1510 915 1577 sed
938 1521 1076 1577 sumunt
1097 1508 1177 1574 illud
1231 1510 1344 1574 venire
1367 1510 1528 1592 prinsipes
1551 1521 1584 1574 et
1606 1509 1791 1577 consiliarii.
1836 1511 1875 1577 Iu
1902 1533 2029 1581 summa
2059 1515 2205 1581 breviter

204 1598 401 1681 principium
423 1599 578 1664 iniuriam
603 1600 675 1665 fieri
698 1598 786 1664 Dec:
820 1618 920 1681 quum
951 1597 1073 1679 aliquid
1103 1615 1176 1678 pro·
1230 1594 1324 1661 docet
1346 1593 1502 1661 Ieremias
1524 1615 1583 1661 cur
1605 1596 1769 1680 principes
1791 1598 1823 1661 in
1855 1598 2009 1681 templum
2042 1603 2203 1678 venerint,

203 1685 310 1749 lemur
331 1697 444 1750 contra
466 1685 580 1769 templi
602 1685 814 1769 dignitatem:
837 1682 955 1748 deinde
972 1683 1087 1748 urbem
1106 1700 1177 1746 asse
1231 1682 1384 1763 quoniam
1402 1682 1522 1765 ubique
1537 1684 1800 1749 tumultuabatur
1814 1683 1940 1769 civitas,
1964 1706 2065 1768 quum
2081 1688 2204 1753 scilicet

203 1781 460 1852 sacrosanctam,
493 1770 631 1855 ideoque
664 1770 746 1835 nihil
780 1790 874 1853 posse
906 1769 1064 1833 adversus
1087 1767 1177 1830 illam
1230 1787 1362 1850 sparsus
1384 1777 1471 1833 esset
1492 1788 1619 1849 mmor,
1650 1789 1770 1834 novum
1794 1769 1916 1853 aliquid
1945 1783 1977 1834 ιι
1999 1773 2204 1838 intolerabile

204 1854 275 1935 diei,
298 1858 377 1938 quin
400 1856 575 1940 derogetur
597 1866 645 1921 tot
667 1867 701 1920 et
722 1866 788 1920 tam
811 1855 941 1919 eximiis
959 1852 1021 1918 Dei
1045 1855 1177 1936 promis·
1230 1852 1330 1918 inissa
1358 1854 1531 1936 prolatum.
1576 1855 1653 1920 Rex
1685 1876 1762 1936 ergo
1796 1875 1862 1920 non
1897 1859 2002 1940 potuit
2035 1859 2203 1943 negligere

203 1940 357 2020 sionibus,
380 1943 434 2007 ubi
458 1952 600 2008 testatur
621 1951 777 2025 perpetuo
799 1943 867 2006 lore
885 1940 1079 2018 incolumen,
1102 1939 1177 2020 quia
1231 1937 1318 2004 hunc
1341 1944 1483 2018 motum,
1515 1942 1667 2025 quoniam
1692 1941 1908 2023 periculosum
1932 1953 1981 2008 est
2003 1943 2037 2008 in
2061 1945 2203 2010 tumultu

203 2029 237 2090 in
268 2027 374 2093 medic
404 2031 473 2093 eius
508 2028 659 2094 resideat.
705 2028 865 2092 Videmus
898 2046 976 2108 ergo
1009 2046 1073 2108 quo
1106 2027 1177 2088 iure
1231 2024 1380 2108 populari
1403 2047 1539 2092 cessare.
1584 2027 1701 2111 Itaque
1723 2038 1836 2111 postea
1858 2027 1948 2092 addit
1970 2027 2145 2095 Ieremias:

204 2121 262 2177 aut
284 2123 457 2196 praetextu
480 2112 710 2179 damnaverint
732 2112 907 2178 Ieremiam
931 2111 1116 2175 sacerdotes
1145 2119 1178 2173 et

203 2199 390 2281 prophetae.
435 2200 531 2281 Quod
555 2210 666 2265 autem
688 2198 801 2265 dicunt
828 2199 864 2263 ia
889 2197 1014 2262 nomiae
1035 2195 1177 2278 Domini,
1316 2249 1365 2313 10Ι
1400 2245 1446 2312 Ep
1477 2248 1647 2314 audierunt
1673 2251 1837 2330 priudpee
1873 2249 2017 2316 Iehudah
2049 2271 2203 2319 sermome

205 2305 270 2348 non
294 2284 437 2367 dubium,
460 2286 538 2368 quin
562 2296 715 2351 accusent
738 2294 893 2366 tanquam
924 2283 1093 2348 falsarium
1122 2282 1177 2364 qui
1228 2330 1293 2416 hos,
1322 2339 1350 2398 et
1370 2334 1572 2400 ascenderunt
1595 2354 1611 2398 e
1631 2335 1720 2400 domo
1747 2337 1830 2418 rem-3
1859 2337 1894 2400 in
1922 2337 2048 2400 mmam
2070 2337 2204 2403 Iehovae

204 2368 324 2434 dixerit
357 2372 418 2436 sibi
454 2371 514 2437 hoc
547 2371 705 2436 divinitus
739 2369 838 2434 tuisse
860 2367 1066 2433 mandatum:
1101 2367 1177 2448 quia
1539 2423 1545 2433 .
1652 2421 1658 2434 .
1702 2421 1709 2435 .
2173 2426 2179 2437 ,

204 2457 442 2522 ratiocinantur
463 2456 505 2522 ab
522 2455 715 2539 impossibili
733 2456 786 2519 rel
805 2454 954 2519 absurdo.
989 2453 1081 2517 Dans
1103 2474 1176 2535 pro·
1229 2415 1302 2502 0¹⁰⁰
1324 2430 1384 2502 ⁰⁸²⁵
1407 2441 1425 2483 θ
1448 2419 1568 2501 pamm
1592 2441 1677 2571 '⁰5¹⁸
1699 2441 1734 2484 ¹¹¹
1752 2419 1935 2506 ιθΠΨῙἮῙῙ)
1958 2423 2144 2488 mamm
2167 2444 2202 2488 ”⁸

204 2541 339 2606 miserat
350 2543 583 2626 lerosolymam
601 2542 669 2607 tore
690 2540 751 2605 sibi
770 2551 940 2606 aeternum
959 2539 1175 2604 domicilium:
1226 2503 1350 2586 [ΨΜ
1364 2509 1476 2584 pm
1498 2504 1603 2588 templi
1646 2505 1757 2572 ‘mae
1777 2525 1882 2572 ’ww'

205 2624 304 2692 verba
326 2627 484 2693 Ieremias
506 2635 608 2706 erant,
629 2627 753 2694 Urbem
777 2627 862 2691 hanc
881 2647 1000 2709 ponam
1019 2636 1175 2709 tanquam
1944 2675 1946 2680 ,

203 2712 285 2778 Silo.
314 2713 431 2778 Posset
453 2712 556 2779 videri
579 2713 672 2778 Dens
694 2713 729 2776 in
749 2713 889 2794 speciem
908 2713 968 2776 sibi
985 2712 1176 2788 contrarius,
1314 2710 1469 2776 Diximus
1503 2711 1667 2796 principes
1703 2711 1805 2777 fnisse
1838 2720 2016 2777 commotos
2049 2715 2201 2797 populari

203 2799 297 2865 Haec
319 2801 447 2882 requies
469 2821 542 2865 mea
563 2798 598 2862 in
622 2799 789 2864 saeculnm
812 2798 949 2863 saeculi:
983 2797 1043 2862 hoo
1072 2797 1177 2861 deser·
1228 2797 1387 2862 clamore:
1420 2817 1479 2863 nce
1501 2797 1637 2862 dubium
1660 2808 1710 2862 cst
1732 2799 1808 2881 quin
1833 2818 1893 2861 rex
1916 2819 1970 2862 eos
1993 2798 2136 2876 miserit,
2165 2806 2202 2864 ut

204 2893 275 2950 tum
305 2886 376 2950 erit.
429 2885 589 2950 Videmus
618 2904 696 2968 ergo
725 2904 791 2948 non
820 2884 966 2950 caruisse
993 2883 1177 2949 sacerdotes
1229 2894 1469 2965 compescerent
1490 2883 1583 2949 illam
1606 2885 1774 2966 impetum.
1810 2883 1922 2948 Primo
1940 2885 2121 2948 notandum
2142 2900 2200 2964 est,

204 2981 238 3034 ιι
259 2970 435 3054 prophetas
463 2972 536 3036 illos
566 2971 676 3053 aliquo
703 2971 846 3053 specioso
873 2968 995 3048 colore,
1024 2978 1063 3034 ιιι
1088 2969 1177 3034 Iere-
1230 2968 1328 3032 faisse
1350 2967 1494 3033 intentos
1517 2969 1589 3035 aliis
1612 2970 1759 3054 negotiis,
1789 2975 1825 3034 ut
1848 2969 1953 3035 solent
1974 2970 2123 3037 homines
2143 2993 2201 3038 au-

203 3057 305 3122 mIam
328 3057 531 3123 damnarent.
563 3056 698 3122 Pondus
721 3063 770 3121 est
791 3058 891 3140 igitur
912 3056 948 3119 in
968 3076 1080 3120 eorum
1104 3076 1178 3119 ver·
1230 3053 1283 3118 liei
1306 3055 1411 3118 rarius
1434 3054 1510 3120 dare
1531 3076 1663 3140 operam
1679 3054 1848 3120 audiendis
1863 3057 2041 3140 prophetis.
2074 3056 2201 3123 Verum

205 3140 272 3206 bist
306 3141 436 3222 dieunt,
469 3144 562 3208 Tune
593 3145 689 3207 iacies
718 3140 828 3207 Deum
857 3139 919 3206 sibi
952 3139 1176 3206 contrarium?
1230 3137 1359 3222 quidem
1394 3150 1444 3204 est
1476 3161 1585 3206 sacras
1618 3161 1689 3206 esee
1721 3163 1833 3207 eorum
1867 3144 2112 3227 occupationes,
2145 3147 2201 3228 qui

205 3227 288 3309 qnod
312 3229 398 3292 enim
423 3227 599 3293 denunties
620 3227 690 3293 eius
714 3229 853 3308 nomine,
875 3238 986 3308 aperte
1008 3240 1041 3291 et
1056 3227 1177 3292 directe
1230 3243 1341 3290 curam
1363 3234 1483 3309 gerunt
1504 3227 1715 3310 reipublicae,
1744 3227 1800 3311 qni
1828 3239 1983 3295 exercent
2004 3228 2139 3310 indicia,
2170 3242 2202 3296 et

204 3313 350 3397 confligit
390 3334 463 3379 cum
503 3315 574 3379 eius
608 3313 885 3397 promissionibus.
943 3312 1036 3378 Deus
1068 3324 1176 3377 autem
1230 3309 1346 3393 quibus
1368 3333 1466 3378 curae
1494 3321 1545 3378 ost
1573 3312 1703 3397 publica
1734 3314 1873 3379 utilitas:
1907 3315 1963 3380 sed
1993 3315 2038 3381 ita
2068 3316 2202 3383 decebat

204 3410 361 3482 perpetuo
384 3399 445 3465 sibi
468 3409 611 3465 constat:
635 3408 671 3464 tu
692 3399 794 3484 igitur
816 3400 965 3465 falsarius
988 3420 1022 3463 es
1039 3406 1071 3462 et
1085 3419 1175 3463 men·
1230 3406 1360 3480 tempus
1381 3399 1513 3483 partiri,
1543 3409 1580 3464 ut
1609 3408 1739 3483 partem
1770 3399 1911 3484 aliquam
1942 3399 2107 3466 residuam
2130 3402 2201 3467 Deo

205 3483 287 3548 dax:
310 3495 343 3549 et
364 3486 411 3549 ita
433 3505 521 3550 unus
544 3507 586 3552 ex
608 3485 899 3567 pseudoprophetis
917 3505 998 3568 quos
1014 3483 1175 3550 Dominus
1229 3496 1466 3550 consecrarent.
1511 3486 1615 3567 Atqui
1643 3493 1761 3566 putant
1790 3505 1825 3549 se
1856 3485 1995 3569 quodam
2026 3487 2200 3572 privilegio

204 3590 270 3634 non
291 3570 417 3653 patitur
438 3571 472 3646 in
502 3593 561 3636 sua
591 3569 736 3636 ecclesia.
780 3569 912 3637 Interea
938 3569 1090 3636 frivolum
1115 3571 1176 3635 luit
1228 3577 1396 3652 exemptos
1425 3571 1572 3636 homines
1602 3570 1711 3650 aulici,
1741 3591 1842 3653 quum
1873 3578 1985 3635 tamen
2013 3572 2117 3654 magis
2143 3594 2200 3639 ne·

204 3655 290 3738 quod
313 3655 497 3722 iactabant:
527 3656 619 3721 Deus
642 3659 727 3721 enim
752 3677 817 3720 non
848 3657 1043 3739 promiserat
1072 3665 1174 3739 temp·
1228 3657 1368 3721 cessaria
1398 3657 1445 3722 'sit
1473 3657 1539 3721 illis
1572 3655 1720 3721 doctrina
1754 3676 1852 3740 quam
1887 3657 1985 3739 vulgo
2019 3655 2202 3727 hominum.

202 3742 270 3807 lum
294 3741 373 3808 illud
404 3742 465 3807 sibi
492 3742 562 3808 iore
591 3753 802 3825 perpetuum,
837 3757 875 3807 ut
904 3743 1068 3809 licentiam
1098 3741 1175 3806 inde
1228 3742 1342 3824 Neque
1365 3744 1451 3806 enim
1475 3748 1603 3806 tantum
1627 3743 1744 3824 cuique
1762 3742 1922 3808 incumbit
1936 3742 2078 3808 cilicium
2096 3747 2200 3826 patris

202 3838 347 3892 sumeret
370 3828 510 3911 populus
532 3829 573 3893 ad
601 3848 698 3893 omne
727 3848 832 3911 genus
859 3830 1028 3894 scelerum.
1062 3827 1176 3892 Noluit
1226 3825 1380 3905 familias,
1415 3827 1471 3892 sed
1504 3828 1663 3893 Dominus
1695 3848 1750 3893 ecs
1782 3826 1938 3910 praefecit
1971 3828 2030 3891 toti
2063 3832 2199 3913 populo.

202 3935 280 3998 ergo
304 3915 394 3979 Deus
418 3935 453 3979 se
479 3915 682 3998 obstringere
710 3914 836 4004 impiis,
867 3926 903 3979 ut
932 3935 1050 3980 nomen
1079 3935 1174 3978 suum
1227 3911 1266 3977 si
1295 3932 1374 3996 ergo
1404 3914 1524 3996 privati
1554 3913 1702 3980 homines
1732 3913 1879 3996 indigent
1909 3913 2100 3995 quotidiana
2129 3916 2202 3982 doc·

201 4007 382 4083 exponeret
403 4001 511 4083 palam
536 3999 685 4065 ludibrio.
721 3998 818 4064 Unde
840 4008 976 4083 apparet
997 3998 1175 4082 prophetas
1227 3999 1323 4077 trina,
1346 4008 1384 4062 ut
1405 4020 1440 4064 se
1462 4009 1495 4063 et
1517 3999 1657 4065 familias
1680 4021 1756 4066 suas
1779 3998 1878 4081 probe
1901 3999 2094 4082 gubernent,
2121 4003 2201 4084 quid

202 4093 235 4150 et
257 4084 442 4150 sacerdotes
464 4088 572 4152 lucum
597 4085 757 4150 duntaxat
779 4085 893 4169 tacere,
917 4106 1020 4170 quum
1038 4095 1175 4149 sumunt
1226 4084 1283 4150 fiet
1305 4085 1384 4168 ipsis
1407 4083 1578 4164 iudicibus,
1612 4087 1668 4169 qui
1692 4085 1790 4150 veluti
1814 4093 1925 4169 patres
1946 4098 2023 4150 sunt
2046 4089 2201 4171 reipubli-

202 4191 262 4254 pro
292 4172 439 4236 contessa
470 4170 554 4255 quod
582 4165 726 4237 debebat
748 4171 887 4254 intelligi
918 4172 1029 4237 addita
1058 4191 1174 4252 excep·
1227 4168 1305 4235 aaa?
1350 4169 1415 4237 sed
1440 4169 1713 4253 quemadmodum
1735 4173 1799 4235 iam
1824 4169 1912 4251 dixi,
1942 4171 2047 4236 solent
2077 4195 2112 4239 se
2135 4175 2202 4238 exi-

201 4258 300 4334 tione,
325 4277 441 4338 nempe
463 4260 490 4322 si
513 4257 580 4320 illic
601 4277 682 4340 pure
704 4256 874 4335 coleretur,
897 4257 1173 4338 quemadmodum
1227 4275 1316 4321 mere
1345 4278 1363 4320 a
1392 4256 1470 4341 iugo
1500 4257 1656 4322 fidelium.
1708 4257 1795 4322 Hinc
1829 4277 1906 4340 ergo
1933 4257 2054 4322 tactum
2085 4271 2134 4325 est
2164 4273 2201 4324 ut

202 4345 351 4408 iusserat.
395 4341 510 4425 Neque
533 4343 620 4407 enim
643 4343 692 4408 tas
713 4343 777 4407 fuit
799 4341 981 4408 distrahere
1011 4343 1067 4408 illa
1099 4343 1174 4419 duo,
1227 4342 1336 4407 nullus
1369 4343 1554 4426 principum
1588 4342 1730 4421 adesset,
1764 4362 1864 4424 quam
1898 4349 2009 4408 tamen
2042 4343 2201 4411 Ieremias

201 4448 300 4511 quum
336 4429 426 4493 Deus
462 4428 611 4512 exigeret
648 4429 800 4510 pietatem
838 4438 871 4493 et
903 4429 1120 4495 obedientiam
1155 4451 1175 4494 a
1227 4429 1333 4494 iussus
1356 4430 1470 4493 luisset
1492 4425 1621 4511 prodire
1643 4429 1677 4490 in
1711 4427 1870 4492 medium:
1905 4449 1971 4493 non
2002 4450 2039 4494 eo
2071 4439 2199 4496 tantum

202 4514 330 4597 populo,
362 4512 480 4578 deinde
503 4514 707 4597 promitteret
729 4535 765 4578 se
787 4515 855 4579 fore
877 4515 1042 4581 custodem
1075 4514 1173 4593 urbis,
1226 4513 1286 4590 die,
1311 4534 1375 4596 quo
1397 4516 1490 4596 pauci
1515 4514 1548 4576 in
1571 4512 1728 4594 templum
1750 4515 1927 4592 venissent,
1957 4513 2014 4579 sed
2037 4537 2136 4599 quum
2159 4539 2200 4581 ex

202 4607 236 4664 et
257 4599 414 4682 templum
439 4601 537 4665 etiam
560 4600 628 4664 fore
656 4600 785 4665 salvum
816 4598 877 4665 sub
907 4620 966 4666 suo
996 4600 1173 4685 praesidio:
1226 4603 1351 4666 cunctis
1374 4600 1510 4666 urbibus
1532 4597 1685 4663 Iehudah
1708 4598 1879 4679 adessent,
1908 4601 1964 4682 qui
1995 4602 2199 4668 sacrificandi

201 4683 316 4749 Iudaei
349 4697 457 4751 autem
492 4685 563 4751 sine
595 4683 660 4751 fide
698 4693 730 4750 et
771 4688 972 4768 poenitentia
1011 4688 1176 4753 iactabant
1226 4705 1323 4750 causa
1346 4693 1508 4751 venerant
1531 4682 1775 4768 lerosolymam.
1810 4684 1882 4750 Hoc
1904 4685 2084 4769 igiturtuit
2100 4687 2199 4753 nimis

201 4769 287 4854 quod
321 4769 442 4836 dictum
473 4782 546 4837 erat
574 4771 613 4836 de
642 4772 780 4853 templo:
814 4773 879 4836 imo
908 4773 1102 4854 crepabant,
1135 4782 1175 4836 ut
1225 4779 1339 4856 turpe,
1374 4783 1406 4836 et
1428 4773 1560 4855 signum
1581 4771 1681 4837 crassi
1712 4779 1935 4855 contemptus,
1968 4773 2132 4837 neminem
2156 4795 2198 4837 ex

201 4856 278 4922 alibi
302 4856 454 4940 vidimus,
478 4858 577 4923 rerba
599 4854 769 4935 mendacii,
799 4867 832 4921 st
853 4857 927 4922 ideo
950 4858 1064 4922 derisit
1086 4859 1173 4940 ipsos
1226 4858 1312 4940 regis
1345 4857 1539 4922 consiliariis
1571 4857 1606 4920 in
1640 4858 1762 4940 templo
1801 4877 1975 4940 apparere,
2017 4877 2118 4938 quum
2158 4879 2200 4922 ex

201 4942 363 5027 propheta
384 4963 485 5025 quum
514 4943 610 5008 tertio
633 4951 809 5026 repeteret,
832 4942 1006 5027 Templum
1032 4943 1174 5021 Domini,
1226 4942 1337 5007 multis
1358 4943 1438 5008 locis
1465 4943 1598 5007 remotis
1627 4943 1779 5008 adessent
1807 4964 1888 5024 quos
1918 4942 1994 5006 illuc
2023 4942 2136 5028 religio
2165 4955 2201 5008 et

202 5028 360 5112 templum
385 5027 529 5104 Domini,
559 5028 716 5110 templum
740 5027 892 5092 Domini:
926 5029 1019 5113 quasi
1043 5029 1173 5110 diceret,
1226 5029 1369 5094 studium
1404 5027 1608 5094 sacrificandi
1641 5027 1826 5113 impulerat.
1877 5029 1967 5093 Dicit
1998 5037 2108 5093 autem
2142 5050 2199 5094 ve·

202 5114 295 5179 Haec
328 5121 379 5178 est
411 5119 524 5180 vestra
556 5114 712 5191 futilitas,
753 5113 892 5178 subinde
924 5115 1030 5197 plenis
1064 5116 1173 5181 baccis
1226 5113 1329 5194 nisse,
1365 5124 1400 5179 ut
1429 5125 1662 5198 cognoscerent
1690 5114 1730 5181 de
1759 5134 1865 5180 causa.
1915 5111 2080 5177 Dicuntur
2110 5115 2199 5180 enim

201 5201 342 5267 clamare
364 5199 522 5282 templum
547 5199 626 5265 Dei:
656 5197 712 5265 sed
740 5198 803 5265 hoc
833 5209 939 5264 totum
967 5201 1050 5264 nihil
1080 5200 1174 5265 vobis
1225 5201 1342 5266 sedisse
1364 5201 1406 5266 ud
1422 5206 1550 5282 ροηαιιι
1570 5220 1694 5278 nocam,
1717 5221 1814 5284 quam
1838 5198 1951 5264 dicunt
1973 5199 2073 5264 luisse
2092 5202 2199 5266 orien-

200 5285 355 5369 prcderit.
400 5283 518 5350 Postea
541 5287 689 5368 sequitur
707 5285 860 5367 popum
885 5285 987 5368 faisse
1008 5306 1173 5371 eoapreqa-
1227 5285 1342 5351 talem:
1377 5298 1410 5351 ct
1433 5286 1716 5352 divinantvooari
1743 5305 1878 5367 novam,
1907 5284 1991 5368 quod
2014 5284 2200 5352 instaurata

201 5378 276 5437 tam.
308 5371 374 5438 Hic
396 5370 458 5437 sibi
482 5371 658 5438 transitum
682 5373 759 5437 facit
780 5371 937 5437 Ieremias
956 5372 997 5437 ad
1015 5373 1173 5454 reliquam
1226 5381 1322 5454 esset,
1345 5374 1495 5456 quoniam
1520 5371 1677 5456 palatium
1700 5372 1787 5455 regis
1802 5369 1844 5438 ad
1859 5371 2015 5435 orientem
2033 5371 2198 5456 vergebat,
