5134 6124
386 357 459 474 sot'
1193 401 1580 470 rannunomouus
2327 399 2387 466 soe

381 597 531 662 assiduas
560 615 669 663 coram
700 596 780 661 Deo.
829 593 986 660 Producit
1015 594 1202 677 exemplum
1232 593 1359 670 Heliae,
1412 593 1508 659 modo
1543 592 1596 659 hic
1628 593 1795 675 loquatur,
1830 593 2010 658 Facessant
2038 613 2058 656 a
2087 610 2148 656 mc.
2199 589 2267 656 Sed
2294 590 2388 654 simul

381 685 439 766 qui
461 682 587 749 coelom
611 681 729 747 clausit
750 681 818 746 suis
841 679 936 758 votis,
961 701 1003 746 ne
1025 679 1154 764 plueret
1177 691 1244 744 tem
1262 678 1360 762 longo
1413 689 1523 745 tamen
1546 678 1690 745 ostendit
1711 677 1805 746 Deua
1828 677 1906 760 quid
1927 678 2107 764 prophetae
2129 697 2188 742 suo
2211 675 2387 742 mandave-

382 777 544 854 tempore:
569 767 685 833 deinde
708 769 832 833 coelum
854 767 922 831 suis
945 766 1030 831 votis
1054 765 1191 848 apernit,
1215 785 1317 848 quum
1341 786 1360 830 a
1412 766 1472 830 rit:
1496 767 1587 849 quasi
1610 764 1741 840 diceret,
1765 765 1818 830 Tu
1837 766 1974 849 fungere
1989 764 2095 830 officio
2111 773 2177 839 tuo,
2201 762 2388 827 memineris

382 853 455 920 Deo
478 854 621 936 pluviam
644 853 831 936 postularet.
876 851 982 916 Infert
1003 852 1104 937 igitur
1133 851 1273 916 multum
1304 871 1360 915 va·
1412 851 1490 934 quid
1514 851 1571 916 tibi
1591 852 1700 916 oneris
1729 851 1951 934 imposuerim.
1993 852 2108 917 Iussus
2142 856 2251 914 autem
2284 849 2389 912 iuerat

382 940 450 1006 lere
473 961 584 1024 preces
607 941 766 1006 iustorum
789 937 952 1016 assiduas,
982 957 1047 1002 non
1071 945 1200 1003 tentum
1224 936 1279 1001 ubi
1301 957 1360 1020 pro
1411 937 1570 1002 Ieremias
1600 935 1792 1002 denuntiare
1821 935 1942 1020 populo
1971 936 2141 1012 exsi1ium,
2176 944 2246 1000 erat
2276 953 2389 1017 praeco

383 1047 418 1106 se
444 1027 524 1109 ipsis
553 1025 708 1108 privatim
738 1035 847 1100 orant,
882 1022 939 1091 sed
970 1024 1047 1089 dum
1082 1023 1267 1106 supplicant
1301 1042 1360 1103 pro
1413 1022 1543 1087 divinae
1567 1023 1739 1089 vindictae.
1773 1022 1885 1104 Quum
1908 1044 1986 1108 ergo
2007 1021 2186 1090 sustineret
2202 1018 2283 1086 Illud
2298 1039 2389 1096 onus,

382 1111 471 1178 eliis:
503 1109 777 1194 quemadmodum
798 1108 914 1175 Helias
937 1130 1002 1174 non
1026 1109 1141 1174 hebuit
1163 1109 1359 1193 pecuIIarem
1413 1107 1525 1173 debuit
1548 1110 1682 1193 exsequi
1706 1109 1790 1192 quod
1814 1109 1907 1174 Deus
1929 1118 2148 1193 praeceperat.
2189 1107 2281 1190 Ilrgo
2303 1126 2390 1171 nuno

383 1199 434 1264 sui
456 1207 657 1280 resumtum,
692 1196 748 1263 sed
793 1195 898 1262 voluit
921 1197 981 1260 toti
1011 1195 1130 1278 populo
1158 1214 1358 1262 succurrere.
1412 1198 1562 1260 tenemus
1585 1194 1661 1277 quid
1692 1195 1753 1260 sibi
1783 1195 1887 1261 velint
1916 1195 1996 1262 haee
2026 1195 2144 1273 verba,
2177 1191 2310 1274 mete
2331 1211 2389 1256 eoo.

382 1282 520 1351 (lentum
543 1283 726 1367 igiturest,
752 1281 967 1365 patrocinium
991 1282 1053 1348 hoc
1075 1291 1263 1347 sanctorum
1291 1279 1361 1363 plu·
1414 1280 1480 1345 Sed
1502 1281 1621 1346 iterum
1645 1279 1698 1346 hic
1721 1280 1900 1346 notandum
1930 1292 1980 1346 eet
2011 1280 2094 1365 quod
2125 1291 2202 1344 ante
2234 1277 2389 1342 vidimus:

383 1370 460 1435 rimi
483 1370 553 1435 fieri
576 1389 685 1435 coram
708 1367 798 1434 Deo:
833 1377 865 1433 et
893 1366 966 1432 ideo
996 1367 1096 1433 etiam
1126 1367 1276 1434 iubemur
1305 1365 1360 1430 alii
1413 1366 1618 1431 commendet
1641 1368 1728 1432 enim
1744 1366 1836 1432 Deus
1852 1367 2028 1433 efficaciam
2045 1367 2255 1450 propheticas
2271 1362 2391 1430 doctri-

383 1456 456 1521 eliis
479 1454 566 1520 ultro
588 1462 620 1521 et
644 1454 726 1520 citro
749 1472 916 1537 exponere
939 1463 1065 1519 nostras
1081 1453 1302 1532 necessitates,
1326 1461 1361 1516 ut
1414 1472 1486 1529 nae,
1511 1452 1786 1535 quemadmodum
1810 1455 1901 1537 prius
1925 1450 2144 1528 dictaminis,
2169 1451 2337 1516 Constitui
2359 1458 2390 1513 tc

383 1551 497 1607 mutuo
517 1561 589 1606 sese
610 1560 724 1606 omnes
746 1540 869 1616 iuvent,
893 1539 998 1604 etalii
1014 1561 1072 1622 pro
1088 1539 1360 1622 aliisprecentur.
1414 1558 1514 1620 snper
1536 1549 1652 1622 gentes
1674 1551 1707 1604 et
1737 1558 1858 1623 regna,
1894 1548 1929 1602 ut
1960 1539 2090 1620 plantes
2119 1546 2152 1603 et
2181 1535 2322 1613 evellas,
2357 1546 2392 1598 nt

385 1625 452 1693 Sed
474 1627 601 1693 interea
622 1625 802 1691 notandum
826 1637 892 1702 est,
927 1647 992 1691 non
1015 1625 1132 1691 debere
1155 1622 1246 1691 reddi
1269 1644 1361 1690 secu·
1415 1624 1567 1689 aedifices
1590 1633 1622 1688 et
1644 1623 1803 1690 destrues.
1847 1623 2021 1709 Significat
2049 1643 2128 1707 ergo
2150 1621 2242 1689 Deus
2264 1631 2392 1687 tantum

384 1714 504 1790 riores,
527 1712 594 1796 ¹qui
616 1713 809 1778 existimant
830 1733 866 1777 se
887 1709 1104 1778 commendari
1128 1711 1199 1776 Deo
1222 1710 1360 1775 aliorum
1415 1729 1484 1774 esse
1508 1709 1670 1775 efficaciae
1692 1711 1727 1775 in
1750 1731 1806 1774 ore
1828 1712 1913 1776 servi
1937 1711 2006 1791 sui,
2040 1721 2077 1776 ut
2106 1711 2256 1792 quamvls
2278 1707 2393 1772 Iudaei

383 1798 541 1882 precibus.
576 1797 716 1864 Certum
739 1798 825 1862 enim
848 1807 907 1878 est,
929 1796 1201 1880 quemadmodum
1225 1809 1363 1879 prosunt
1415 1794 1585 1861 derideant
1608 1797 1678 1862 eius
1701 1796 1865 1878 vaticinia,
1888 1795 1982 1880 quasi
2004 1797 2120 1862 inanes
2136 1793 2252 1871 mines,
2275 1793 2392 1876 quibus

383 1885 510 1950 (lhristi
532 1882 689 1950 membris
712 1883 840 1966 piorum
865 1893 949 1960 vota,
973 1885 1018 1949 sic
1041 1885 1136 1948 etiem
1147 1881 1238 1962 ,nihil
1252 1882 1362 1964 impiis
1414 1891 1582 1946 terrentur
1600 1881 1762 1948 duntaxat
1783 1883 1885 1964 pueri,
1909 1892 2021 1947 temen
2040 1883 2108 1947 fore
2126 1880 2217 1966 quasi
2235 1879 2391 1944 fulmine:

384 1977 418 2036 et
451 1969 635 2054 hypocritis
667 1971 829 2053 prodesse.
882 1970 996 2054 Neque
1029 1969 1115 2035 enim
1149 1968 1240 2034 Deus
1273 1969 1362 2032 iubet
1415 1968 1551 2050 perinde
1584 1989 1622 2034 ae
1656 1970 1682 2034 si
1716 1968 1873 2034 Ieremias
1907 1968 1979 2051 ipse
2009 1988 2127 2052 magno
2160 1967 2308 2033 exercitu
2343 1967 2393 2029 in·

385 2077 446 2122 nos
470 2056 676 2138 acquiescere
698 2056 733 2120 in
756 2055 818 2122 hac
840 2054 975 2134 fiducia,
1008 2055 1094 2138 quod
1124 2055 1178 2119 alii
1208 2076 1266 2137 pro
1289 2053 1362 2119 eliis
1415 2063 1576 2131 structus,
1611 2063 1644 2118 et
1673 2055 1803 2138 magnis
1832 2055 1950 2138 copiis,
1983 2056 2139 2138 populum
2172 2054 2206 2117 in
2237 2051 2393 2116 exsilium

385 2151 574 2226 precentur:
599 2141 655 2207 sed
677 2139 768 2208 iubet
790 2162 1054 2226 unumquemque
1077 2141 1218 2224 precari:
1244 2139 1362 2206 deinde
1415 2139 1608 2223 expelleret:
1629 2139 1903 2223 quemadmodum
1918 2140 2016 2206 etiam
2031 2139 2108 2206 dicit
2120 2138 2245 2205 Paulus
2255 2137 2301 2222 (2.
2315 2135 2391 2204 Oor.

385 2229 846 2310 communicaresuaepreoes,
863 2237 895 2293 et
908 2241 983 2294 vota
1001 2248 1076 2293 enm
1094 2225 1246 2292 omnibus
1263 2225 1361 2292 eccle·
1416 2226 1466 2303 10,
1489 2224 1523 2311 5)
1546 2235 1741 2308 potestatem
1763 2226 1856 2293 nobis
1879 2247 1950 2294 esse
1973 2225 2094 2304 datam,
2118 2246 2182 2308 que
2203 2223 2393 2289 deficiamus

385 2313 632 2381 siaemembris.
655 2310 812 2396 Quisquis
824 2335 902 2399 ergo
913 2315 1004 2398 cupit
1015 2313 1076 2379 sibi
1096 2313 1249 2395 prodesse
1268 2332 1362 2379 sanc·
1414 2332 1543 2376 omnem
1567 2311 1776 2378 altitudInem
1798 2333 1880 2396 quae
1903 2334 1937 2378 se
1960 2312 2089 2377 extollit
2104 2310 2263 2376 adversus
2278 2309 2393 2374 Obris-

386 2409 496 2466 torum
514 2420 638 2483 preces,
660 2398 716 2464 ille
737 2400 836 2465 etiam
860 2397 1007 2484 adiungit
1030 2421 1116 2465 suas.
1151 2399 1279 2464 Verum
1302 2407 1361 2472 est,
1415 2397 1495 2462 tum.
1552 2397 1663 2479 Quum
1697 2409 1806 2463 autern
1848 2407 1975 2464 tantum
2016 2397 2202 2463 autoritatis
2243 2392 2395 2461 vendicet

386 2487 500 2565 lateor,
513 2483 686 2569 ailquendo
698 2485 852 2568 prodesse
862 2493 1048 2550 sanctorum
1061 2497 1136 2550 vota
1145 2483 1242 2550 etiam
1254 2483 1362 2566 impiis
1417 2483 1506 2549 Deus
1530 2483 1737 2567 propheticae
1760 2483 1938 2562 doctrinae,
1962 2485 2089 2568 quoties
2108 2485 2252 2547 mInatur
2270 2499 2394 2564 poenas

386 2580 421 2639 et
431 2571 606 2636 extraneis.
629 2569 744 2654 Neque
756 2570 844 2636 enim
856 2591 1059 2655 supervacua
1077 2572 1139 2636 tuit
1151 2570 1276 2636 Christi
1292 2590 1364 2652 pre·
1416 2569 1610 2650 incredulis,
1644 2571 1784 2638 sciamus
1811 2572 1918 2636 ctiam
1937 2570 1998 2636 hoc
2033 2569 2149 2635 debere
2183 2566 2319 2633 extendi
2354 2565 2394 2628 ad

386 2658 481 2733 catio,
500 2655 601 2722 Pater
616 2656 747 2740 ignosce
762 2656 844 2722 illis:
868 2658 1016 2724 nesciunt
1030 2659 1118 2722 euim
1134 2655 1212 2739 qnid
1228 2656 1362 2722 iaciunt.
1416 2655 1531 2720 salutis
1558 2657 1799 2738 promIssiones.
1845 2657 1974 2721 Rursus
2003 2657 2115 2740 itaque
2145 2654 2272 2737 quoties
2303 2651 2395 2716 Deus

386 2743 455 2810 Nee
471 2751 559 2809 certe
574 2761 706 2825 operam
725 2743 805 2807 lusit
816 2741 1016 2826 Stephanus,
1034 2763 1136 2826 quum
1153 2741 1241 2808 idem
1252 2761 1364 2825 preca·
1416 2740 1512 2806 offert
1535 2740 1628 2806 nobis
1650 2742 1791 2827 gretiam
1813 2763 1872 2824 per
1900 2742 2125 2826 evangelium,
2160 2752 2195 2806 et
2224 2761 2259 2804 se
2287 2737 2397 2821 propi·

386 2839 442 2896 tus
460 2839 520 2895 est.
547 2828 592 2893 Et
611 2827 753 2895 libenter
766 2829 864 2893 etiam
878 2829 999 2913 recipio
1014 2828 1100 2912 quod
1116 2828 1196 2895 dicit
1206 2827 1363 2912 Augusti·
1418 2827 1499 2891 tium
1514 2826 1608 2892 nobis
1624 2829 1691 2892 lore
1708 2837 1856 2907 testatur,
1876 2827 2017 2894 sciamus
2035 2825 2142 2892 coelos
2158 2823 2397 2909 quodammodo

386 2936 460 2994 nus,
482 2914 622 2981 Paulum
646 2915 735 2980 inter
752 2915 832 2980 alios
850 2913 1010 2981 donatum
1028 2915 1129 2980 fuisse
1148 2911 1364 2998 Stephan01).
1420 2913 1511 2978 nobis
1534 2913 1670 2996 aperirI:
1695 2934 1754 2979 nec
1777 2913 1875 2979 aliam
1894 2913 2101 2980 certitudinis
2119 2913 2281 2978 rationem
2300 2928 2397 2993 quae·

386 3000 455 3068 Sed
466 3001 530 3066 iam
544 2998 673 3084 disputo
684 2999 763 3084 quid
774 3001 867 3068 nobis
876 3000 1040 3085 agendum
1051 3002 1094 3066 sit
1104 3021 1205 3084 quum
1216 2999 1366 3065 andimus
1419 3019 1530 3064 ramus
1553 3019 1651 3083 quam
1673 3000 1705 3064 in
1729 2999 1786 3065 illo
1808 2999 2003 3065 testimonio.
2041 2995 2174 3080 Quare?
2199 3017 2274 3062 nem
2298 2995 2397 3063 sicuti

387 3085 496 3151 iuvari
519 3106 577 3150 nos
600 3087 750 3169 precibus
778 3087 926 3152 omnium
954 3097 1155 3167 sanctornm,
1189 3107 1307 3169 nempe
1330 3095 1367 3150 ut
1419 3084 1494 3149 data
1516 3085 1577 3150 suit
1592 3085 1760 3169 prophetis
1779 3085 1859 3151 haec
1877 3095 2022 3169 potestas
2039 3084 2163 3170 ligandi
2183 3094 2217 3148 et
2235 3080 2397 3158 solvendi,

388 3171 526 3254 quisque
548 3183 682 3235 strenue
704 3171 739 3234 in
763 3180 874 3253 partes
895 3193 972 3237 suas
997 3173 1178 3252 incumbat,
1212 3181 1244 3236 et
1273 3191 1367 3255 prae·
1418 3172 1465 3237 sic
1487 3171 1586 3236 etiam
1609 3171 1706 3238 hodie
1735 3171 1890 3237 ecclesIae
1921 3171 2081 3237 ministris
2111 3168 2224 3235 eadem
2254 3179 2398 3252 potestas

389 3263 479 3320 stare
512 3254 641 3320 studeat
673 3255 945 3332 sollicitudinem,
986 3267 1019 3321 et
1052 3277 1165 3322 curam
1198 3256 1366 3340 iratribus,
1419 3257 1495 3322 data
1517 3265 1575 3334 est,
1603 3277 1720 3340 nempe
1743 3267 1780 3322 nt
1802 3257 1843 3322 ad
1866 3258 2006 3323 salutem
2030 3258 2173 3324 invitent
2194 3276 2250 3320 eos
2272 3274 2399 3326 omnes,

391 3360 490 3424 quem
511 3339 553 3404 ab
575 3339 654 3422 ipsis
677 3341 820 3406 vicissim
843 3342 976 3425 expetit.
1020 3342 1093 3408 Hoc
1115 3343 1216 3427 igitur
1238 3351 1366 3408 contro·
1418 3343 1473 3426 qui
1498 3341 1606 3409 adhuc
1636 3352 1715 3409 sunt
1741 3341 1916 3410 sanabiIes:
1951 3353 1984 3409 et
2018 3342 2213 3409 denuntient
2243 3340 2400 3407 ultimum

389 3428 499 3492 versia
521 3433 620 3505 earet,
643 3445 709 3490 non
733 3437 863 3491 tantum
885 3426 1042 3512 singulos,
1064 3448 1122 3511 pro
1145 3449 1180 3494 se
1202 3429 1282 3510 ipsis
1301 3428 1365 3512 pri·
1418 3429 1589 3494 interitum
1623 3428 1770 3512 reprobIs
1802 3441 1835 3493 et
1874 3428 2046 3495 obstinatis
2083 3429 2117 3494 in
2158 3449 2219 3494 sue
2260 3426 2400 3504 malitia,

390 3513 491 3578 vatim
516 3511 593 3576 dum
623 3521 732 3588 orant,
762 3510 927 3594 exaudiri,
958 3513 1015 3580 sed
1044 3513 1196 3597 prodesse
1226 3514 1311 3580 ultro
1335 3521 1367 3594 et
1418 3513 1690 3596 quemadmodum
1722 3514 1841 3580 dIcitur
1870 3536 1889 3580 a
1919 3514 2053 3581 Christo
2083 3513 2179 3600 (Mat.
2213 3514 2263 3590 16,
2295 3512 2337 3577 19
2368 3521 2401 3574 et

389 3599 471 3665 citro
494 3617 606 3681 preces
629 3606 816 3662 sanctorum
839 3599 937 3665 etiem
960 3600 1041 3666 aliis.
1083 3597 1150 3667 Sed
1172 3599 1366 3683 plusquam
1421 3598 1564 3685 18,18),
1597 3599 1824 3684 Quodcunque
1847 3601 2029 3686 ligaveritis
2056 3602 2090 3666 in
2121 3609 2224 3678 terre,
2259 3598 2400 3682 ligatum

390 3683 519 3750 ridiculi
541 3690 621 3748 sunt
641 3683 796 3764 papistae,
829 3682 905 3749 dum
930 3685 991 3751 boc
1013 3685 1151 3751 trahunt
1172 3685 1213 3751 ed
1236 3691 1367 3752 sanctos
1418 3686 1483 3751 erit
1504 3687 1538 3749 in
1568 3685 1681 3750 coelis:
1716 3696 1749 3751 et
1781 3686 1999 3770 quodcunque
2033 3686 2198 3752 solveritis
2231 3686 2266 3749 in
2301 3693 2400 3758 terra,

390 3777 547 3834 mortuos.
587 3768 710 3834 Mortui
733 3777 828 3834 erant
848 3770 957 3837 Moses
980 3780 1014 3836 et
1035 3771 1181 3849 Samuel,
1204 3772 1368 3854 inquiunt,
1419 3771 1563 3837 solutum
1586 3771 1684 3836 etiam
1707 3773 1770 3838 crit
1792 3774 1826 3836 in
1855 3773 1963 3838 coelis.
2009 3773 2124 3856 Neque
2152 3773 2240 3837 euim
2271 3779 2402 3834 tantum

389 3875 491 3937 quum
510 3855 601 3920 Dens
620 3852 681 3920 hoc
703 3857 946 3938 pronuntIavit:
972 3877 1086 3922 verum
1104 3867 1170 3925 est:
1193 3879 1272 3942 ergo
1289 3867 1368 3923 tuno
1418 3857 1543 3942 ligandi
1566 3857 1719 3922 mandato
1741 3859 1900 3924 instruxit
1919 3857 2103 3941 apostolos,
2132 3856 2190 3922 sed
2212 3857 2313 3922 etiam
2337 3855 2402 3920 sol·

390 3938 538 4006 orabant.
573 3939 818 4023 Consequentia
839 3940 938 4025 digna
954 3941 1072 4008 talibus
1087 3944 1261 4027 magistris,
1284 3964 1367 4026 quae
1420 3943 1526 4008 vendi.
1572 3943 1617 4008 Et
1640 3943 1763 4008 Paulus
1784 3945 1883 4008 etiam
1906 3965 2006 4028 quum
2030 3964 2123 4010 suem
2145 3943 2237 4008 illam
2258 3952 2402 4025 potesta·

392 4023 588 4092 tantundem
611 4024 698 4089 valet
721 4047 758 4092 ac
781 4025 909 4092 ruditus
938 4027 1032 4092 asini.
1076 4028 1161 4093 Nam
1192 4030 1284 4095 Deus
1314 4028 1368 4095 hio
1419 4036 1485 4094 tem
1509 4041 1576 4094 tem
1597 4029 1770 4113 magnifice
1787 4027 1963 4113 praedicet,
1986 4029 2154 4115 adiungit:
2179 4029 2244 4095 Ubi
2262 4027 2404 4111 impleta

391 4110 626 4196 prosopopoeia
647 4110 769 4188 utitur,
800 4133 837 4178 ac
859 4112 887 4178 si
910 4111 1049 4179 dicaret:
1084 4112 1120 4180 Si
1144 4135 1233 4181 nunc
1255 4136 1367 4198 super·
1419 4115 1518 4180 luerit
1541 4123 1650 4180 vestra
1672 4114 1859 4181 obedientia
1880 4114 1925 4200 (2.
1948 4113 2022 4181 Oor.
2049 4117 2099 4192 10,
2123 4114 2171 4201 6):
2196 4114 2290 4198 quasi
2315 4112 2402 4179 dioe-

391 4198 486 4264 stites
508 4205 618 4263 essent
641 4196 752 4262 Moses
773 4207 808 4262 et
829 4197 973 4281 Samuel,
1002 4209 1091 4264 etse
1113 4200 1367 4283 interponerent,
1420 4208 1470 4263 ret
1503 4201 1713 4284 evangelium
1747 4221 1812 4265 non
1845 4200 2028 4283 praedicari
2062 4215 2191 4267 tantum
2234 4201 2269 4264 in
2314 4201 2405 4264 bunc

393 4303 454 4366 ego
494 4294 605 4347 tamen
644 4281 784 4347 manebo
816 4283 1041 4367 implacabilis.
1097 4284 1181 4350 Nam
1216 4284 1368 4352 Ezechiel
1420 4284 1528 4360 finem,
1552 4293 1589 4350 ut
1611 4284 1705 4350 cedat
1727 4287 1874 4369 reprobis
1895 4286 1928 4351 in
1947 4299 2096 4367 mortem,
2117 4286 2175 4354 sed
2195 4307 2267 4352 esse
2285 4287 2404 4351 salutis

391 4367 566 4434 Danielem
591 4367 745 4446 nominat,
768 4368 825 4450 qui
840 4378 919 4434 tunc
934 4368 1083 4436 vivebat:
1107 4371 1255 4435 nominat
1269 4371 1368 4436 etiem
1421 4370 1539 4455 pignus
1561 4371 1710 4437 omnibus
1734 4372 1863 4451 electis,
1896 4381 1930 4437 et
1959 4374 2016 4456 qui
2046 4374 2293 4457 amplectuntur
2323 4392 2404 4439 vera

391 4453 462 4520 Iob.
509 4452 668 4517 Videmus
691 4473 769 4536 ergo
792 4453 846 4519 hic
869 4475 935 4520 non
959 4454 1099 4523 discerni
1123 4456 1216 4521 vivos
1240 4479 1258 4520 a
1282 4476 1367 4520 mor·
1419 4455 1484 4520 fide
1506 4456 1737 4539 promissiones
1758 4457 1820 4522 siti
1840 4457 1977 4524 oblatas.
2010 4457 2082 4524 Iem
2106 4460 2279 4525 confirmat
2300 4459 2404 4523 etiam

392 4541 468 4606 tols.
514 4541 565 4604 Ac
587 4536 724 4622 proinde
747 4539 845 4604 nimis
867 4541 988 4625 stupidi
1020 4549 1054 4606 et
1075 4540 1191 4606 insulsi
1213 4551 1291 4606 sunt
1312 4562 1367 4624 pa·
1421 4540 1512 4606 illam
1535 4541 1749 4619 sententiam,
1784 4541 1823 4607 Si
1850 4543 2003 4624 (immet,
2037 4565 2096 4626 qao
2117 4543 2296 4610 exibimus?
2332 4549 2407 4608 terte

393 4628 507 4712 pistae,
530 4623 610 4690 dum
631 4624 679 4688 ite
702 4634 878 4708 nugantur,
909 4637 1055 4692 mortuos
1077 4646 1135 4709 pro
1157 4627 1244 4692 visis
1266 4645 1368 4705 orare,
1421 4627 1504 4692 dices
1524 4627 1600 4702 illie,
1627 4627 1689 4708 Qui
1710 4629 1753 4693 ad
1774 4634 1912 4712 mortem,
1935 4629 1976 4694 ad
2000 4640 2160 4696 mortem:
2191 4633 2246 4713 qui
2269 4630 2311 4695 ad
2334 4629 2406 4716 gla-

393 4713 548 4798 quoniam
571 4710 611 4775 de
634 4707 728 4775 Mose
750 4716 783 4773 et
805 4709 960 4776 Samuele
982 4712 1043 4777 hoc
1066 4710 1187 4778 dictum
1210 4712 1263 4777 sit.
1296 4713 1368 4798 Ego
1422 4712 1522 4795 dium,
1546 4712 1586 4777 ed
1610 4711 1773 4795 gladium:
1807 4716 1861 4795 qui
1884 4714 1924 4779 ad
1948 4714 2078 4794 famem,
2109 4716 2150 4781 ad
2174 4715 2312 4780 famem:
2349 4715 2406 4797 qni

393 4819 462 4866 non
484 4797 628 4864 multum
650 4793 767 4860 insisto
790 4795 825 4859 ln
845 4793 1024 4862 refellenda
1046 4796 1103 4862 ille
1124 4797 1263 4875 inscitia,
1289 4817 1369 4879 quo·
1422 4796 1464 4862 ad
1486 4797 1658 4876 exsilium,
1692 4798 1732 4862 ed
1762 4798 1934 4865 exsi1ium:
1969 4803 2061 4884 quasi
2092 4799 2231 4880 diceret,
2265 4801 2408 4866 Frustra

394 4886 483 4951 niam
505 4905 564 4967 per
587 4903 623 4949 se
651 4880 720 4945 fero
749 4879 932 4948 evanescit:
966 4881 1082 4948 saltem
1112 4883 1231 4950 sufficit
1259 4882 1369 4948 brevis
1422 4891 1603 4966 querentur
1632 4882 1673 4948 de
1701 4885 1769 4950 suis
1796 4886 1946 4951 miseriis.
1998 4885 2116 4970 Neque
2148 4887 2237 4953 enim
2269 4886 2405 4953 dubium

393 4971 581 5050 admonitio,
607 4988 649 5033 ne
672 4965 745 5050 quie
767 4966 827 5031 tali
850 4967 966 5034 cavillo
989 4967 1130 5034 fallatur.
1175 4968 1295 5034 Postea
1316 4969 1368 5033 iu·
1424 4977 1489 5045 est,
1522 4969 1600 5052 quin
1635 4971 1817 5052 respexerit
1851 4971 1944 5037 Deus
1978 4971 2019 5036 ad
2053 4975 2262 5056 obstreperas
2296 4991 2407 5050 voces,

394 5057 449 5122 bet
471 5054 665 5140 prophetam
685 5051 825 5119 abiicere
841 5051 1016 5136 populum:
1038 5051 1156 5132 Abilae,
1179 5053 1294 5137 inquit,
1318 5053 1371 5119 vel
1423 5073 1507 5137 quae
1525 5053 1727 5137 spargendae
1750 5068 1844 5121 erant
1866 5059 1900 5122 in
1923 5058 2044 5142 populo
2062 5059 2097 5124 in
2116 5059 2323 5143 gravissimis
2341 5057 2408 5122 illis

395 5141 522 5227 expelle
544 5163 565 5207 o
585 5141 666 5222 facie
688 5157 765 5205 mec.
804 5139 879 5204 Non
900 5137 1035 5204 dubium
1058 5148 1117 5218 est,
1141 5139 1219 5222 quin
1243 5139 1369 5223 vulgari
1423 5140 1673 5207 calamitatibus.
1726 5141 1783 5207 Sic
1813 5142 1901 5207 enim
1931 5145 2037 5209 solent
2065 5144 2267 5229 hypocritae.
2319 5144 2408 5209 Nam

397 5273 600 5284 ---..
1424 5226 1616 5309 quantisper
1639 5227 1744 5308 parcit
1767 5227 1832 5293 illis
1854 5226 1957 5306 Deus,
1988 5231 2128 5312 superbe
2149 5230 2312 5296 insultant
2335 5250 2407 5314 pro·

483 5331 505 5398 ¹)
522 5329 635 5400 Auget
653 5327 738 5384 serm.
758 5328 773 5382 1
792 5328 826 5382 ds
844 5325 959 5391 Sancus,
978 5323 1007 5377 in
1025 5323 1095 5378 testo
1113 5321 1139 5376 S.
1158 5323 1299 5394 Stephani.
1424 5311 1549 5393 phetis,
1583 5321 1615 5376 et
1643 5311 1802 5377 iactanter
1831 5315 1930 5378 etiam
1958 5316 2132 5397 proferunt
2161 5336 2222 5381 sue
2250 5315 2409 5390 subsidia,
