5158 6124
213 491 276 557 381
914 491 963 557 ΙΝ
986 491 1236 558 IEREMIAM.
1280 491 1380 558 CAP.
1403 491 1521 556 XXII.
2155 492 2220 559 382

305 679 355 744 11.
384 679 468 760 Quin
490 679 537 746 aio
561 678 638 746 dicit
654 678 793 745 Iehoeut
809 679 852 746 ad
869 679 994 745 Sollion
1011 679 1076 765 (vel
1092 699 1193 763 super
1244 699 1279 744 se
1302 699 1403 764 usque
1426 681 1461 745 in
1483 678 1690 745 millesimam
1722 679 1966 763 generationem
1997 680 2065 745 lore
2093 681 2220 748 miseri·

215 764 1193 851 Sallumffittamlootaereptsletodot,quirepaotproloata
1244 763 1374 830 eordem
1405 785 1484 849 erga
1516 785 1586 841 eos,
1621 765 1677 846 qui
1709 764 1816 847 ipsum
1846 763 2003 849 diligunt:
2037 767 2093 832 sed
2126 768 2219 851 impii

207 855 303 934 putre
324 870 398 930 suo,
428 850 552 931 quando
574 849 663 934 (uus
685 861 736 916 ast
758 851 890 934 quidem
913 852 1105 934 relativum,
1134 849 1192 915 sed
1244 869 1415 933 perperam
1437 850 1499 916 hoe
1522 850 1701 933 arripiunt,
1733 851 1826 933 qnasi
1853 850 1962 932 ipsum
1985 860 2136 917 tenerent
2157 854 2219 920 sibi

215 958 281 1004 non
305 935 418 1003 dubito
440 937 521 1018 quin
536 950 686 1002 sumatur
701 935 755 1002 hio
770 957 830 1020 pro
848 935 1001 1003 adverbio
1020 937 1192 1019 temporis:
1245 936 1446 1002 devinetum.
1491 937 1576 1002 Nam
1605 937 1653 1001 ita
1681 935 1905 1019 imaginantur
1933 955 1968 1001 se
2001 957 2095 1021 posse
2124 937 2219 1004 illum

214 1035 249 1088 et
270 1022 344 1088 ideo
366 1020 543 1088 obseurant
566 1043 700 1087 sensum
722 1023 928 1105 interpretes,
949 1021 1028 1086 dum
1047 1031 1191 1100 vertunt,
1244 1041 1367 1087 exuere
1396 1034 1429 1087 et
1462 1023 1624 1104 potentIa,
1658 1030 1692 1086 et
1720 1020 1856 1098 indieio,
1890 1029 1924 1086 et
1956 1023 2094 1106 Imperio
2120 1024 2218 1090 etiam

216 1107 272 1191 qni
296 1127 447 1192 egressus
469 1116 534 1186 est,
563 1117 595 1172 et
623 1117 787 1192 eoguntur
817 1107 935 1173 deinde
963 1117 1092 1173 mutare
1121 1127 1193 1173 sen·
1245 1107 1369 1172 mundi.
1413 1107 1505 1176 Haeo
1526 1107 1627 1192 igitur
1647 1126 1777 1173 summa
1803 1117 1868 1188 est,
1895 1107 1984 1190 quod
2015 1109 2136 1175 frustra
2157 1111 2219 1178 sibi

216 1213 290 1260 sum
313 1193 423 1259 verbi:
453 1192 511 1258 sed
534 1191 596 1258 hoo
618 1195 739 1275 optime
761 1195 842 1270 fluit,
864 1203 897 1258 et
918 1213 1014 1277 saepe
1037 1193 1193 1276 aooipitur
1244 1192 1383 1258 salutem
1412 1193 1575 1275 promittit
1604 1190 1750 1271 Sallnm,
1780 1193 1856 1275 quia
1883 1194 2075 1278 progenitus
2104 1195 2146 1260 sit
2174 1216 2219 1261 ex

215 1299 274 1362 pro
294 1277 450 1363 Quando)
472 1297 615 1364 egressus
634 1279 732 1361 fuerit
753 1299 792 1344 ee
812 1278 868 1346 hoe
890 1279 963 1361 loeo,
985 1299 1048 1344 nou
1066 1284 1193 1344 reuerte-
1244 1285 1356 1345 saneto
1378 1297 1456 1361 rege
1477 1279 1575 1358 Iosia,
1597 1278 1654 1361 qui
1677 1278 1845 1360 exemplar
1867 1279 1973 1345 fuerat
1988 1279 2128 1348 eximiae
2150 1283 2218 1364 pie·

213 1363 436 1447 peramplius.
927 1381 930 1388 ·
1244 1364 1329 1430 tatis.
1374 1363 1489 1448 Neque
1511 1364 1599 1430 enim
1621 1363 1683 1429 hoe
1704 1363 1870 1448 impediet,
1892 1384 1956 1447 quo
1976 1366 2088 1432 minus
2110 1368 2219 1451 gravi·

303 1451 353 1515 12.
378 1449 536 1530 Quoniam
553 1451 588 1514 ia
602 1449 666 1516 loco
681 1450 724 1516 ud
738 1469 828 1532 quem
844 1451 1062 1517 trumheleriat
1076 1451 1191 1535 ipsum,
1245 1457 1295 1515 ter
1317 1449 1488 1533 puniatur,
1516 1451 1592 1534 quia
1614 1449 1738 1516 seilieet
1760 1450 1971 1534 degeneravit
1993 1470 2013 1514 a
2035 1458 2127 1534 patre
2150 1472 2219 1534 suo,

215 1536 284 1602 illie
304 1536 466 1618 munim,
489 1540 518 1600 et
537 1540 654 1601 terrum
675 1534 755 1602 hano
774 1556 836 1601 uon
857 1536 972 1602 videbit
992 1536 1140 1618 ampliate.
1245 1555 1343 1618 quem
1365 1534 1522 1602 debuerat
1544 1536 1676 1612 Imitari,
1700 1555 1801 1618 quum
1817 1537 1915 1600 soit-et
1930 1535 2002 1601 Deo
2025 1537 2129 1603 luisse
2146 1557 2220 1622 pro·

1245 1621 1368 1686 batum.
1413 1621 1458 1686 lllt
1479 1622 1561 1686 haee
1581 1621 1681 1686 etiam
1705 1640 1802 1686 eausa
1824 1630 1874 1686 est
1895 1623 2113 1704 repetitionis,
2143 1625 2219 1707 qnia

302 1705 402 1787 Quod
421 1705 461 1772 de
477 1704 629 1772 omnibus
644 1706 715 1770 sine
737 1707 930 1791 exceptione
948 1707 1085 1786 dixerat,
1104 1725 1194 1772 nuno
1245 1727 1310 1771 non
1333 1709 1465 1772 tantum
1487 1716 1583 1773 vooat
1604 1706 1710 1770 lilium
1733 1706 1852 1787 losiae,
1880 1711 1937 1772 sed
1960 1707 2055 1790 dicit,
2089 1709 2152 1790 Qut
2172 1731 2219 1776 re·

217 1792 344 1858 oonlert
365 1791 508 1876 proprie,
537 1792 591 1858 vel
614 1790 822 1877 peeuliariter
845 1793 879 1857 in
902 1813 1073 1876 personam
1096 1794 1193 1877 regis,
1242 1797 1319 1876 pout
1341 1813 1403 1875 pro
1421 1797 1515 1874 putre
1542 1811 1602 1857 auo
1630 1790 1732 1858 Iustu.
1783 1792 1929 1858 Tametsi
1955 1813 2033 1878 ergo
2061 1796 2220 1861 suoeeesit

214 1887 252 1943 ut
279 1881 369 1943 certo
392 1887 571 1962 agnosoant
600 1878 720 1961 plebeii
751 1877 900 1944 homines
933 1901 968 1945 ee
1000 1900 1067 1943 non
1099 1899 1194 1962 posse
1246 1887 1314 1943 tam
1337 1879 1391 1962 pio
1415 1879 1502 1963 regi,
1531 1879 1609 1960 quia
1630 1887 1741 1942 tamen
1764 1886 1814 1943 eet
1837 1879 1994 1964 degener,
2024 1886 2058 1944 ot
2080 1880 2220 1946 deseivit

214 1963 360 2047 effugere
381 1983 521 2047 poenam
545 1963 651 2042 illam,
682 1985 702 2029 a
731 1983 796 2046 qua
825 1985 867 2030 ne
888 1984 948 2030 rex
969 1963 1101 2047 quidem
1123 1965 1194 2048 ipse
1246 1963 1389 2047 epatris
1411 1966 1463 2029 sni
1486 1962 1652 2046 exemplo:
1684 1961 1758 2028 [deo
1780 1983 1876 2045 wion
1897 1983 2039 2048 epresuta
2060 1966 2160 2048 fuerit
2181 1985 2220 2032 ex

212 2050 346 2115 futurus
376 2059 447 2114 erat
476 2049 641 2114 immunis.
686 2050 756 2116 Neo
781 2048 916 2115 dublum
945 2059 995 2116 est
1024 2049 1104 2132 quin
1133 2049 1193 2117 hoe
1245 2048 1300 2114 too
1328 2049 1408 2129 boo,
1436 2069 1498 2116 non
1526 2048 1780 2115 remanetur
1808 2051 1956 2131 amplius.
2001 2050 2113 2132 Quum
2142 2071 2221 2136 ergo

218 2141 378 2217 tanquam
401 2134 586 2218 prodigium
609 2134 799 2213 reieoerint,
830 2156 929 2219 quum
952 2135 1104 2200 audirent
1126 2142 1194 2201 tam
1245 2134 1431 2200 exoiuditur
1456 2156 1515 2200 rex
1541 2157 1562 2200 a
1588 2133 1711 2210 reditu,
1742 2135 1820 2218 quid
1849 2136 1908 2201 flet
1937 2135 2050 2220 vulgo,
2076 2144 2111 2202 et
2139 2137 2221 2203 laeei

215 2219 329 2286 duram
353 2229 386 2286 et
409 2219 559 2286 aoerbam
590 2221 658 2286 lore
687 2230 808 2287 sortem
833 2221 930 2306 regie.
978 2219 1042 2287 Sed
1065 2221 1102 2286 in
1124 2223 1195 2287 eius
1246 2219 1373 2305 plebis?
1403 2241 1445 2285 an
1468 2220 1585 2286 melior
1612 2221 1677 2286 erit
1697 2221 1841 2302 ipsorum
1864 2220 2029 2286 eonditio?
2060 2222 2221 2305 quomodo

212 2327 354 2389 persona
382 2306 487 2373 voluit
514 2305 688 2372 ostendere
710 2306 866 2373 Ieremias
892 2308 1017 2372 instare
1043 2305 1194 2373 omnibus
1246 2307 1348 2388 igitur
1376 2305 1542 2372 audebunt
1567 2306 1681 2372 Iudaei
1718 2306 1825 2372 laoere
1857 2307 1920 2374 sibi
1948 2305 2091 2385 delitias,
2120 2327 2220 2390 quum

215 2391 302 2475 quod
325 2412 431 2474 nuper
452 2391 613 2469 vidimus,
641 2412 758 2475 nempe
787 2401 824 2457 nt
850 2392 916 2459 illis
938 2400 1121 2476 praestaret
1143 2413 1193 2458 se·
1248 2390 1515 2458 animadvertant
1536 2392 1617 2457 adeo
1640 2391 1795 2458 horribile
1819 2391 2049 2459 doeumentum
2071 2393 2141 2458 irae
2156 2393 2221 2458 Dei

214 2477 279 2544 mel
301 2481 399 2555 mori,
429 2497 527 2559 quam
560 2477 680 2544 diutius
708 2478 872 2563 languere.
916 2477 1048 2543 Interea
1076 2481 1193 2542 notan-
1247 2477 1282 2541 in
1304 2477 1374 2560 ipso
1396 2497 1483 2563 rege,
1507 2476 1593 2542 unde
1610 2477 1775 2561 pendebat
1792 2497 1902 2542 eornm
1927 2476 2036 2544 salus?
2060 2477 2221 2562 Sequitur

217 2563 296 2629 dum
318 2571 379 2642 est,
407 2563 461 2630 hio
490 2584 555 2628 non
579 2563 641 2630 diei
672 2564 712 2629 de
742 2583 819 2646 rege
841 2563 927 2647 quod
949 2565 1118 2630 continent
1138 2563 1193 2629 isti
1246 2563 1460 2642 eonfirmatio,
1486 2563 1642 2645 Quoniam
1660 2564 1809 2629 morietur
1831 2564 1866 2628 ia
1883 2563 1953 2643 loco,
1976 2563 2019 2627 ad
2040 2583 2130 2644 quem
2151 2585 2221 2630 uem

217 2649 282 2715 dno
305 2668 435 2726 versus,
458 2650 551 2731 qnasi
573 2650 607 2713 in
631 2650 738 2732 ipsum
762 2649 868 2715 solum
891 2658 1106 2732 oompeteret:
1136 2649 1194 2715 sad
1245 2649 1469 2715 bomiulertat.
1504 2647 1675 2732 Significat
1699 2649 1858 2714 violenter
1878 2658 2062 2731 correptum
2086 2650 2136 2728 iri,
2159 2671 2221 2718 neo

213 2735 330 2818 potius,
363 2736 557 2819 utquisque
586 2734 628 2799 ad
655 2755 691 2800 se
713 2734 892 2818 applicaret
919 2736 1004 2818 qnod
1033 2735 1195 2819 propheta
1246 2742 1334 2800 esrte
1363 2735 1411 2799 ita
1438 2735 1537 2800 eaesit
1565 2735 1645 2817 quin
1675 2733 1802 2799 videret
1831 2735 2016 2800 nenessitati
2039 2734 2221 2817 parendum

215 2819 344 2885 dleehat
374 2819 415 2886 de
444 2841 521 2904 rege
543 2819 622 2886 solo.
667 2819 837 2902 Quantum
860 2822 979 2888 attinet
1008 2822 1050 2886 ad
1073 2841 1194 2886 nomen
1247 2839 1326 2885 esse.
1378 2820 1469 2903 Ergo
1497 2819 1657 2902 propheta
1686 2819 1850 2902 signifieat
1877 2821 1945 2885 lore
1972 2819 2131 2884 miserum
2161 2842 2221 2886 ex·

216 2904 356 2982 Sullam,
386 2906 577 2972 existimant
606 2907 654 2971 ita
675 2911 827 2971 voeatum
854 2907 953 2972 luisse
975 2905 1115 2986 Ioakim,
1138 2907 1193 2990 qul
1246 2905 1369 2985 sulem,
1412 2905 1468 2988 qni
1512 2904 1662 2970 trahetur
1703 2914 1834 2986 praeter
1871 2905 1969 2970 animi
2010 2907 2219 2972 sententiam.

216 2999 249 3058 et
271 2990 447 3057 Ieohoniae
469 2991 576 3057 dietus
597 3001 654 3069 est,
679 2993 735 3075 qui
758 2999 874 3074 sponte
896 3012 1000 3077 regno
1023 2994 1130 3071 oessit,
1160 3001 1193 3057 et
1245 2989 1377 3056 Deinde
1399 2989 1490 3056 addit
1511 2991 1578 3056 illio
1598 2991 1795 3066 morituram,
1818 2995 1852 3054 ut
1873 2991 2011 3073 emptitia
2031 3010 2096 3057 noa
2117 2992 2221 3058 metent

213 3087 364 3143 mortuus
394 3085 446 3142 est
474 3077 510 3142 in
539 3077 664 3144 exsilio.
717 3075 783 3144 Sed
822 3077 906 3160 qnod
936 3085 1073 3144 voantur
1104 3077 1192 3144 filius
1245 3082 1361 3142 terram
1393 3095 1470 3141 saue
1502 3077 1691 3156 nativitatie,
1725 3076 1787 3142 hoo
1820 3086 1886 3154 est,
1923 3075 2026 3141 nihilo
2058 3077 2220 3160 potiorem

213 3161 338 3239 Iosiae,
372 3164 596 3245 quaestionem
630 3163 727 3247 parit.
781 3163 869 3228 Nam
909 3163 937 3229 si
976 3163 1193 3247 expendimus
1244 3162 1312 3227 lore
1341 3171 1462 3227 sortem
1490 3161 1591 3239 illins,
1619 3181 1716 3244 quam
1739 3160 1951 3228 ouiuslibete
1980 3161 2088 3228 media
2116 3162 2220 3246 plebe.

216 3246 303 3330 quod
337 3257 451 3313 narrat
483 3266 577 3314 saera
609 3247 765 3327 historia,
797 3247 973 3332 probabilis
1006 3249 1193 3314 ooniootnra
1245 3245 1415 3330 Sequitur,

213 3335 278 3398 erit
300 3353 368 3399 non
390 3333 493 3400 inisse
514 3333 631 3417 filium,
654 3332 711 3400 sed
733 3345 884 3418 nepotem
907 3334 1025 3418 potius.
1059 3333 1193 3401 Dtoitur

214 3419 304 3484 enim
334 3438 502 3486 sueoessor
535 3418 658 3484 eloetus
691 3420 793 3501 patris
826 3420 878 3484 eui
907 3419 1038 3485 Ioakim
1072 3420 1128 3502 qui
1160 3427 1193 3484 et
1595 3469 1602 3483 .
1699 3470 1705 3482 .
2095 3471 2105 3484 .

214 3505 372 3572 Elialxim.
415 3506 561 3570 Rursum
595 3511 708 3570 tamen
738 3504 926 3571 Matthaeus
955 3507 1059 3570 lilium
1085 3504 1193 3571 Iosiae
1243 3467 1793 3653 Μαξὲ·(ᾆῑ“ζὲιῗᾬίζξῗὲςξαξι
1809 3469 2070 3620 mmm
2090 3490 2131 3620 ἐι
2158 3491 2221 3621 m

212 3600 329 3657 voeat:
357 3601 391 3656 et
414 3591 544 3673 quidem
574 3587 615 3654 ab
636 3611 674 3656 eo
697 3591 864 3675 genitum,
896 3612 964 3656 una
990 3611 1063 3656 eum
1085 3591 1193 3656 iratri-
1251 3641 1257 3654 .
1309 3641 1343 3654 ..
1567 3641 1573 3654 .
1780 3641 1786 3654 .
1985 3640 1992 3653 .
2201 3641 2207 3654 .

211 3677 283 3742 bns,
336 3677 464 3742 verum
494 3676 617 3742 seimus
646 3675 812 3742 ,ommuni
841 3697 905 3741 m
932 3676 994 3741 hoo
1023 3683 1192 3758 receptum
1243 3641 1361 3707 eudemo
1377 3638 1452 3725 (hoe
1470 3649 1530 3719 est,
1548 3659 1619 3703 erne
1634 3639 1831 3705 reetrtudrne
1850 3644 1884 3703 et
1901 3637 2086 3725 aequitate),
2104 3661 2219 3723 proua-

212 3783 284 3828 esse
318 3763 407 3844 apud
440 3762 627 3842 Hebraeos,
661 3769 697 3827 nt
734 3763 855 3844 posteri
888 3781 1003 3827 omnes
1032 3772 1194 3828 voeentur
1243 3746 1445 3875 ngfluum
1466 3726 1589 3824 mre.
1602 3725 1682 3806 '⁰⁰⁶⁶‘
1701 3727 1814 3809 Wallst
1836 3731 1863 3790 ά
1884 3745 1962 3824 ⁰²?“3
1983 3726 2051 3790 eim
2067 3745 2133 3823 m.
2150 3725 2219 3847 ml]

211 3846 290 3912 filii:
331 3847 524 3930 praesertim
560 3845 616 3911 ubi
656 3848 767 3930 agitur
807 3847 847 3912 de
884 3846 1009 3913 lamilia
1040 3846 1192 3925 Davidis,
1312 3832 1341 3878 θ’
1362 3810 1444 3897 (wll
1473 3809 1558 3893 qu⁰d
1580 3809 1635 3875 ¹¹¹⁰
1657 3821 1810 3894 ⁰p⁰mt¹¹⁸
1832 3810 1931 3875 sumt
1952 3830 2021 3875 Μ
2043 3809 2151 3876 red‘hl
2173 3831 2219 3878 ⁰¹·

213 3941 349 4016 propter
371 3932 586 3999 suoeeseionis
603 3932 752 3997 ordinem
768 3939 931 3998 vooantur
951 3932 1021 4008 filii,
1044 3933 1099 4014 qni
1117 3952 1193 3997 euos
1245 3896 1377 3979 qmdssm
1396 3916 1486 3962 ‘⁰¹¹¹'
1509 3894 1625 3963 V⁰¹¹¹¹¹l
1646 3916 1718 3962 ⁰³⁸⁰
1740 3895 1888 3976 '⁰¹bum’
1917 3896 1972 3959 ⁸¹¹¹
1995 3917 2133 3974 n⁰m⁰¹¹2
2162 3896 2221 3962 ⁸⁰d

216 4028 438 4086 anteesseores
460 4019 608 4101 proxime
623 4023 815 4101 sequuntur.
849 4017 901 4082 Ita
918 4017 1068 4100 legaliter
1085 4018 1193 4101 potuit
1244 3981 1331 4046 idm
1353 3980 1499 4046 m³⁰⁰bi¹⁵
1519 4001 1596 4047 ⁸⁰⁰⁸
1637 3981 1660 4066 l·

212 4104 340 4170 denseri
362 4103 452 4168 iilius
474 4103 638 4186 Eliakim,
669 4103 763 4170 ouius
791 4103 893 4168 irater
924 4110 996 4167 erat
1021 4102 1191 4168 naturalis.

213 4188 380 4270 Quoniam
404 4208 482 4272 ergo
512 4189 566 4254 hio
595 4208 765 4255 suoeessor
795 4199 866 4254 erat
887 4188 1011 4266 Iosiae,
1038 4186 1110 4252 ideo
1132 4208 1192 4253 vo·
1328 4184 1394 4250 Hie
1416 4185 1530 4268 inalpit
1552 4185 1711 4270 propheta
1729 4183 1901 4250 ostendere
1919 4205 1985 4250 non
2005 4203 2100 4266 posse
2121 4184 2218 4251 aliter

213 4283 308 4341 eatur
339 4276 436 4340 filins.
488 4273 620 4338 Interea
648 4274 783 4340 dubium
813 4295 877 4340 non
911 4280 960 4340 est
989 4273 1068 4356 quin
1098 4274 1191 4340 Deus
1243 4272 1313 4338 fieri
1337 4270 1414 4354 quin
1432 4271 1646 4338 exsoindatnr
1667 4279 1736 4334 tam
1758 4269 1976 4353 lerosolyma,
2005 4291 2103 4352 qnam
2126 4270 2217 4352 pala-

216 4361 307 4442 pium
330 4380 439 4444 regem
470 4357 621 4425 ostendat
648 4381 713 4425 non
743 4360 811 4426 l'ore
841 4367 1016 4442 patronum
1046 4378 1107 4424 suo
1137 4359 1190 4424 vel
1243 4359 1327 4422 tium
1351 4358 1455 4441 regis,
1486 4358 1640 4440 quonlam
1668 4354 1792 4422 soilieet
1822 4355 1945 4421 seelera
1969 4375 2073 4438 usque
2095 4354 2137 4419 ad
2158 4377 2216 4422 eu·

213 4446 280 4512 filio
302 4445 355 4511 vel
378 4447 500 4529 nepoti,
524 4453 556 4510 et
579 4445 722 4527 reliquis.
763 4445 849 4511 Nam
871 4446 978 4510 solent
998 4445 1191 4528 hypocritae
1242 4444 1368 4508 mulum
1392 4453 1622 4527 pervenerant.
1664 4440 1763 4507 Nune
1792 4451 1918 4516 autem,
1952 4450 1989 4505 nt
2014 4439 2112 4522 paulo
2141 4450 2217 4524 poet

213 4530 275 4596 sibi
305 4529 465 4597 labrieare
497 4529 694 4613 praesidinm
728 4552 770 4595 ex
799 4539 930 4613 patrum
966 4529 1191 4595 sanctimonia.
1242 4526 1390 4610 liquebit,
1413 4537 1540 4613 patrem
1563 4527 1738 4592 Ieohoniae
1760 4527 1961 4610 aggreditur.
2003 4526 2094 4592 Dieit
2115 4527 2218 4611 igitur

213 4617 259 4680 Et
281 4617 435 4698 quoniam
458 4638 519 4682 rex
540 4616 645 4682 Iosiae
666 4615 806 4682 fideliter
821 4614 893 4680 Deo
908 4616 1078 4693 servierat,
1100 4623 1192 4697 puta·
1243 4614 1342 4680 luisse
1363 4615 1476 4680 urbem
1499 4614 1589 4678 illam
1612 4612 1741 4696 plenam
1761 4611 1949 4688 latrooiniis,
1972 4621 2004 4676 et
2022 4613 2216 4694 praesertim

213 4699 309 4785 bant
326 4702 397 4766 aius
430 4701 489 4768 filii
522 4700 632 4766 Deum
666 4701 905 4784 quodammodo
941 4702 1002 4767 sibi
1035 4720 1107 4765 esse
1138 4701 1192 4767 ob·
1243 4701 1331 4783 regis
1352 4699 1522 4783 palatium.
1566 4696 1764 4781 Quanquam
1794 4717 1861 4763 non
1890 4697 2042 4764 existimo
2072 4697 2217 4780 prophe·

214 4787 375 4865 strictum,
399 4789 491 4870 quasi
515 4807 579 4852 non
603 4787 664 4852 hoo
687 4793 792 4852 totum
815 4808 836 4851 a
857 4807 940 4870 pura
961 4785 1026 4851 Dei
1048 4784 1191 4850 liberali·
1243 4795 1309 4848 tarn
1332 4784 1422 4867 loqui
1444 4783 1484 4849 de
1506 4784 1574 4848 solo
1596 4804 1682 4868 rege,
1705 4781 1761 4848 sed
1784 4784 1884 4848 etiam
1906 4782 1946 4848 de
1969 4780 2164 4848 eonsiliariis
2182 4792 2217 4848 ot

212 4880 281 4938 tate
314 4883 496 4949 manasset,
530 4872 617 4954 quod
652 4871 757 4938 Iosias
786 4872 931 4938 uoluerat
965 4881 1031 4936 tam
1064 4873 1191 4936 sineere
1242 4870 1463 4953 optimatibus.
1501 4869 1634 4935 Interea
1656 4869 1813 4934 memoria
1835 4869 2015 4934 tenendum
2038 4865 2126 4949 qnod
2143 4867 2216 4932 heri

213 4957 379 5038 pietatem.
413 4955 518 5024 Sedh
546 4958 699 5039 pooritao,
724 4968 760 5021 ut
775 4977 864 5022 nune
886 4956 1042 5033 dieebam,
1061 4977 1192 5038 semper
1242 4955 1324 5034 dixi,
1354 4976 1471 5038 nempe
1501 4975 1567 5020 non
1590 4955 1712 5020 absolvi
1743 4957 1911 5038 gregarios
1938 4952 2107 5028 homines,
2137 4952 2217 5018 dum

211 5041 323 5108 Deum
346 5042 464 5108 volunt
490 4980 552 5108 sili
583 5043 717 5110 reddere
747 5041 951 5108 obetrlotnm.
996 5043 1086 5126 Ergo
1115 5062 1190 5125 pro·
1241 5061 1301 5106 rex
1322 5062 1401 5124 prae
1421 5041 1502 5125 ipsis
1525 5039 1716 5105 damnatur:
1740 5041 1795 5106 sed
1819 5039 1973 5123 qnoniam
1994 5038 2023 5137 si
2045 5036 2122 5137 quid
2145 5049 2216 5104 erat

212 5127 315 5210 pheta
336 5127 414 5193 huia
436 5147 612 5211 perversae
633 5127 776 5212 opinioni
802 5128 958 5205 oeourrit,
991 5138 1024 5193 et
1045 5148 1190 5211 pronun·
1242 5126 1411 5210 dignitatis
1439 5127 1475 5191 in
1504 5126 1623 5210 populo
1652 5126 1726 5206 illo,
1754 5134 1882 5208 poterat
1912 5140 2054 5205 oonspror
2084 5131 2151 5190 tam
2181 5127 2214 5189 in

212 5215 285 5294 tiat,
307 5213 469 5294 Quamvis
491 5211 563 5278 Deo
587 5227 700 5298 gratus
722 5214 823 5279 fuerit
843 5213 961 5288 Iosias,
990 5223 1102 5278 tamen
1125 5233 1190 5278 me·
1242 5233 1319 5296 rege
1346 5231 1445 5294 quam
1473 5212 1508 5276 in
1538 5211 1741 5295 prooeribus:
1775 5210 1849 5276 ideo
1878 5208 2037 5292 propheta
2066 5211 2217 5292 producit

213 5300 352 5364 moriam
379 5298 449 5365 eius
477 5319 543 5364 non
574 5299 658 5364 tanti
680 5299 766 5377 lore,
797 5301 875 5382 quin
903 5318 1009 5381 poena
1039 5307 1190 5363 sumatur
1241 5298 1337 5380 quasi
1358 5298 1394 5362 in
1416 5297 1582 5362 theatrum
1605 5299 1692 5381 ipsos
1714 5296 1822 5374 duoes,
1852 5305 1891 5360 ut
1911 5293 1989 5360 inde
2011 5292 2120 5380 oolligi
2142 5317 2215 5378 pos-

211 5384 253 5450 de
282 5387 354 5452 eius
382 5385 531 5467 posteris.
576 5384 670 5450 Dens
699 5386 832 5468 quidem
861 5385 897 5450 in
926 5383 998 5468 lege
1027 5384 1190 5466 promittit
1241 5384 1285 5449 sit
1313 5403 1412 5467 quam
1441 5383 1550 5448 omnia
1577 5381 1704 5466 perdita
1733 5382 1799 5446 sint
1827 5382 1862 5446 in
1891 5387 1958 5447 toto
1987 5379 2117 5463 populo.
2168 5381 2213 5444 Et
