5118 6136
308 447 313 456 ·
343 457 409 523 ese
1161 413 1548 519 persuasumque
2291 447 2356 513 eoo

342 645 468 712 mentia
494 643 636 709 reditum
662 643 724 707 sibi
752 641 956 724 promittere,
993 651 1165 723 postquem
1195 639 1323 722 abrepti
1375 640 1431 723 qui
1473 638 1579 705 adhue
1614 641 1834 726 lerosolymae
1874 640 2043 724 degebant.
2103 638 2204 704 Pione
2244 647 2356 702 autem

344 733 477 796 fuerant
498 731 533 794 in
565 728 762 812 longinquae
788 737 910 808 terras,
939 747 1041 808 quum
1073 726 1187 790 ultima
1215 725 1323 792 oladss
1376 724 1480 791 melae
1503 738 1537 790 et
1559 747 1698 804 amarae,
1729 727 1845 811 inquit,
1876 726 2014 810 populus
2036 723 2090 789 hio
2119 726 2175 807 qui
2198 722 2356 804 superbit,

343 817 514 883 immineat
536 823 601 878 tam
624 814 695 898 regi
717 831 814 894 quam
831 811 959 894 populo,
981 813 1037 894 qui
1053 809 1160 876 adhue
1178 811 1323 893 quiesea-
1377 821 1549 892 propterea
1571 813 1657 894 quod
1681 835 1745 878 non
1776 813 1876 878 luerit
1905 822 2026 876 traetus
2055 812 2089 874 in
2119 810 2355 892 eaptivitatem.

344 902 424 968 hant
456 899 687 984 lerosolymae.
732 897 822 962 Dieit
855 917 933 980 ergo
967 895 1103 962 Iehovolr
1137 898 1180 963 ad
1212 916 1323 980 repens,
1376 896 1447 979 Ego
1471 900 1559 962 enim
1581 918 1771 963 consumam
1795 919 1851 963 eos
1873 899 1969 973 fame,
1993 907 2026 960 et
2047 905 2152 978 peste,
2178 905 2212 960 et
2233 893 2355 978 gladio,

345 988 401 1068 pai
421 986 506 1052 sedet
527 1005 622 1067 anper
643 985 758 1050 solium
780 983 928 1059 Doridis,
949 983 1037 1048 etad
1058 987 1153 1047 totum
1169 981 1324 1063 populum
1376 981 1504 1046 dieebat
1525 983 1593 1048 illio
1619 983 1786 1066 propheta.
1832 983 1929 1048 Nune
1957 1002 2035 1064 ergo
2062 983 2181 1046 iterum
2211 1001 2355 1046 nomme·

344 1073 400 1154 gni
420 1071 502 1138 ardet
524 1072 558 1136 in
580 1070 638 1134 loo
658 1069 744 1134 urhe.
789 1067 922 1143 Sedere,
946 1068 1220 1149 quemadmodum
1244 1068 1323 1146 dixi,
1376 1079 1481 1134 morat
1503 1077 1571 1133 tem
1595 1069 1789 1134 Zedeehiem
1812 1088 1923 1152 regem
1946 1087 2044 1150 quum
2071 1077 2174 1131 tntum
2197 1065 2356 1148 populum

344 1159 397 1224 hio
419 1154 703 1224 sumiturdiverso
726 1175 833 1220 sensu.
867 1154 942 1218 Rex
957 1152 1045 1218 enim
1068 1150 1188 1218 dieitur
1210 1154 1322 1218 sedere
1375 1152 1445 1217 fore
1466 1154 1549 1220 fieus
1572 1174 1701 1220 amaras
1722 1164 1756 1220 et
1772 1155 1918 1229 foetidas,
1943 1173 2028 1235 quae
2049 1173 2115 1218 nou
2137 1151 2357 1217 comeduntur

344 1245 379 1308 iu
414 1241 496 1308 solio
529 1240 608 1306 dum
641 1260 733 1306 suam
768 1240 960 1323 dignitatem
1003 1239 1143 1303 obtinet:
1184 1241 1323 1320 populus
1375 1260 1454 1322 prae
1477 1240 1610 1304 malitia.
1655 1242 1777 1306 Postea
1796 1241 1896 1317 addit,

344 1338 456 1394 autem
487 1328 604 1393 dieitur
633 1325 746 1392 sedere
776 1326 854 1390 dum
889 1325 1026 1408 quiseeit
1058 1324 1113 1389 vel
1147 1324 1323 1406 tranquille

344 1414 528 1480 habitatin
551 1412 760 1494 eliquoloeo.
804 1411 874 1476 Neo
903 1412 960 1476 abe
989 1431 1024 1474 re
1052 1409 1105 1474 hie
1128 1411 1323 1493 exprimitur
1463 1411 1513 1476 18.
1536 1411 1581 1476 El
1596 1431 1775 1494 persequor
1796 1431 1849 1477 soe
1870 1410 1924 1496 (ad
1948 1411 2086 1477 verbum
2105 1417 2164 1486 est,
2184 1417 2260 1491 post
2282 1425 2355 1472 eos:

345 1520 465 1565 nomen
489 1501 584 1582 regis,
613 1497 689 1580 quia
710 1496 840 1562 exsules
869 1515 998 1577 semper
1027 1495 1089 1561 hoo
1117 1496 1177 1560 sibi
1207 1514 1324 1578 propo·
1377 1517 1557 1579 persequar
1578 1498 1645 1577 eos)
1668 1498 1783 1578 gladio,
1812 1498 1897 1581 fame
1925 1500 1953 1562 et
1975 1501 2076 1579 pen.-
2105 1499 2133 1559 εἰ
2154 1512 2274 1575 pmsnm
2301 1511 2356 1557 eos

344 1606 423 1650 nere
445 1585 593 1650 solebant
613 1581 654 1648 ad
676 1603 767 1664 spem
789 1581 934 1646 reditus:
958 1581 1072 1645 Manet
1094 1581 1200 1646 adhue
1219 1595 1322 1662 temp·
1377 1583 1411 1646 in
1441 1585 1668 1649 commotionem
1699 1581 1765 1670 (vel
1797 1581 2056 1668 ooneuesionem)
2094 1581 2211 1646 eunetis
2246 1579 2357 1662 regnis

344 1670 423 1750 lum,
446 1669 513 1735 illie
535 1669 652 1734 oolitur
675 1667 787 1734 Deus:
818 1667 934 1732 deinde
957 1676 1066 1732 manet
1088 1688 1244 1750 regnum:
1272 1666 1324 1732 his
1375 1673 1486 1747 terrae,
1508 1671 1543 1733 in
1561 1671 1811 1748 marmotionm,
1834 1670 2096 1750 etaerupem,
2118 1663 2356 1742 artnentum,

344 1755 460 1834 salvis,
503 1777 568 1820 nou
609 1764 718 1837 potest
750 1764 858 1818 aetum
892 1775 963 1818 esee
997 1753 1036 1817 de
1069 1765 1167 1836 gente
1201 1765 1323 1818 nostra.
1376 1760 1404 1818 el
1424 1755 1458 1818 in
1476 1754 1629 1837 probrum
1650 1755 1730 1818 inter
1751 1760 1875 1820 menelae
1897 1760 2004 1838 gentes
2028 1753 2071 1818 od
2097 1771 2176 1834 quos
2204 1750 2356 1830 expulero

346 1840 444 1908 Salus
466 1843 554 1906 enim
577 1840 687 1923 populi
710 1838 938 1903 eontinebatur
967 1839 1001 1902 iu
1032 1859 1134 1922 regno
1159 1851 1192 1903 et
1221 1859 1325 1903 saoer-
1376 1859 1428 1905 eoa
1449 1839 1515 1925 (vel
1538 1861 1603 1923 quo
1625 1841 1781 1922 expulero
1803 1861 1857 1905 eos
1879 1840 1981 1926 illue),

347 1927 445 1992 dotio.
486 1925 597 2007 Quum
613 1944 692 2008 ergo
714 1925 775 1990 sibi
791 1925 970 1990 obiioerent
986 1926 1110 2008 regiam
1129 1923 1323 2007 dignitatem
1464 1926 1514 1991 19.
1541 1926 1712 2009 Propterea
1729 1927 1811 2007 qnod
1828 1947 1889 1992 non
1906 1927 2077 1992 eoderunt
2093 1942 2247 1990 sermones
2260 1940 2355 2002 meos,

344 2014 385 2078 ab
409 2033 475 2078 una
497 2021 607 2096 parte,
637 2011 754 2076 deinde
784 2010 1003 2076 saeerdotium
1033 2019 1067 2074 et
1097 2009 1253 2074 suerifioia
1284 2010 1325 2074 ab
1378 2012 1479 2093 inquit
1501 2010 1646 2091 Iehooalr,
1669 2033 1748 2094 quoe
1768 2013 1843 2078 miei
1861 2012 1904 2076 od
1921 2031 1971 2076 eos
1989 2031 2049 2092 per
2062 2029 2166 2076 seruos
2184 2028 2267 2073 meos
2279 2027 2357 2088 pro-

345 2098 459 2174 altera,
486 2097 583 2163 simul
607 2107 792 2161 statuerant
813 2117 879 2160 non
902 2115 999 2177 posse
1028 2097 1100 2160 fieri
1130 2098 1209 2178 quin
1232 2095 1325 2161 Deus
1372 2097 1493 2182 phetas,
1526 2118 1618 2162 mone
1647 2099 1801 2182 mergendo
1822 2103 1850 2163 et
1871 2099 2032 2163 mittendo:
2059 2101 2087 2162 er
2114 2115 2176 2160 non
2205 2093 2355 2173 ordiale,

343 2186 433 2267 ipsos
456 2183 647 2266 paulopost
668 2183 865 2248 restitueret.
906 2182 934 2245 N
940 2203 992 2280 am
1015 2182 1211 2282 promiserat
1232 2182 1324 2246 Deus
1377 2185 1481 2264 inquit
1501 2183 1647 2249 Ieltonulr.

342 2271 813 2438 lldrllimtlhu[dheldllulrgeegrlllllll
847 2267 1324 2436 llihllllgltuhuaddldliheddlilld
1463 2355 1676 2437 Prosequitur
1708 2355 1844 2420 eandem
1874 2354 2083 2430 seutentiam,
2114 2352 2200 2434 quod
2230 2350 2356 2416 seilioet

345 2440 527 2523 splendore,
547 2461 612 2504 nou
632 2449 782 2522 poterent
799 2438 968 2503 Israelitae
986 2459 1120 2522 prorsus
1139 2438 1322 2503 humiliari:
1378 2461 1441 2505 non
1471 2442 1597 2506 desinet
1628 2461 1683 2506 eos
1716 2461 1833 2525 urgere
1864 2451 1930 2505 tam
1961 2453 2051 2523 poste
2079 2459 2176 2520 quam
2206 2438 2292 2500 fame
2321 2445 2357 2500 et

344 2525 538 2608 praesertim
562 2546 640 2591 vero
663 2525 719 2606 qui
748 2525 844 2590 traoti
875 2524 1005 2588 fueraut
1035 2525 1069 2588 iu
1099 2524 1253 2589 exsilium
1282 2547 1322 2589 ex
1377 2527 1495 2610 gladio,
1520 2526 1621 2592 donee
1642 2547 1697 2591 eos
1720 2527 1850 2609 penitus
1872 2527 2118 2606 eonsumpserit,
2141 2521 2355 2606 quemadmo-

345 2611 435 2676 tribu
469 2610 629 2675 lehudah.
684 2610 780 2675 Nune
812 2620 962 2674 tenemus
990 2629 1048 2674 eur
1080 2629 1234 2692 expressa
1266 2612 1325 2674 fiat
1378 2617 1455 2677 dum
1481 2613 1620 2678 habetur
1642 2617 1674 2676 in
1705 2613 1769 2677 fine
1797 2613 1885 2677 illius
1908 2633 1977 2694 eap.
2001 2611 2053 2677 24.
2098 2611 2216 2675 Postea
2245 2606 2356 2673 adhue

347 2697 435 2780 regis
458 2697 591 2761 mentio.
636 2696 779 2760 'Pometsi
808 2715 885 2777 ergo
914 2694 1021 2760 adhue
1050 2695 1179 2761 sederet
1208 2717 1268 2760 rex
1290 2700 1323 2758 iu
1378 2699 1536 2779 quaedam
1566 2699 1685 2780 repetit
1715 2698 1834 2763 exilio
1858 2699 1937 2773 loeo,
1967 2696 2155 2762 ettandem
2184 2714 2268 2778 qnae
2298 2691 2355 2756 de-

346 2783 429 2848 solio
453 2780 601 2859 Doridis,
624 2791 733 2845 tamen
757 2779 921 2846 duriorem
944 2782 1014 2846 eins
1037 2791 1070 2845 et
1092 2781 1191 2847 totins
1213 2780 1326 2864 populi
1377 2796 1508 2865 sumpta
1540 2799 1618 2848 sunt
1651 2805 1694 2848 ex
1726 2783 1778 2850 28.
1809 2785 1915 2866 eapite
1945 2781 2205 2859 Deuteronomii‚
2236 2787 2271 2844 et
2300 2777 2354 2843 29.

345 2867 565 2934 uenditionem
598 2868 669 2931 fore
703 2866 862 2948 affirmat,
902 2885 999 2948 quom
1041 2867 1140 2932 luerit
1175 2868 1326 2951 captivae
1379 2867 1509 2936 Soimus
1531 2873 1618 2934 enim
1645 2870 1820 2951 prophetas
1844 2893 1884 2936 ex
1909 2870 1997 2934 sonte
2019 2869 2076 2932 illo
2100 2867 2179 2951 legis
2204 2864 2355 2929 hausisse

346 2952 578 3019 multitudinis.
622 2952 723 3030 Dion,
749 2951 927 3033 Persequor
948 2972 1000 3018 eoa
1019 2951 1127 3035 plodio
1148 2958 1176 3018 et
1195 2954 1328 3034 fnmeet
1378 2976 1540 3019 summam
1564 2956 1729 3020 doetrinae
1752 2976 1846 3022 suae:
1876 2966 1909 3020 et
1931 2956 2060 3039 proprie
2083 2952 2244 3034 loquendo
2268 2949 2354 3013 nihil

280 3049 281 3052 ’
341 3043 436 3121 pete.
481 3038 679 3104 Voluntaria
707 3040 813 3103 fuerat
841 3037 1014 3104 Ieehoniee
1044 3037 1179 3118 deditio,
1212 3060 1325 3121 quem·
1378 3061 1499 3105 novum
1516 3041 1736 3124 protulerunt,
1748 3043 1804 3107 sed
1821 3042 2107 3108 eeoommodarnut
2118 3038 2220 3103 Mosis
2232 3035 2355 3102 doetri-

347 3123 525 3189 admodum
548 3123 625 3188 alibi
647 3124 801 3206 vidimus,
833 3122 906 3187 ideo
927 3124 1120 3190 elementior
1142 3125 1250 3190 fuerat
1272 3146 1326 3189 ex·
1378 3148 1455 3191 nam
1485 3127 1526 3192 ad
1556 3147 1651 3192 usum
1685 3141 1906 3212 praesentem,
1939 3127 2076 3210 quisque
2105 3145 2163 3190 suo
2197 3134 2354 3204 tempore.

347 3220 460 3290 neptus
488 3230 508 3273 a
536 3231 612 3292 rege
642 3209 832 3292 babylonio:
869 3210 1002 3274 tandem
1030 3210 1109 3275 urbs
1136 3224 1326 3295 expugnata
1378 3213 1468 3296 Ergo
1486 3214 1573 3278 inter
1589 3213 1834 3280 maledictiones
1854 3215 1936 3298 legis
1954 3214 2096 3277 relertur
2117 3209 2205 3286 haee,
2231 3209 2356 3274 Ponam

347 3295 427 3358 fuit:
457 3303 491 3358 et
512 3314 614 3377 quum
636 3294 737 3377 longa
758 3292 875 3360 luisset
896 3293 1034 3372 obsidio,
1064 3295 1198 3378 gravius
1219 3299 1325 3363 saevi·
1377 3319 1430 3364 oos
1447 3300 1482 3364 in
1504 3301 1733 3365 commotionem
1754 3301 1802 3367 uel
1823 3299 2058 3365 emmuseionem
2094 3297 2230 3361 Duobus
2249 3292 2355 3359 modis

348 3387 418 3444 tum
449 3379 510 3444 luit
537 3379 698 3444 adversus
729 3399 839 3462 regem
862 3391 896 3443 et
927 3390 1031 3444 totum
1059 3382 1227 3463 populum,
1249 3384 1326 3464 quie
1378 3394 1486 3467 potest
1507 3385 1569 3452 hoo
1592 3405 1711 3450 nomen
1734 3388 1864 3467 exponi,
1888 3385 1941 3450 vel
1963 3384 2049 3466 quod
2072 3391 2187 3468 gentes
2209 3380 2356 3462 trepida·

348 3463 533 3530 Oheldaeos
556 3485 617 3530 aua
643 3465 819 3546 pertinenia
841 3463 1070 3548 fatigaverant.
1116 3467 1205 3533 Hine
1226 3469 1327 3549 igitur
1378 3473 1460 3535 bunt
1491 3472 1531 3537 ad
1560 3471 1640 3537 illud
1672 3472 1765 3536 triete
1793 3471 2023 3554 speetunnlum,
2055 3469 2106 3533 vel
2139 3466 2224 3550 quod
2253 3475 2356 3548 eaput

348 3552 471 3616 laetum
494 3559 553 3630 est,
576 3564 612 3615 ut
635 3551 751 3615 durius
773 3559 882 3616 aetum
905 3551 1004 3615 fuerit
1028 3573 1101 3618 enm
1124 3553 1214 3636 ipsis.
1258 3553 1326 3619 Sed
1378 3559 1575 3622 eoneutient.
1616 3557 1707 3623 Haeo
1730 3558 1875 3624 seeundo
1902 3556 2068 3639 expositio,
2100 3562 2137 3620 ut
2166 3550 2244 3618 alibi
2272 3551 2354 3626 dixi,

347 3635 432 3701 nihil
455 3636 571 3702 aooidit
594 3637 656 3700 nisi
679 3637 767 3700 iusta
788 3636 852 3699 Dei
875 3635 1029 3703 vindiote.
1070 3638 1214 3704 Tametsi
1237 3640 1325 3703 enim
1378 3641 1458 3705 mihi
1478 3645 1583 3726 magis
1600 3642 1732 3708 arridet.
1778 3642 1900 3709 Ponam
1922 3644 2023 3724 igitur
2044 3659 2098 3706 roe
2118 3640 2153 3704 r'n
2174 3638 2354 3704 commotio-

348 3731 591 3804 exasperarunt
624 3720 822 3795 Chaldaeos,
863 3742 927 3786 non
965 3722 1098 3789 dubium
1133 3732 1244 3789 tamen
1277 3736 1326 3790 est
1377 3747 1465 3811 nem,
1500 3728 1560 3794 boo
1592 3742 1655 3804 est,
1691 3731 1835 3812 quisquis
1869 3729 2006 3811 aspieiet
2035 3737 2163 3792 vestras
2196 3724 2356 3801 miserias,

347 3807 427 3889 quin
444 3806 536 3872 Dens
559 3807 783 3873 exoaeeaverit
806 3827 916 3871 eorum
936 3820 1072 3886 mentes,
1097 3818 1132 3874 ut
1153 3812 1200 3875 ita
1222 3831 1327 3876 aoeer-
1378 3825 1477 3896 eaput
1499 3835 1556 3896 per
1577 3814 1754 3880 ludibrium
1778 3815 1958 3880 eoneutiet:
1989 3813 2082 3895 quasi
2111 3809 2242 3884 dioeret,
2271 3806 2356 3872 Om-

349 3900 460 3958 serent
481 3892 690 3975 sihigrarius
712 3891 879 3957 iuditium.
913 3892 993 3958 Fuit
1007 3894 1110 3977 igitur
1124 3896 1205 3961 haee
1223 3918 1326 3979 poena
1378 3920 1436 3964 nes
1458 3901 1664 3966 subserihent
1685 3902 1790 3966 iustae
1815 3903 1876 3966 Dei
1901 3900 2074 3982 vindiotae,
2096 3895 2240 3962 eteritis
2261 3895 2356 3978 igno·

350 3978 510 4043 divinitus
531 3977 598 4041 illis
626 3978 767 4044 infliete:
797 3976 869 4042 ideo
901 3998 966 4042 uon
993 3980 1157 4044 immerito
1187 3993 1326 4047 testatur
1379 3986 1508 4052 miniosi
1542 3987 1639 4052 stiam
1673 3987 1760 4070 apud
1789 3985 1983 4052 incredulos.
2035 3983 2141 4048 Nemo
2171 3981 2259 4046 enim
2291 3980 2357 4042 erit

347 4065 505 4130 Ieremias
527 4064 636 4128 Deum
670 4065 738 4128 fure
761 4073 907 4128 autorem
940 4062 1057 4129 harum
1091 4067 1325 4151 ealamitatnm,
1377 4075 1432 4154 qni
1462 4093 1528 4138 non
1557 4082 1713 4156 agnosoat
1737 4093 1793 4137 vos
1822 4072 2016 4137 iustissimas
2044 4070 2204 4135 seelerum
2233 4084 2357 4149 poenas

348 4151 424 4232 quia
447 4148 524 4214 alibi
547 4149 646 4214 etiam
669 4149 812 4214 vidimus
835 4147 1015 4214 Chaldaeos
1038 4151 1136 4216 fuisse
1158 4154 1326 4218 ministros
1377 4155 1465 4223 dure.
1504 4158 1632 4222 Deinde
1655 4158 1754 4235 addit,
1777 4158 2082 4223 inconsecrationem.
2117 4139 2184 4221 nhtt
2206 4163 2256 4217 est
2279 4171 2355 4234 pro·

348 4247 380 4300 et
411 4243 645 4316 exsequutores
669 4235 832 4301 vindietae
854 4234 927 4300 Dei.
972 4234 1060 4300 Dieit
1089 4257 1167 4320 ergo
1189 4239 1327 4304 Iehooulr
1379 4244 1449 4324 pris
1471 4245 1701 4322 iuramentum,
1722 4243 1781 4309 sed
1804 4245 1962 4326 aoeipitur
1984 4242 2097 4307 multis
2115 4241 2194 4306 loeis
2217 4257 2277 4320 pro
2295 4257 2356 4300 ex·

348 4321 547 4404 merlinum,
570 4320 650 4386 Eece
667 4339 721 4403 epo
737 4340 931 4403 persequar:
953 4320 1080 4405 deinde,
1099 4328 1126 4386 et
1138 4343 1258 4403 ponam
1275 4345 1327 4390 eoo
1378 4329 1568 4404 seeratione,
1591 4349 1673 4412 quas
1695 4331 1917 4413 interponitur
1937 4330 2033 4393 stiam
2052 4327 2105 4391 vel
2128 4321 2356 4391 subaudienda

351 4407 446 4488 quest
465 4404 546 4486 fiens
563 4407 719 4472 sordidos.
763 4405 829 4470 Hio
852 4407 931 4470 fieus
954 4417 1051 4471 vnoat
1073 4419 1197 4483 ntuetr:
1222 4411 1326 4490 eapite
1377 4421 1428 4478 est
1449 4415 1577 4494 quoties
1599 4418 1756 4480 iuramus.
1800 4413 1867 4481 Sed
1894 4415 2049 4498 quoniam
2079 4432 2175 4493 saepe
2204 4409 2355 4473 homines

347 4491 534 4557 autemut.
565 4494 695 4558 sonarit
722 4489 844 4570 males,
872 4490 929 4556 sed
959 4491 1071 4556 eodem
1102 4513 1209 4559 sensu.
1252 4494 1326 4559 Nou
1377 4517 1449 4564 aeae
1470 4499 1612 4564 offerunt
1635 4500 1677 4566 ad
1700 4499 1840 4571 dendem
1861 4521 1998 4583 poenam
2022 4499 2165 4580 periurii,
2187 4494 2262 4559 ideo
2285 4477 2354 4560 mhtt

347 4577 482 4644 dubium
505 4595 585 4641 vero
608 4586 657 4642 est
685 4579 762 4659 qnin
792 4586 918 4657 repetat
946 4578 1102 4643 memoria
1132 4579 1325 4645 vatioiuium
1378 4583 1511 4666 ponitur
1539 4606 1597 4667 pro
1626 4590 1865 4652 exseoratione:
1899 4598 1932 4652 et
1956 4585 2153 4668 intelligitur
2182 4580 2355 4662 exemplar

348 4663 435 4747 quod
464 4661 530 4728 illio
558 4664 777 4744 exposuimus.
822 4663 989 4744 Propheta
1017 4664 1105 4728 enim
1133 4664 1169 4728 in
1199 4664 1327 4730 duobus
1377 4673 1619 4751 exseorationis,
1642 4681 1699 4737 aut
1719 4673 1868 4758 formula,
1898 4669 2169 4755 quemadmodum
2192 4667 2273 4732 alibi
2295 4685 2354 4727 ex-

346 4748 500 4816 oanietris
523 4748 649 4814 viderat
670 4749 762 4827 fieus,
787 4767 926 4831 quarum
949 4749 1071 4814 alteras
1094 4761 1187 4815 erant
1209 4771 1325 4816 suaves
1378 4757 1546 4838 primitur:
1580 4769 1613 4821 et
1641 4758 1782 4824 vidimus
1812 4781 1876 4842 quo
1908 4780 2006 4824 seusu
2036 4757 2098 4822 hoe
2127 4753 2251 4819 dixerit
2280 4771 2354 4832 pro·

347 4845 456 4919 gustu,
479 4835 602 4901 alterae
624 4842 734 4897 autem
757 4852 900 4898 amarae:
931 4837 1092 4916 quaesivit
1113 4835 1219 4914 Deus,
1248 4836 1325 4918 quid
1378 4841 1485 4925 pheta,
1509 4863 1626 4925 nempe
1649 4844 1733 4927 quod
1757 4846 1905 4927 quisquis
1925 4845 2014 4910 volet
2035 4843 2086 4908 vel
2110 4840 2180 4918 sibi,
2203 4836 2259 4904 vel
2281 4835 2354 4900 aliis

347 4921 461 4987 vides?
488 4921 582 5004 dixit,
605 4919 704 4985 lliout
726 4918 837 4992 malas.
860 4918 963 4983 mtlffl
986 4919 1089 4997 Vflldtt
1112 4922 1192 4987 fieus
1215 4922 1324 5000 b0¹18⁸‚
1377 4927 1578 5006 maledioere,
1602 4930 1655 4994 vel
1676 4931 1845 5014 oonoipere
1867 4931 1993 5013 aliquas
2016 4929 2114 5005 diras,
2147 4937 2184 4990 nt
2213 4924 2354 5006 loquun-

348 5007 451 5072 bones
473 5006 580 5073 valde.
621 5005 742 5072 Postea
765 5005 855 5069 Deus
879 5003 1013 5082 addidit,
1044 5006 1144 5073 Pinus
1168 5007 1271 5072 bonae
1293 5018 1327 5072 et
1377 5023 1441 5092 tur,
1463 5025 1570 5078 sumet
1593 5014 1731 5080 ludaeos
1761 5037 1821 5099 pro
1845 5016 2012 5100 exemplo:
2043 5013 2135 5078 Deus
2165 5010 2223 5075 tibi
2251 5007 2353 5072 male·

348 5113 466 5159 suaves
488 5105 567 5158 sunt
589 5092 705 5158 iratres
729 5091 830 5155 vestri
856 5090 987 5173 eaptivi.
1033 5092 1105 5177 Ego
1134 5093 1223 5158 enim
1253 5103 1325 5158 tan·
1376 5097 1463 5164 dieat
1489 5110 1645 5181 tauquam
1673 5101 1812 5178 Iudaeis,
1844 5104 1905 5177 vel,
1935 5101 2028 5168 Deus
2057 5100 2227 5182 depromat
2255 5112 2354 5159 suum

347 5177 422 5243 dem
456 5198 569 5244 eornm
604 5177 800 5254 miserebor,
840 5187 873 5240 et
906 5176 1037 5241 dabitur
1069 5178 1134 5244 illis
1166 5177 1325 5244 redeundi
1375 5185 1516 5267 rigorem
1539 5185 1572 5249 in
1592 5187 1766 5269 pernieiem
1786 5199 1887 5267 tuam,
1905 5189 1999 5253 sionti
2020 5185 2221 5270 deprompsit
2240 5189 2355 5249 eontra

345 5263 488 5330 libertae.
533 5264 642 5329 Erunt
674 5263 777 5346 igitur
809 5263 890 5329 fieus
920 5260 1040 5336 bonae,
1075 5265 1204 5330 tametsi
1238 5287 1325 5330 nuno
1376 5267 1523 5336 Iudeeos.
1558 5270 1649 5337 Dioit
1667 5273 1769 5356 igitur
1790 5275 1859 5355 fore
1880 5274 1916 5338 in
1936 5271 2271 5354 exseramque
2294 5287 2352 5354 eet,

347 5350 436 5416 aliud
458 5347 631 5428 iudioatur,
659 5351 735 5432 quis
757 5350 915 5432 putabant
943 5369 980 5414 se
1008 5367 1086 5432 prae
1118 5350 1182 5416 illis
1204 5349 1324 5430 felioes,
1376 5355 1444 5419 lore
1466 5365 1534 5420 tam
1557 5358 1701 5434 miseros,
1725 5369 1762 5422 ut
1785 5359 1850 5424 siut
1873 5361 1967 5442 quasi
1988 5362 2022 5424 in
2045 5378 2255 5426 eommunem
2287 5362 2353 5427 for-
