5118 6136
212 461 276 529 too
880 461 930 527 IN
951 457 1199 528 IERIIMIAII.
1243 457 1344 526 oAP.
1366 459 1535 529 XXVIII.
2141 467 2206 534 teo

212 654 311 729 riunt,
340 670 441 734 quum
471 659 580 716 tamen
603 651 683 715 satis
705 661 737 717 et
759 672 857 734 super
878 650 1020 717 oondeti
1042 650 1118 726 sint,
1147 667 1183 713 se
1319 649 1350 714 3.
1373 649 1486 716 Adbuc
1507 649 1554 737 (in
1577 649 1692 732 adhue,
1714 653 1756 718 ad
1778 653 1929 742 verbum)
1957 654 2035 721 oroi
2055 655 2118 721 duo
2139 655 2205 724 die-

211 737 293 802 nibil
331 736 477 819 proferre
515 737 577 802 nisi
618 735 795 804 mandaria.
852 737 941 802 Deus
975 737 1062 800 enim
1096 736 1182 817 Ipsos
1232 753 1305 799 rum
1334 733 1409 820 (boe
1431 746 1488 808 eet.
1519 756 1619 820 quum
1648 739 1841 805 transierint
1863 741 1941 806 anni
1964 739 2091 806 dierum
2114 740 2203 830 duo),

211 823 329 888 merito
350 821 545 905 exoaeoavit,
574 843 674 905 quum
698 823 745 888 ita
766 822 939 906 profanent
960 841 1087 886 saorum
1110 821 1182 886 eius
1232 839 1284 904 eqo
1305 821 1452 888 reducam
1478 823 1521 888 ad
1543 823 1644 889 Iouem
1671 823 1752 892 burto
1780 826 1886 892 enno
1914 845 1992 892 oeae
2022 826 2132 893 ἆοιιιιω
2153 828 2201 894 Ie·

212 929 340 975 nomen.
382 907 478 973 Nune
500 907 659 974 deseendo
681 907 721 973 ad
745 907 842 974 verba
864 911 951 991 ipsa:
975 906 1107 972 Festum
1129 909 1182 982 aet,
1231 905 1330 971 bovae
1358 904 1490 992 (idest,
1521 907 1633 992 templi
1677 929 1758 994 quaa
1786 911 1915 978 ebdom
1937 909 2203 980 Nabataeum

211 995 332 1078 inquit,
359 993 461 1059 eodem
487 1013 583 1077 euno,
614 1015 729 1076 nempe
756 1013 838 1060 auno
867 998 976 1076 quarto
1007 992 1097 1077 repsi
1124 991 1182 1057 Zo-
1232 1011 1288 1057 rea
1302 991 1479 1076 Babylonis
1501 1016 1522 1060 a
1543 994 1604 1060 loeo
1681 1001 1740 1076 ,et
1761 998 1986 1079 transportavit
2001 996 2202 1082 Babylonos.

212 1080 347 1147 tettae
392 1079 532 1144 Videtur
559 1079 735 1161 improprie
763 1081 871 1146 voeari
900 1101 1005 1144 annus
1034 1087 1181 1161 quartus,

210 1166 417 1250 prinoipium.
462 1164 616 1230 Diximus
646 1165 721 1231 alibi
751 1167 895 1249 potuisse
920 1166 1000 1244 fieri,
1031 1170 1068 1228 nt
1089 1163 1181 1228 Deus
1317 1165 1414 1231 Nune
1442 1164 1590 1231 videmus
1619 1173 1782 1248 spent-asse
1812 1168 1845 1232 in
1874 1167 1962 1234 buno
1992 1169 2091 1234 finem
2114 1168 2201 1236 Oba·

211 1251 388 1336 deponeret
409 1249 472 1315 boe
492 1250 687 1316 vaticinium
710 1252 797 1335 apud
820 1252 1005 1330 lenonium,
1035 1270 1094 1315 neo
1116 1259 1181 1313 sta·
1232 1251 1374 1331 naniam,
1396 1257 1432 1317 ut
1454 1251 1660 1333 promitteret
1681 1251 1800 1336 populo
1821 1253 2069 1336 impunitatem:
2097 1275 2201 1339 neque

211 1339 271 1403 tim
295 1335 391 1403 vellet
420 1337 631 1420 promulgari.
677 1335 744 1402 Sed
774 1337 855 1403 nihil
886 1339 983 1403 etiam
1006 1337 1041 1400 in
1064 1355 1102 1400 eo
1124 1336 1180 1401 ab·
1230 1338 1263 1402 id
1287 1335 1392 1417 modo,
1426 1335 1604 1402 sedetiam
1633 1337 1770 1403 laetarst
1791 1360 1864 1404 eum
1888 1359 1975 1405 vana
2004 1339 2132 1424 fidueia,
2163 1361 2201 1410 ao

211 1423 301 1490 surdi
322 1423 393 1500 erit,
414 1423 442 1486 si
460 1433 596 1487 rooetur
616 1423 744 1488 initium
768 1424 861 1508 regui
884 1424 953 1506 ipsa
971 1420 1180 1488 oontirmatio.
1231 1424 1257 1489 si
1281 1423 1373 1489 brevi
1395 1443 1506 1506 regem
1529 1443 1623 1488 suum
1651 1431 1918 1506 recuperaturum
1947 1433 2033 1492 esset
2062 1427 2201 1509 populus

212 1509 299 1574 Nam
327 1506 505 1572 Zedeobias
538 1508 600 1573 luit
632 1509 802 1591 impositus
831 1531 851 1574 a
879 1529 956 1594 rege
986 1507 1179 1573 Nabuobad·
1232 1531 1297 1573 una
1326 1529 1400 1574 oum
1430 1508 1581 1574 omuibus
1613 1509 1725 1592 spoliis
1757 1530 1841 1592 quae
1875 1510 1979 1576 bostis
2009 1511 2199 1580 abstulerat.

211 1616 323 1677 nezer,
360 1593 436 1677 quia
467 1593 606 1676 populus
640 1614 703 1659 non
738 1595 878 1661 libenter
910 1596 1038 1660 tulisset
1071 1614 1180 1677 regem
1232 1595 1296 1660 Sed
1320 1594 1394 1660 ideo
1416 1592 1586 1660 exordium
1617 1595 1734 1659 lenita
1756 1598 1901 1678 potantia
1930 1597 2025 1680 regis,
2060 1618 2102 1663 ne
2124 1618 2200 1664 eon·

210 1691 414 1746 extraneum.
466 1679 600 1744 Poterat
631 1680 718 1745 enim
742 1703 843 1746 unum
866 1681 1049 1765 quempiam
1074 1682 1180 1747 esuis
1231 1691 1360 1765 speetus
1383 1680 1437 1746 ille
1460 1680 1611 1745 terribilis
1634 1691 1804 1764 oeouparot
1826 1681 1933 1766 populi
1956 1683 2092 1762 animos,
2120 1703 2200 1766 quo·

211 1766 350 1849 satrapis
371 1766 545 1848 praefioere
569 1766 628 1830 toti
647 1766 788 1850 regioni:
810 1775 937 1850 poterat
955 1767 1052 1831 etiam
1070 1785 1179 1850 regem
1231 1769 1340 1834 minus
1368 1766 1578 1831 admitterent
1607 1767 1729 1831 laetum
1759 1767 1840 1835 illud
1865 1768 2064 1835 vatioinium.
2110 1768 2200 1835 Dieit

210 1854 406 1918 eonstitnere
439 1874 480 1916 ex
514 1851 580 1918 suis
614 1852 815 1934 praeeribue:
849 1853 906 1918 sed
937 1851 1067 1918 videbat
1099 1851 1179 1916 illud
1231 1875 1317 1936 ergo,
1346 1852 1459 1919 Aaou
1487 1871 1583 1934 quom
1604 1852 1825 1935 praeterierint
1853 1855 1931 1919 atoni
1954 1855 2024 1938 duo,
2054 1855 2199 1920 reducem

210 1939 309 2006 nimis
341 1938 411 2002 tore
437 1937 594 2003 odiosum.
639 1937 730 2004 Satis
758 1959 836 2022 ergo
869 1939 984 2005 habuit
1013 1940 1039 2002 si
1070 1959 1178 2020 regem
1230 1940 1274 2005 ad
1294 1939 1375 2004 berre
1397 1938 1495 2004 lotum
1516 1939 1623 2004 ernstio
1643 1959 1735 2022 oasa,
1764 1959 1844 2021 quoe
1865 1939 1991 2006 armet
2011 1959 2067 2006 rea
2091 1939 2200 2007 Nabu·

210 2024 399 2090 leobanium
422 2022 549 2088 tolleret
571 2044 589 2088 e
612 2024 727 2101 medio,
758 2035 790 2090 et
820 2023 1031 2090 substitueret
1052 2025 1086 2088 in
1109 2024 1179 2088 eius
1228 2025 1409 2091 obedaeeer.
1453 2022 1657 2089 Prasfixerat
1678 2023 1834 2090 Ieremias
1864 2025 1980 2090 exsilio
2007 2025 2118 2110 populi
2141 2047 2198 2092 an·

210 2111 326 2188 laeum,
349 2109 404 2192 qui
423 2108 637 2192 nonpolleret
661 2131 781 2194 magna
801 2111 952 2192 potentia,
975 2131 1035 2175 neo
1050 2111 1178 2258 magnis
1230 2133 1289 2176 nos
1317 2110 1533 2194 septuaginta,
1567 2119 1602 2175 ut
1632 2118 1709 2174 ante
1739 2108 1862 2176 dietum
1891 2112 1967 2189 fuit,
2003 2122 2036 2176 et
2064 2111 2199 2194 posthao

210 2196 336 2280 opibus,
358 2207 393 2260 et
409 2196 466 2277 qui
485 2205 571 2260 esest
592 2196 662 2260 eius
685 2197 885 2279 tributarius,
908 2194 1102 2280 quemadmo
1126 2216 1178 2258 um
1229 2197 1359 2280 saepius
1379 2194 1576 2261 videbimus:
1605 2195 1657 2262 hio
1680 2205 1789 2261 autem
1813 2195 2098 2281 pseudopropheta
2119 2196 2199 2264 dioit

210 2281 291 2346 haee
308 2282 407 2346 etiam
426 2282 577 2364 imposita
595 2282 656 2346 fuit
674 2281 814 2347 oonditio
830 2281 1017 2348 Zedeohiae.
1048 2281 1179 2346 Interea
1232 2293 1304 2365 post
1326 2281 1406 2348 duos
1429 2301 1533 2347 annos
1557 2283 1652 2348 finem
1674 2283 1743 2347 fore
1764 2280 1879 2348 exsilio
1901 2283 1996 2366 regis,
2019 2293 2052 2350 et
2074 2284 2197 2366 populi:

208 2387 384 2452 progressu
407 2367 562 2448 temporis
584 2366 726 2432 invaluit
748 2368 933 2446 Zedeobiss,
957 2376 993 2432 ut
1016 2377 1101 2432 esset
1123 2387 1178 2448 pa·
1231 2367 1348 2433 deinde
1380 2387 1459 2433 vasa
1492 2386 1563 2432 esse
1597 2366 1755 2445 reditura,
1796 2388 1880 2450 quae
1914 2368 2022 2434 ablata
2057 2367 2197 2435 fuerant.

211 2464 302 2520 satus
323 2453 359 2516 in
377 2461 465 2517 statu
487 2453 578 2536 regni
602 2456 661 2518 sui.
694 2451 824 2521 Seimus
846 2456 943 2518 etiam
967 2454 1065 2519 luisse
1088 2472 1180 2535 prae·
1231 2453 1369 2521 Subiioit
1390 2453 1488 2518 etiam
1512 2453 1552 2517 de
1573 2455 1642 2537 ipso
1664 2473 1749 2536 rege,

210 2539 331 2606 foetum
372 2539 485 2603 aloinis
523 2539 724 2620 regionibus,
765 2560 865 2622 quum
902 2538 1205 2607 Nabuohadneneri

211 2634 343 2707 putaret
375 2623 436 2690 hoe
469 2622 531 2688 sibi
565 2625 632 2689 tore
665 2625 886 2703 ammodum,
928 2627 956 2690 si
989 2625 1176 2690 devinotnm
1203 2618 1205 2643 '
1314 2625 1345 2690 4.
1376 2624 1420 2690 Et
1442 2623 1622 2690 leodonium
1647 2624 1751 2706 filium
1773 2623 1948 2691 Ieboieleim
1977 2645 2081 2708 repam
2104 2625 2199 2690 Iebu·

211 2711 304 2775 illum
339 2711 472 2775 haberet
505 2709 617 2774 multis
650 2709 822 2777 benefieiis.
867 2712 957 2794 Ergo
989 2730 1095 2775 annus
1126 2711 1178 2775 hio
1230 2711 1301 2794 deb,
1331 2716 1473 2777 ettotam
1500 2711 1709 2792 eaptioa'tatem
1740 2709 1815 2794 (boe
1845 2719 1904 2786 est,
1937 2715 2040 2776 totam
2070 2711 2199 2776 turbam

211 2807 348 2879 quartus
370 2817 437 2860 non
460 2795 546 2859 melo
575 2804 683 2877 potest
710 2798 836 2863 oenseri
860 2797 1059 2878 principium
1079 2796 1177 2880 repsi,
1230 2798 1410 2880 eaptivam:
1434 2805 1467 2861 et
1484 2796 1570 2861 enim
1594 2781 1663 2864 niba
1686 2814 1805 2861 nomen
1828 2797 2040 2874 collectivum,
2066 2811 2103 2860 ut
2122 2797 2200 2862 alibi

212 2881 365 2964 quoniam
388 2903 440 2946 res
462 2883 592 2946 fuerent
622 2883 726 2948 tribus
755 2885 849 2949 annis
877 2884 923 2949 sio
951 2882 1113 2960 turbatae,
1142 2893 1180 2946 ut
1232 2882 1390 2947 diximus:
1425 2889 1527 2946 totam
1562 2899 1640 2964 ergo
1675 2883 1804 2947 turbam
1836 2880 2012 2968 eaptivam)
2046 2881 2199 2966 Iebudub,

211 2966 304 3032 nulla
332 2980 417 3032 esset
441 2969 473 3032 in
504 2967 572 3049 ipso
602 2966 754 3051 dignitas,
784 2970 840 3034 vix
868 2968 999 3033 auderet
1025 2988 1178 3033 eoneeen·
1231 2987 1310 3051 quae
1332 2967 1471 3050 profecto
1499 2971 1544 3032 eat
1565 2964 1759 3050 Babylonem
1787 2965 1863 3053 (hoe
1890 2980 1954 3044 est,
1984 2966 2039 3050 qui
2068 2967 2199 3034 abduoti

211 3054 288 3119 dere
310 3054 438 3118 solium.
481 3053 573 3118 Haeo
602 3053 704 3136 igitur
732 3055 907 3136 probabilis
935 3065 985 3119 est
1006 3054 1179 3118 sententia.
1232 3057 1376 3130 luerunt,
1406 3053 1459 3119 vel
1481 3053 1535 3135 qui
1558 3053 1692 3136 profesti
1715 3061 1805 3130 sunt,
1839 3053 1895 3119 sed
1918 3053 2079 3118 violenter
2100 3053 2199 3119 tratti

211 3140 330 3205 Postea
351 3140 427 3204 dioit
449 3135 645 3204 ίῚιαιιαιιιαιη
662 3159 764 3207 seeum
780 3141 938 3222 Quotam
957 3140 1059 3222 fuisse
1076 3159 1180 3203 eoram
1232 3139 1355 3224 tamen)
1384 3159 1436 3223 epo
1458 3139 1603 3206 reducam
1633 3139 1676 3204 od
1704 3139 1785 3205 burte
1811 3140 1923 3224 locam,
1952 3138 2028 3206 dicit
2050 3139 2202 3206 Iebooab:

213 3226 311 3291 oeteis
331 3225 528 3290 sacedotum
549 3230 576 3289 et
597 3227 691 3290 totius
706 3227 830 3308 pepedi.
877 3224 1001 3293 Saltem
1025 3224 1180 3289 debuerat
1231 3227 1309 3310 quio
1330 3225 1459 3290 semmei
1479 3225 1588 3310 tapam
1608 3225 1692 3308 repis
1714 3223 1897 3310 Babylonis.

211 3310 407 3377 Ohananiab
426 3310 549 3375 moveri
567 3332 666 3393 quum
686 3311 812 3376 videret
826 3312 999 3377 Ieremiam
1018 3311 1063 3375 ita
1081 3309 1178 3394 loqui.

210 3397 287 3480 Ipse
309 3397 436 3461 nullum
466 3395 606 3460 babebat
631 3417 710 3462 suae
731 3399 910 3464 voeationis
939 3397 1178 3462 testimonium:
1317 3397 1483 3462 Promittit
1505 3395 1699 3463 Obananiab
1731 3397 1770 3462 ds
1793 3398 1863 3481 ipso
1885 3418 1961 3481 rege
1987 3397 2072 3482 quod
2094 3417 2200 3480 nuper

211 3485 276 3548 imo
302 3492 373 3548 erat
400 3483 566 3564 impostor,
596 3493 629 3546 et
651 3483 773 3548 solebat
794 3505 829 3549 se
852 3484 933 3549 nihil
963 3482 1051 3548 aliud
1082 3503 1180 3566 agere
1232 3481 1272 3550 de
1293 3483 1381 3549 vasis
1404 3483 1517 3567 templi
1540 3492 1573 3546 et
1594 3483 1707 3566 palatii
1729 3483 1948 3567 praedixerat.
1986 3483 2050 3551 Sed
2074 3483 2198 3566 quaeri-

210 3589 309 3651 quam
342 3579 380 3633 ut
412 3567 567 3651 populum
601 3569 780 3650 desiperet:
817 3575 851 3634 et
883 3579 993 3634 tamen
1026 3568 1181 3634 audaotsr
1232 3581 1294 3646 tur,
1316 3570 1477 3652 quomodo
1499 3589 1598 3634 ausus
1620 3569 1718 3634 fuerit
1739 3589 1829 3652 spem
1852 3568 1959 3634 faeere
1983 3568 2200 3636 restitutionis

210 3655 357 3738 persistit
378 3653 412 3718 in
436 3674 495 3718 suo
525 3654 701 3738 proposito,
731 3664 764 3719 et
786 3677 820 3721 se
843 3656 936 3738 quasi
966 3675 1009 3720 ox
1038 3656 1180 3736 professo
1230 3654 1416 3733 Ieohoniae,
1450 3675 1551 3737 quum
1583 3655 1662 3719 illud
1694 3654 1829 3720 minime
1862 3667 1991 3738 gratum
2024 3663 2110 3720 esset
2137 3654 2198 3720 Ze·

209 3741 345 3823 ingerit,
378 3750 415 3805 ut
444 3751 593 3805 conserat
625 3761 758 3805 manum
791 3762 865 3807 oum
894 3740 1057 3826 propbeta
1086 3762 1122 3806 ao
1152 3742 1180 3806 si
1231 3741 1374 3807 deohiae.
1416 3740 1488 3805 Non
1512 3741 1619 3822 potuit
1640 3739 1727 3804 enim
1751 3761 1866 3806 rursus
1888 3740 2022 3823 adipisoi
2045 3738 2200 3806 Ieohonia

209 3826 331 3892 bellum
355 3825 535 3907 suseiperet
557 3847 630 3890 oum
654 3826 734 3891 Deo.
780 3826 869 3892 Dieit
897 3827 1089 3909 eontrarium
1116 3845 1181 3892 esee
1231 3826 1316 3910 quod
1338 3825 1532 3910 perdiderat,
1556 3826 1619 3892 nisi
1642 3823 1789 3891 abdioato
1812 3824 1983 3891 Zedeobia.
2023 3825 2201 3908 Nunquam

209 3913 320 3995 iopam
340 3912 423 3995 repis
445 3909 553 3994 Bate,
584 3913 646 3978 hoo
668 3923 725 3990 est,
755 3913 963 3997 tyrannidem
986 3913 1086 3984 illam.
1116 3932 1180 3994 qna
1231 3923 1339 3979 antem
1372 3912 1485 3977 fuisset
1519 3911 1580 3976 hoo
1609 3932 1713 3994 aequo
1743 3911 1852 3975 animo
1876 3931 1992 3992 passus
2014 3932 2048 3977 se
2071 3912 2141 3996 oogi
2164 3914 2199 3976 in

209 3999 367 4080 populum
396 4007 601 4079 oppresserat
633 3997 716 4062 brevi
746 3999 883 4081 frustum
917 3998 968 4063 vel
1001 3997 1176 4061 oontritum
1230 3999 1387 4074 ordinem,
1410 4008 1442 4062 et
1459 3997 1528 4062 fieri
1549 3997 1716 4080 privatum
1736 3997 1915 4062 hominem:
1939 4018 2012 4062 eum
2032 4017 2118 4078 vero,
2143 3998 2200 4081 qui

209 4085 261 4149 iri.
299 4083 366 4149 Sed
389 4081 504 4148 alludit
525 4083 565 4147 ad
588 4085 712 4167 iugum,
736 4085 821 4166 quod
845 4084 994 4149 induerat
1013 4083 1178 4163 Ieremias,
1230 4083 1398 4150 abdioetus
1427 4093 1497 4148 erat
1525 4083 1582 4147 illo
1611 4083 1712 4167 gradu
1748 4081 1895 4160 honoris,
1929 4084 2048 4148 iterum
2083 4082 2198 4149 redire.

210 4170 308 4236 sinoti
329 4168 425 4251 paulo
447 4177 521 4250 post
542 4167 733 4234 videbimus.
776 4170 848 4236 Hoe
871 4182 920 4235 est
940 4169 1070 4234 initium
1093 4169 1178 4234 vati·
1232 4169 1296 4237 Sed
1321 4169 1454 4235 minime
1477 4169 1610 4234 dubium
1633 4178 1683 4234 est
1701 4169 1780 4250 quin
1804 4167 1944 4235 ebnfisus
1967 4170 2065 4235 fuerit
2086 4168 2200 4252 populi

210 4256 304 4337 oinii,
338 4275 401 4318 non
431 4273 501 4319 esse
533 4275 590 4319 eur
623 4253 797 4320 formident
827 4255 941 4321 Iudaei
974 4265 1179 4338 praesentem
1231 4256 1346 4342 gratia,
1377 4255 1494 4320 deinde
1516 4256 1595 4339 quin
1618 4263 1707 4321 esrto
1729 4275 1905 4339 persuasus
1927 4256 2028 4319 luerit
2050 4255 2149 4320 etiam
2172 4255 2200 4321 si

210 4342 299 4425 regis
329 4338 508 4424 Babylonis
541 4342 734 4422 potentiam,
768 4344 843 4425 quia
872 4342 965 4408 Deus
995 4342 1058 4406 sito
1087 4341 1177 4406 illum
1231 4342 1364 4426 indigne
1386 4343 1484 4406 ferret
1506 4340 1683 4406 Zedeobias
1706 4361 1741 4405 se
1762 4340 1809 4405 ita
1831 4340 1979 4417 diminui,
2013 4347 2124 4405 tamen
2147 4361 2200 4408 oo·

211 4439 348 4492 evertet.
392 4425 505 4508 Neque
534 4427 621 4490 enim
643 4447 732 4507 spem
756 4429 922 4510 eonoipere
952 4437 1102 4512 poterant
1130 4449 1180 4491 rs·
1230 4438 1364 4513 geretur
1394 4427 1495 4492 alium
1527 4427 1679 4492 effaetum
1711 4446 1788 4509 prae
1818 4447 1853 4490 se
1881 4427 1975 4492 ferre.
2023 4426 2201 4493 Zedeohias

212 4513 390 4577 stitutionis
413 4531 500 4586 suae,
523 4510 576 4576 vel
598 4512 742 4577 melioris
764 4523 877 4590 status,
908 4513 1011 4578 donee
1032 4533 1178 4597 pessum·
1231 4515 1319 4579 enim
1342 4517 1410 4597 ipse
1432 4514 1477 4578 sio
1500 4513 1658 4597 regnabat
1680 4521 1717 4576 ut
1739 4531 1812 4576 eum
1836 4511 1973 4594 puderet
1995 4532 2072 4579 suae
2094 4512 2200 4596 digni·

212 4597 289 4662 data
310 4607 395 4663 esset
422 4596 479 4662 illa
500 4597 700 4662 monarehia.
744 4597 944 4680 Quantisper
965 4599 1053 4663 enim
1078 4598 1179 4663 domi·
1231 4601 1318 4677 tatis,
1352 4599 1428 4682 quia
1457 4619 1523 4663 non
1552 4597 1683 4662 sedebat
1716 4597 1750 4661 in
1781 4596 1860 4664 solio
1883 4597 2021 4663 Davidis
2054 4599 2200 4682 legitimo

210 4693 308 4749 natos
330 4693 415 4750 esset
436 4705 493 4747 rex
516 4682 704 4767 Babylonis,
732 4686 868 4750 minime
889 4686 1085 4766 sperandum
1110 4695 1179 4748 erat
1231 4685 1444 4752 sueoeseionis
1466 4685 1545 4748 iure.
1591 4683 1767 4766 Impositos
1796 4683 1902 4749 luerat
1925 4704 1943 4747 a
1965 4694 2113 4770 tyranno,
2142 4705 2200 4748 ne·

212 4779 249 4834 ut
271 4781 386 4852 sponte
408 4771 588 4833 remitteret
616 4769 788 4846 tributum,
818 4781 855 4835 ut
876 4770 1005 4836 Iudaeis
1031 4769 1180 4834 redderet
1232 4792 1294 4854 que
1316 4772 1414 4836 etiam
1433 4769 1573 4835 audebat
1594 4769 1682 4833 aliud
1705 4769 1836 4854 signum
1856 4768 1933 4834 dare
1952 4768 2081 4852 populo,
2104 4789 2200 4852 quam

212 4857 322 4920 omnia
354 4855 468 4938 templi
497 4876 584 4920 vasa.
629 4853 750 4938 Ineipit
783 4857 885 4940 igitur
912 4854 1106 4923 Chananiab
1140 4853 1180 4918 ab
1230 4878 1302 4923 sese
1324 4876 1441 4939 supere
1463 4863 1499 4919 ut
1521 4855 1643 4920 rediret
1664 4855 1832 4936 Ieohonia,
1862 4867 1894 4920 et
1916 4857 2078 4938 potiretur
2099 4875 2201 4938 regno

213 4942 274 5007 heo
302 4952 407 5023 parte,
440 4939 525 5022 quod
553 4939 675 5006 seilicet
705 4950 852 5007 oonteret
881 4942 972 5007 Deus
1002 4941 1178 5024 potentiam
1231 4963 1294 5026 qno
1316 4949 1434 5006 exutus
1456 4940 1572 5007 fuerat.
1607 4941 1717 5021 Quum
1741 4962 1818 5026 ergo
1841 4943 1938 5008 seirat
1960 4940 2021 5004 iste
2044 4941 2201 5089 impostor

212 5029 300 5110 regis
332 5026 513 5110 babylonii,
553 5037 589 5092 ut
621 5037 756 5111 cogatur
789 5027 870 5093 velit
903 5029 984 5092 nolit
1017 5025 1180 5091 dimittere
1231 5047 1341 5111 regem
1374 5047 1541 5109 nunquam
1575 5047 1646 5092 esse
1679 5047 1833 5093 ausurum
1868 5025 2039 5092 ostendere
2072 5025 2200 5109 aiquod

213 5113 350 5178 liberum
375 5113 542 5195 populum.
568 5114 619 5177 vel
643 5125 679 5178 ut
701 5114 840 5197 populus
863 5115 932 5194 lpse
954 5116 1087 5194 impune
1109 5133 1180 5177 sese
1231 5111 1417 5179 iraouudiae
1438 5113 1579 5196 signum,
1608 5134 1701 5179 suam
1724 5134 1802 5178 vero
1824 5112 2027 5196 prophetiam
2052 5111 2122 5177 lore
2142 5133 2200 5196 po-

213 5199 329 5282 eripiat
352 5221 394 5264 ex
417 5199 613 5264 subieotione
635 5201 713 5266 eius.
758 5199 880 5266 Postea
902 5199 1058 5282 adiungit,
1232 5200 1309 5282 pulo
1330 5197 1503 5263 iuoundam
1532 5213 1565 5262 et
1586 5198 1805 5281 plausibilem,
1838 5195 1911 5262 ideo
1943 5195 2097 5264 audaeter
2126 5220 2201 5280 pro·

454 5325 457 5332 ·
1233 5285 1321 5351 misit
1350 5281 1670 5369 quodhiolegimus
1693 5283 1861 5350 deradito
1884 5282 2067 5350 Ieohoniae.
2112 5284 2203 5368 Ergo

1205 5338 1310 5437 ldisit
1338 5370 1373 5434 in
1404 5369 1467 5435 Dei
1498 5389 1653 5452 persona,
1689 5369 1864 5434 leobooiem
1895 5369 2000 5451 fitium
2029 5369 2204 5437 Ieboiuloim

1946 5471 1996 5526 36·
