5038 6118
179 363 238 430 121
903 368 953 434 IN
976 367 1224 436 IEREMIAM.
1270 366 1369 433 OAP.
1392 368 1456 435 XI.
2122 374 2184 438 122

178 553 337 634 ostendit,
369 554 479 620 Deum
514 564 625 622 tamen
659 577 774 623 severe
802 563 953 624 acturum
982 577 1053 623 esse
1082 577 1155 622 cum
1208 555 1311 621 ferre:
1341 562 1376 620 et
1398 555 1669 637 quemadmodum
1691 555 1761 638 ipse
1783 565 1833 622 est
1855 558 2003 645 cognitor
2024 559 2181 648 cordium,

177 639 328 717 Iudaeis,
361 643 516 723 quoniam
549 662 615 707 nou
651 643 837 709 destiterint
869 662 1046 727 provocare
1069 641 1156 710 illius
1207 651 1242 705 et
1263 640 1536 723 quemadmodum
1560 639 1641 705 nihil
1664 641 1771 724 ipsum
1795 643 1895 727 legit,
1919 653 1951 706 et
1974 645 2180 728 quemadmo-

178 726 262 792 iram
284 726 354 791 suis
376 726 555 792 maleficiis.
600 726 680 794 Ideo
702 728 781 795 dicit
801 729 911 812 secisse
932 729 1008 792 sibi:
1036 729 1155 792 subau·
1207 725 1285 791 dum
1309 738 1459 810 penetrat
1482 727 1516 790 in
1540 727 1752 810 cogitationes
1774 735 1808 793 et
1829 729 1981 794 affectus:
2015 731 2060 796 ita
2083 734 2178 798 etiam

179 811 274 876 diunt
295 812 437 894 quidam,
458 812 505 878 Et
525 811 599 878 ideo
621 815 753 880 eveniet
775 816 865 898 ipsis.
900 815 1001 896 Atqui
1025 813 1157 878 videtur
1208 811 1310 877 voluit
1333 811 1433 876 verbo
1455 833 1515 876 suo
1538 811 1626 894 quod
1649 811 1684 876 in
1714 833 1769 878 ere
1799 833 1872 879 meo
1899 815 2022 897 posuit,
2057 817 2091 880 in
2114 839 2179 884 me·

178 897 275 981 louge
298 897 373 978 plus
402 897 566 964 efficaciae
593 900 726 965 subesse
755 899 791 964 in
821 898 999 982 prophetae
1030 899 1155 964 verbis:
1207 895 1297 962 dium
1322 897 1459 980 proferri
1482 916 1565 978 quae
1587 898 1710 980 putatis
1732 919 1803 964 esse
1824 900 1960 980 occulta.
1992 898 2089 966 Nune
2104 923 2180 986 ergo

177 982 263 1065 quod
286 982 410 1048 scilieet
432 982 494 1048 sibi
516 983 597 1067 ipsis
620 984 756 1050 fecerint
785 985 919 1061 malum,
948 985 1011 1049 hoc
1033 993 1091 1062 est,
1120 983 1154 1047 in
1208 992 1357 1048 tenemus
1379 1003 1511 1047 sensum
1536 982 1723 1065 prophetae.
1761 984 1829 1048 Alii
1850 994 1958 1050 autem
1981 1005 2074 1052 secus
2097 990 2179 1056 aeci·

177 1088 271 1132 suam
293 1069 484 1151 perniciem.
528 1067 645 1147 Addit,
673 1069 729 1136 Ac
744 1070 978 1153 prouoemadum
1000 1089 1065 1148 mc,
1095 1069 1155 1133 boc
1206 1069 1319 1150 piant:
1350 1067 1435 1151 quod
1458 1065 1583 1134 seilicet
1604 1067 1696 1134 Deus
1719 1069 1908 1152 patefecerit
1930 1090 2025 1136 servo
2048 1094 2106 1139 suo
2128 1075 2179 1142 le·

177 1164 237 1229 est,
260 1173 361 1236 quum
386 1154 507 1219 vellent
531 1174 583 1219 me
605 1174 792 1237 provocare.
828 1154 870 1220 In
892 1175 1031 1236 summe,
1054 1154 1154 1238 signi·
1206 1154 1328 1217 remise
1350 1154 1482 1235 impiam
1504 1152 1787 1235 conspirationem,
1810 1155 1850 1220 de
1868 1174 1932 1238 qua
1946 1165 2060 1238 postea
2074 1158 2179 1244 loqui·

176 1238 256 1304 licat
277 1236 370 1304 Deus
388 1260 423 1305 se
446 1241 548 1304 iustas
572 1260 692 1321 poenas
714 1251 924 1323 sumpturum
948 1239 989 1304 de
1011 1239 1154 1314 Iudaeis,
1206 1245 1277 1302 tur:
1301 1250 1333 1304 et
1355 1238 1403 1302 its
1425 1241 1625 1304 connectunt
1647 1240 1745 1304 simul
1767 1239 1850 1306 duos
1867 1261 1992 1307 versus.
2025 1241 2092 1308 Sed
2111 1265 2178 1311 non

176 1325 330 1406 quoniam
359 1324 421 1390 sibi
451 1325 533 1408 ipsis
562 1326 686 1391 malum
716 1326 964 1392 accersiverint:
995 1337 1027 1390 et
1055 1325 1152 1390 simul
1206 1322 1319 1389 dubito
1342 1325 1420 1406 quin
1443 1324 1604 1408 propheta
1637 1324 1691 1390 hio
1718 1323 1857 1393 voluerit
1885 1326 2057 1392 estendere
2084 1330 2178 1412 quale

177 1419 287 1474 tamen
310 1409 454 1475 ostendit
476 1410 602 1475 fontem
624 1411 720 1493 mali,
750 1415 826 1495 quia
855 1412 1019 1477 volueriut
1045 1410 1152 1476 Deum
1206 1419 1240 1473 et
1262 1417 1422 1492 quantum
1446 1409 1574 1492 pondus
1592 1409 1728 1476 haberet
1742 1431 1801 1476 sua
1817 1409 1973 1490 doctrina,
1996 1414 2048 1477 cui
2063 1413 2177 1482 Iudaei

177 1515 355 1578 prouocare
377 1495 529 1576 offumdo
550 1495 694 1578 suffitum
716 1494 815 1565 Boal.
860 1496 1027 1580 Sequitur,
1206 1495 1364 1576 putabant
1386 1516 1422 1560 se
1443 1516 1572 1562 omnem
1597 1496 1804 1561 autoritatem
1828 1506 1862 1562 st
1883 1495 1981 1562 fldem
1996 1496 2175 1578 detrahere,

566 1638 571 1647 ,
1205 1600 1305 1663 quum
1327 1581 1490 1647 iactarent
1512 1580 1677 1646 hominem
1701 1582 1869 1645 mortalem
1894 1579 1968 1662 plus
1990 1603 2093 1666 aequo
2115 1585 2175 1650 sibi

264 1665 315 1732 18.
349 1665 392 1730 nt
422 1664 558 1731 Isbooab
587 1667 718 1732 cumdii
746 1667 826 1734 milui
861 1667 1070 1754 (cognoscere
1101 1690 1153 1734 me
1205 1686 1349 1749 sumere,
1383 1678 1416 1730 et
1437 1667 1555 1732 offerre
1583 1666 1726 1732 incertas
1756 1665 1980 1732 divinationes.
2024 1669 2115 1752 Ergo
2141 1681 2176 1737 nt

175 1750 266 1836 lecit)
287 1757 315 1816 et
336 1753 483 1834 meamet:
508 1756 581 1817 tuuc
599 1752 774 1834 patefecisti
793 1753 873 1819 mitt
895 1773 991 1834 opera
1009 1754 1153 1836 meorum
1205 1750 1376 1833 repelleret
1399 1750 1481 1818 tales
1510 1751 1706 1826 calumnias,
1741 1751 1852 1816 testari
1885 1751 1992 1816 voluit
2024 1774 2059 1818 se
2092 1755 2175 1822 nibil

176 1835 252 1921 (vel,
274 1835 450 1916 instituta).
1203 1835 1268 1900 illis
1292 1837 1408 1901 minari
1437 1846 1576 1915 temere,
1607 1857 1711 1920 neque
1740 1838 1839 1902 etiam
1868 1859 1908 1902 ex
1939 1838 2175 1921 suspicionibus

1203 1921 1310 2004 loqui,
1341 1921 1394 1988 vel
1424 1922 1634 2000 coniecturis,
1668 1943 1769 2005 quum
1792 1921 1932 1988 antebac
1960 1922 2115 1990 disseruit
2136 1927 2177 1992 de

264 2004 397 2072 Scimus
419 2008 669 2076 scelestissimos
684 2028 837 2092 quosque,
861 2009 959 2075 etiam
975 2010 1002 2074 si
1019 2018 1152 2074 tenean-
1202 2007 1351 2090 ipserum
1384 2007 1572 2074 sceleribus:
1608 2007 1664 2072 sed
1699 2015 1828 2072 tantum
1862 2007 2004 2073 fideliter
2023 2011 2177 2096 prolerre

177 2099 232 2156 tur
252 2092 405 2172 convicti,
428 2115 492 2158 non
516 2103 627 2160 tamen
645 2093 784 2160 libenter
798 2094 912 2162 cedere
928 2105 961 2160 et
976 2114 1151 2178 agnoscere
1203 2090 1286 2175 quod
1311 2091 1469 2158 divinitus
1491 2092 1676 2158 iniunctum
1699 2102 1776 2172 erat,
1799 2103 1834 2157 st
1854 2095 2053 2176 patefactum
2076 2097 2175 2162 etiam

176 2195 215 2242 ac
235 2176 331 2242 lateri
354 2179 503 2260 culpam:
535 2179 593 2245 sed
616 2180 754 2245 lremere
780 2180 936 2246 advorsus
959 2179 1085 2257 Deum,
1119 2191 1151 2246 ct
1202 2198 1221 2242 a
1254 2178 1371 2260 spiritu
1403 2189 1530 2243 sancto:
1569 2176 1663 2243 Haeo
1695 2188 1744 2242 est
1780 2196 1918 2246 samma.
1972 2179 2091 2246 Postea
2124 2203 2175 2248 ee·

175 2261 348 2345 insurgere
381 2265 479 2328 etiam
511 2264 669 2331 adversus
702 2267 888 2350 prophetas.
932 2265 1019 2347 Quia
1041 2276 1149 2331 autem
1201 2262 1323 2345 quitur,

176 2345 282 2427 palam
305 2368 371 2412 non
401 2349 524 2415 audent
557 2371 707 2417 evomere
740 2371 799 2416 sua
832 2351 980 2417 saerile'
1036 2363 1150 2417 contra
1930 2379 1934 2388 ⁴

174 2431 300 2512 Deum,
330 2433 568 2516 aggrediuntur
591 2456 702 2502 servos
731 2437 819 2516 eius,
848 2447 882 2502 et
908 2372 1025 2502 suffit
1052 2436 1149 2502 simul
1289 2433 1340 2498 19.
1371 2432 1441 2518 Epo
1464 2437 1566 2498 cutem
1589 2433 1684 2516 quasi
1706 2452 1815 2517 aquus,
1844 2432 1898 2498 bos
1919 2433 2030 2500 ductus
2051 2437 2094 2502 cd
2115 2439 2173 2502 im·

178 2516 281 2583 videri
303 2538 377 2584 oum
401 2519 467 2584 illis
497 2521 561 2586 sibi
589 2543 660 2588 esso
689 2523 869 2605 negotium.
914 2523 959 2587 Et
990 2523 1052 2590 hoc
1084 2543 1148 2587 non
1200 2518 1381 2584 molcudum
1413 2518 1469 2602 (od
1502 2517 1744 2604 mactandum),
1782 2523 1809 2584 ct
1840 2538 1901 2584 uou
1933 2522 2060 2603 ccpucui
2090 2524 2174 2605 quod

174 2603 236 2667 fuit
257 2604 357 2668 unius
380 2614 510 2670 tantum
533 2606 655 2673 saeculi
676 2607 813 2686 vitium,
846 2608 903 2674 sed
933 2608 1029 2673 hodie
1051 2609 1147 2673 etiam
1200 2611 1306 2670 ecura
1338 2624 1386 2669 uae
1415 2607 1583 2688 cogitarent
1615 2605 1811 2688 copllctioues
1843 2604 1917 2688 (boo
1951 2615 2020 2686 est,
2052 2608 2174 2675 inirent

173 2686 261 2752 idem
293 2690 491 2772 experimur.
536 2690 623 2756 Nem
652 2692 679 2758 si
706 2692 841 2759 liberius
873 2703 1083 2777 penetramus
1112 2693 1148 2757 in
1200 2689 1346 2766 consilia,
1369 2688 1509 2775 nempe),
1530 2708 1766 2770 corrumpamus
1788 2689 1873 2773 liquo
1889 2711 2008 2772 pacem
2028 2694 2096 2759 eius
2117 2693 2171 2778 (ad

175 2792 294 2838 arcana
316 2774 448 2851 scelera,
472 2777 583 2842 statim
606 2777 734 2860 profani
753 2777 902 2845 homines
927 2778 1147 2862 obganniunt:
1201 2775 1338 2840 verbum
1368 2788 1434 2854 est,
1467 2775 1724 2858 corrumpamus
1757 2775 1883 2859 lignum
1917 2777 1952 2839 in
1985 2797 2084 2858 pane:
2115 2777 2171 2844 sed

175 2855 286 2938 Quid?
309 2858 365 2924 isti
387 2857 552 2926 divinant:
583 2873 616 2927 et
638 2863 712 2946 quis
732 2863 798 2930 illis
821 2863 993 2947 patefecit?
1023 2885 1064 2930 an
1088 2863 1147 2929 hu·
1201 2861 1346 2926 dicemus
1379 2871 1452 2942 post
1484 2859 1525 2925 de
1558 2881 1655 2926 sensu
1692 2859 1893 2942 verborum),
1932 2866 1959 2926 ct
1990 2863 2172 2930 caedamus

174 2943 253 3008 bent
274 2943 337 3010 hoo
359 2945 529 3012 oraculum
551 2969 569 3012 e
591 2948 704 3016 coele?
737 2948 840 3030 Quasi
863 2971 941 3014 vero
964 2971 1024 3016 neo
1041 2968 1148 3014 sermo
1199 2964 1270 3010 cum
1291 2967 1307 3011 e
1328 2951 1412 3012 terra
1433 2947 1589 3016 uiuorum:
1622 2950 1650 3012 ct
1670 2963 1780 3011 uorum
1802 2945 1871 3009 eius
1899 2965 1961 3010 tacu
1988 2954 2172 3014 memoretur

174 3027 254 3106 Dei,
288 3051 348 3096 uec
369 3031 505 3115 spiritus
527 3033 597 3099 eius
620 3033 689 3098 vim
711 3055 805 3100 suam
829 3045 974 3114 exserat,
1005 3034 1068 3099 nisi
1092 3034 1147 3099 ubi
1197 3029 1344 3114 uccpls'ue.

173 3113 268 3197 pueri
290 3127 428 3198 possunt
447 3137 519 3183 esse
540 3118 673 3184 iudices.
710 3118 778 3185 Sed
801 3128 910 3187 tamen
931 3119 993 3186 hoe
1014 3118 1149 3186 oonsilio

172 3199 402 3352 {illidii
417 3197 886 3372 ltt⁸⁰ttl⁸⁸tttt⁰t0t
906 3205 1037 3375 lilii?
1052 3205 1149 3356 llil
1199 3200 1349 3371 ,mil
1376 3201 1540 3372 {lilii}
1559 3199 2170 3369 1tlttuffi⁰tu⁷ttltttc⁸⁰utt

173 3367 215 3434 ad
237 3378 394 3436 terrestre
416 3372 547 3455 aliquod
570 3375 723 3451 tribunal,
746 3385 779 3440 et
800 3375 867 3441 illic
884 3377 981 3443 claris
996 3388 1029 3440 et
1043 3375 1145 3459 pluri·
1198 3371 1313 3438 Iudaei
1335 3373 1395 3440 hoo
1421 3379 1594 3458 praetextu
1623 3371 1780 3456 repellere
1809 3373 1878 3438 eius
1906 3371 2101 3455 doctrinam,
2133 3397 2170 3442 ae

173 3455 235 3520 bus
265 3457 460 3524 testimoniis
492 3461 655 3526 convinci.
698 3460 772 3527 Hac
805 3463 930 3528 ratiorm
963 3461 1041 3528 dicit
1072 3482 1146 3543 pro·
1198 3459 1226 3524 si
1249 3459 1418 3525 iracundia
1439 3468 1608 3542 permotus
1631 3459 1677 3521 ita
1699 3458 1817 3522 aeriter
1839 3465 1873 3521 et
1887 3477 2000 3540 aspere
2015 3479 2089 3524 cum
2105 3459 2170 3526 illis

173 3539 272 3623 pheta
287 3543 451 3626 patefacta
471 3544 533 3610 sibi
562 3565 627 3612 esec
655 3547 771 3612 coelem
798 3549 902 3630 peratis
928 3567 1020 3613 usae.-
1052 3548 1146 3630 quasi
1199 3553 1320 3628 ageret.
1364 3545 1409 3609 Et
1430 3551 1519 3610 certo
1541 3542 1688 3627 quisquis
1708 3543 1776 3607 suis
1806 3543 1976 3608 affectibus
2002 3547 2169 3626 permittet

172 3625 308 3708 diceret,
347 3628 455 3694 Video
494 3629 580 3697 hano
613 3633 837 3716 exceptionem
874 3633 969 3699 vobis
1004 3633 1071 3697 fore
1110 3632 1144 3696 in
1199 3630 1251 3696 vel
1272 3630 1445 3695 minimum
1468 3629 1603 3713 aliquid,
1638 3648 1703 3694 non
1732 3628 1851 3710 poterit
1879 3627 2005 3694 sincere
2036 3629 2168 3696 docere:

172 3725 343 3796 promptu,
371 3714 645 3796 quemadmodum
668 3717 779 3782 soletis
801 3718 941 3801 superbe
964 3739 1021 3783 vos
1045 3737 1144 3800 oppo·
1198 3714 1274 3797 quia
1297 3734 1427 3782 necesse
1448 3722 1499 3780 est
1520 3734 1594 3780 cum
1617 3713 1673 3796 qui
1695 3734 1730 3779 se
1746 3713 1786 3778 ad
1802 3733 1923 3778 munus
1938 3714 2167 3796 prophetienm

172 3818 250 3862 nere
273 3800 423 3866 omnibus
441 3802 751 3884 reprehensionibus
766 3812 800 3868 et
814 3804 922 3884 minis,
944 3804 1036 3885 quasi
1053 3801 1145 3869 vobis
1197 3800 1354 3885 accingit,
1386 3809 1521 3866 exutum
1555 3799 1706 3864 omnibus
1738 3799 1845 3864 carnis
1877 3818 1956 3864 suae
1989 3799 2168 3880 affectibus,

172 3891 300 3948 tantum
323 3905 398 3950 eum
419 3885 606 3952 hominibus
621 3887 812 3954 certandum
828 3899 922 3955 esset.
956 3889 1057 3971 Atqui
1078 3890 1144 3952 iam
1196 3885 1315 3952 afferre
1344 3881 1465 3969 purum
1495 3896 1527 3950 et
1553 3883 1715 3967 liquidum
1744 3882 1793 3969 (ut
1815 3885 1861 3948 ita
1886 3884 2015 3970 loquar)
2044 3886 2166 3951 uelum:

172 3978 249 4032 ante
270 3969 363 4034 vobis
384 3980 496 4049 testor,
519 3993 572 4039 me
594 3972 678 4038 nihil
700 3974 868 4057 proprium
887 3975 1014 4050 afferre,
1038 3992 1145 4054 nequo
1197 3970 1315 4037 deinde
1336 3971 1435 4036 etiam
1458 3979 1603 4037 mentem
1625 3971 1687 4034 rite
1708 3971 1928 4053 compositam,
1956 3970 2004 4034 ita
2027 3981 2063 4034 ut
2085 3971 2167 4037 nihil

172 4052 320 4119 divinare
348 4055 426 4137 quid
455 4058 543 4122 inlus
573 4059 710 4143 quisque
738 4069 883 4126 vestrum
919 4060 1052 4142 cogitet:
1087 4058 1144 4124 sed
1197 4065 1342 4139 quaerat,
1364 4065 1422 4122 aut
1444 4056 1562 4122 habeat
1581 4053 1782 4139 propositum
1798 4064 1928 4135 praeter
1944 4055 2006 4120 Dei
2029 4056 2166 4139 gloriam

172 4140 286 4204 scitote
308 4139 428 4218 Deum,
450 4143 507 4224 qni
528 4144 678 4228 cognitor
700 4153 750 4210 est
771 4145 929 4226 cordium,
952 4144 1035 4210 mihi
1053 4164 1145 4209 man·
1197 4145 1232 4206 et
1263 4142 1401 4207 salutem
1435 4161 1546 4208 eorum
1579 4141 1696 4226 quibus
1735 4139 1916 4223 praelautus
1956 4148 2006 4206 est
2045 4140 2166 4207 doctor.

171 4223 266 4290 duce
286 4223 348 4290 bas
369 4235 489 4310 partes.
509 4228 639 4294 .Voluit
661 4231 761 4314 igitur
783 4251 836 4296 me
859 4252 930 4296 esse
951 4250 1144 4312 praeconem
1197 4227 1355 4309 Quisquis
1383 4247 1462 4312 ergo
1495 4226 1635 4311 propriis
1668 4224 1838 4292 affectibus
1871 4224 2067 4307 impellitur,
2101 4248 2166 4291 non

171 4329 249 4375 suae
272 4311 451 4390 vindictae,
483 4313 590 4379 voluit
623 4336 676 4381 me
710 4336 781 4382 esse
808 4317 899 4400 quasi
929 4316 1076 4381 socialem
1103 4313 1145 4380 ed
1198 4313 1319 4396 poterit
1341 4313 1403 4378 nisi
1427 4313 1614 4378 turbulente
1637 4331 1751 4395 agere:
1773 4311 1818 4374 ita
1840 4331 1900 4376 neo
1921 4311 2041 4393 poterit
2057 4312 2166 4394 probe,

171 4394 293 4460 bellum
315 4396 409 4463 vobis
431 4398 708 4466 denuntiandum:
742 4403 789 4468 ita
820 4422 887 4467 non
917 4402 1011 4467 venio
1039 4421 1144 4484 neque
1196 4419 1301 4481 neque
1333 4398 1431 4464 etiam
1465 4419 1538 4465 cum
1573 4396 1682 4463 fructu
1720 4397 1854 4478 exsequi
1891 4396 2071 4480 prophetae
2111 4410 2168 4462 aut

172 4501 234 4564 ago
255 4500 328 4548 mee
349 4484 498 4549 nomine:
521 4505 600 4569 ergo
622 4507 687 4552 non
709 4497 769 4567 est,
792 4509 852 4554 cur
873 4508 932 4554 vos
947 4486 1067 4552 fallatis
1085 4507 1145 4569 pro
1198 4484 1338 4551 doctoris
1359 4504 1491 4550 munus.
1527 4483 1617 4566 Ergo
1639 4483 1799 4567 propheta
1820 4480 1964 4548 meando
1986 4482 2055 4548 loeo
2078 4503 2166 4548 nuno

172 4585 262 4630 more
291 4579 462 4652 perpetuo,
497 4570 591 4652 quasi
622 4591 684 4654 ego
715 4593 775 4638 vos
808 4580 931 4639 temere
959 4592 1144 4656 coarguam,
1196 4571 1363 4654 adiungit,
1396 4591 1432 4635 se
1462 4590 1527 4634 oon
1558 4588 1655 4651 agere
1684 4567 1848 4651 propriam
1878 4587 2029 4651 eausam,
2061 4589 2167 4651 neque

172 4671 272 4733 quum
301 4662 412 4720 tamen
441 4655 567 4722 seelera
596 4667 704 4722 vestra
733 4659 799 4723 sint
826 4657 1025 4724 abscondita.
1070 4656 1144 4723 Hoc
1197 4655 1317 4721 habere
1339 4662 1523 4738 respectum
1541 4674 1620 4720 suae
1638 4673 1805 4736 personae,
1824 4662 1862 4716 ut
1880 4652 2068 4734 loquuntur,
2090 4654 2166 4734 quic

172 4735 259 4802 enim
282 4740 449 4820 proprium
472 4748 522 4806 est
543 4741 609 4807 Dei
631 4761 761 4821 munus,
791 4763 987 4828 cognoscere
1009 4741 1087 4826 quid
1108 4743 1143 4807 in
1195 4741 1356 4808 ucecimm't
1377 4740 1454 4822 quid
1474 4738 1646 4804 mccbiuats'
1667 4743 1765 4806 esseut
1787 4739 1902 4805 Iudaei
1921 4743 2027 4806 contre
2050 4739 2164 4820 ipm.

172 4820 324 4889 cordibus
357 4824 525 4892 hominum
559 4827 669 4894 lateat.
722 4827 809 4896 Sunt
841 4829 972 4913 quidem
1004 4829 1143 4894 flexuosi
1195 4825 1263 4907 Qui
1285 4834 1464 4892 contexunt
1485 4824 1566 4892 duos
1587 4825 1666 4890 istos
1688 4844 1818 4903 versus,
1848 4833 1968 4906 putant
1988 4842 2024 4887 se
2048 4821 2165 4888 babere

171 4906 318 4974 cordium
340 4928 497 4996 recessus,
519 4921 553 4977 et
574 4921 653 4978 sunt
675 4913 743 4980 illio
765 4934 874 4981 merae
892 4914 1060 4980 tenebrae:
1084 4913 1143 4979 sed
1194 4911 1316 4996 aliquid
1338 4911 1465 4988 eoloris,
1488 4931 1526 4978 ac
1547 4910 1575 4977 si
1598 4909 1759 4994 propheta
1780 4929 1868 4976 nunc
1881 4909 2079 4990 exprimeret
2094 4907 2166 4990 plu·

171 4994 266 5060 Deus
287 4997 412 5062 acutius
435 4996 523 5063 videt
551 5020 650 5082 quam
680 5000 840 5068 homines.
886 5001 977 5085 Ergo
1005 4999 1143 5064 desinite
1194 4997 1286 5064 ribus
1309 4995 1418 5063 verbis
1447 4996 1533 5080 quod
1562 5002 1639 5062 ante
1669 4995 1813 5061 breviter
1841 4995 2004 5078 attigerat.
2050 4992 2115 5059 Sed
2138 4996 2167 5059 si

172 5079 254 5146 mihi
276 5079 414 5152 obiicere
437 5083 521 5164 quod
543 5084 667 5165 soletis,
698 5105 816 5170 nempe
837 5106 890 5151 me
912 5107 983 5151 esse
1005 5093 1143 5148 temera·
1194 5082 1268 5166 quis
1297 5081 1397 5165 probe
1430 5081 1594 5166 expendat
1626 5101 1695 5147 rem
1729 5086 1847 5161 totam,
1879 5079 1971 5146 luoile
2004 5077 2166 5162 intelliget

170 5169 266 5247 rium,
287 5167 342 5252 qui
366 5167 495 5233 trabam
517 5169 552 5233 in
574 5170 680 5236 lucam
703 5192 786 5256 quae
808 5171 913 5236 latent
934 5173 968 5236 in
992 5167 1141 5252 caligine.
1194 5189 1259 5234 nen
1282 5167 1346 5232 alio
1368 5167 1540 5234 Ieremiam
1564 5175 1728 5250 spectare,
1755 5166 1819 5231 nisi
1841 5173 1880 5265 ut
1899 5172 2025 5230 asserat
2046 5164 2166 5264 doctri·

170 5255 263 5321 Deus
287 5254 377 5320 enirn
404 5252 510 5320 voluit
538 5275 591 5322 mo
619 5255 699 5322 haec
727 5258 883 5322 mandata
911 5255 951 5322 ad
981 5275 1040 5324 uos
1067 5273 1143 5337 per·
1193 5274 1257 5320 nae
1278 5272 1358 5320 snae
1378 5253 1486 5321 fidem.
1529 5251 1665 5337 Duplici
1688 5261 1797 5319 autem
1820 5257 1945 5316 ratione
1969 5269 2044 5317 usos
2066 5251 2167 5316 fuisse
