5118 6136
386 385 450 454 563
1193 379 1578 451 PRAELEO'IIONES
2306 388 2362 455 564

388 573 453 654 Sic,
483 573 626 657 iuquam,
656 574 733 639 dicit
759 569 910 648 Ieieeulv:
944 581 977 636 et
1005 568 1187 652 emphatice
1214 570 1357 636 inculcat
1409 570 1512 636 Venit
1532 571 1620 637 enim
1643 571 1677 635 in
1701 571 1874 654 templum,
1907 571 2028 638 adsunt
2056 573 2255 654 sacerdotes,
2284 575 2363 644 adest

386 659 472 745 quod
503 661 581 727 sotis
609 667 679 724 erat
706 679 765 742 per
795 679 829 724 se
857 657 992 734 clarum,
1021 666 1057 722 ut
1090 657 1219 739 penitus
1240 655 1357 740 infigat
1408 657 1568 740 populus:
1596 665 1630 722 et
1656 655 1723 722 illic
1751 657 1786 722 in
1815 676 1908 723 sacro
1936 665 2031 724 coetu
2053 667 2129 724 ante
2151 658 2257 724 oculos
2277 661 2363 730 babet

387 766 498 814 eorum
523 745 639 811 animis
662 744 745 811 haue
762 744 824 809 Dei
844 743 1056 810 sententiam:
1079 755 1176 825 atque
1193 742 1239 807 ita
1257 762 1357 826 pene·
1408 743 1638 820 sanctuarium,
1666 747 1701 809 et
1721 762 1830 808 ercam
1854 740 2001 809 laederis.
2045 743 2092 808 Et
2113 743 2233 810 scimus
2254 749 2363 827 passim

386 841 452 897 tret
480 832 596 914 aliquis
624 840 729 897 terror
755 831 791 894 in
820 848 932 894 eorum
954 828 1087 905 animos,
1118 829 1172 910 qui
1196 828 1241 894 sic
1262 835 1358 893 erant
1409 848 1518 896 arcam
1549 828 1688 894 foederis
1720 831 1828 894 vocari
1858 828 1972 893 faciem
2003 829 2081 906 Dei,
2116 831 2192 913 quia
2219 829 2305 896 Deus
2332 835 2363 900 in

386 917 536 986 obdurati
575 923 615 982 ut
649 936 715 982 non
748 915 842 980 facile
875 922 961 982 assat
992 913 1168 997 quidquam
1201 914 1357 996 prolicere
1409 915 1466 979 illo
1489 913 1637 1000 symbolo
1659 913 1896 997 quodammodo
1918 925 1989 979 erat
2007 915 2152 995 visibilis,
2176 936 2273 999 quum
2288 930 2364 985 certo

387 1002 528 1088 simplici
550 1001 707 1068 doctrina.
740 1001 828 1070 Dicit
848 1020 925 1085 orgo
948 999 1084 1065 leboceb
1104 1000 1143 1065 de
1159 1000 1255 1082 vasis,
1278 1020 1359 1080 quae
1411 1009 1562 1066 testatam
1595 999 1717 1066 laceret
1749 1001 1968 1081 praesentiam
2002 1002 2150 1081 virtutis,
2189 1007 2224 1067 et
2254 1004 2365 1086 gratias

386 1089 486 1156 adhuc
524 1093 692 1170 supersunt
730 1094 793 1154 tam
825 1086 861 1152 ic
892 1084 1001 1167 templo
1034 1084 1165 1152 lubecae
1196 1105 1291 1167 quam
1323 1086 1358 1149 a'n
1410 1107 1486 1152 suas
1509 1085 1544 1150 in
1567 1085 1699 1168 templo.
1734 1084 1845 1165 Quum
1867 1105 1945 1169 orgo
1967 1095 2069 1150 staret
2087 1085 2279 1154 Obananiab
2299 1105 2365 1154 ante

383 1175 504 1258 pallatio
525 1176 617 1259 regia,
640 1173 830 1259 Babylonem
852 1170 1104 1256 mortomar,
1126 1176 1155 1236 et
1171 1171 1238 1236 illic
1254 1190 1357 1236 mene-
1411 1171 1473 1237 Dei
1504 1172 1621 1248 oculos,
1651 1171 1765 1254 quanti
1793 1173 1935 1252 stuporis
1964 1172 2026 1236 fuit
2054 1172 2100 1238 ite
2132 1194 2203 1238 sese
2230 1174 2366 1259 ingerere

386 1259 469 1328 tunt.
525 1258 699 1346 Significat
730 1258 888 1324 Ieremias
929 1256 1011 1323 nihil
1049 1255 1247 1341 sperandum
1286 1278 1358 1323 esse
1409 1268 1442 1323 et
1474 1256 1680 1323 mendacium
1710 1255 1918 1339 impudenter
1947 1259 2091 1340 proferre
2120 1259 2253 1324 nomios
2277 1261 2367 1342 ipsius

385 1343 519 1413 Iudaeis
546 1367 645 1430 quum
679 1347 725 1410 ita
749 1344 959 1429 pervicaciter
987 1343 1058 1410 Deo
1092 1343 1262 1420 resistant,
1296 1361 1357 1408 nec
1409 1342 1497 1408 Dei?
1541 1342 1615 1407 Non
1646 1342 1772 1408 dubitat
1798 1353 1908 1406 tamen
1938 1343 2096 1408 fallaciter
2117 1365 2152 1409 se
2174 1344 2292 1411 iactare
2313 1347 2367 1411 Dei

386 1433 569 1500 sustineant
591 1433 661 1497 eius
682 1452 782 1496 manu
804 1451 838 1497 se
861 1430 1023 1512 castigari.
1069 1428 1166 1507 Dicit,
1198 1447 1293 1509 „eque
1314 1429 1357 1494 od
1409 1428 1619 1513 prophetam:
1660 1442 1693 1494 st
1725 1427 1829 1492 utitur
1861 1426 2020 1494 Ieremias
2052 1431 2179 1496 verbis:
2220 1429 2272 1496 Sic
2301 1432 2367 1498 dett

386 1518 478 1596 dieu,
506 1538 566 1600 quo
593 1517 727 1584 ebitabo
757 1516 824 1582 ille.
869 1516 984 1581 Potest
1011 1515 1098 1580 enim
1128 1514 1189 1579 hoe
1215 1515 1255 1578 ed
1280 1533 1358 1579 vasa
1410 1513 1545 1580 lueet
1566 1515 1762 1596 meatuum,
1789 1513 1879 1579 Deua
1900 1513 2013 1580 lucei.
2058 1514 2156 1581 Certe
2178 1515 2258 1583 baec
2280 1517 2369 1584 verba

386 1603 553 1671 commode
587 1603 712 1670 referri.
765 1601 830 1669 Sed
864 1601 940 1683 quia
969 1599 1100 1666 Iudaeis
1132 1598 1212 1664 satis
1243 1601 1357 1664 tritum
1410 1599 1571 1666 debebant
1603 1600 1708 1666 instar
1740 1599 1885 1664 fulminis
1923 1612 2129 1682 prosternere
2162 1600 2234 1668 eius
2265 1614 2368 1667 coutu-

386 1697 445 1770 eet‚
470 1690 642 1755 relativum
666 1709 786 1773 ponere
807 1688 862 1753 ubi
885 1688 994 1772 agitur
1017 1686 1057 1752 ds
1079 1706 1115 1750 re
1137 1693 1224 1763 nota,
1247 1706 1358 1768 qnam·
1410 1687 1557 1763 maciem,
1587 1685 1736 1769 quamvis
1764 1695 1850 1749 esset
1878 1684 1953 1769 plus
1982 1706 2081 1768 quam
2110 1688 2246 1753 ferreus.
2290 1688 2368 1769 Quid

386 1777 436 1842 vis
476 1775 605 1840 nullum
646 1795 764 1842 nomen
803 1774 858 1838 vel
890 1773 1085 1852 subiectum,
1125 1780 1161 1836 ut
1192 1771 1356 1854 loquutur,
1410 1774 1496 1836 enim
1519 1783 1612 1838 sonat
1627 1770 1776 1836 Iehovah
1794 1771 2019 1836 exercituum?
2051 1772 2135 1838 Nam
2153 1773 2369 1857 complectitur

388 1862 614 1944 praecesserit:
645 1861 716 1926 ideo
745 1859 898 1926 libentius
920 1860 1115 1942 interpretor
1137 1857 1176 1922 ds
1197 1857 1277 1940 ipsis
1298 1856 1357 1921 ho·
1410 1857 1472 1924 hoc
1494 1879 1613 1923 nomen
1636 1879 1701 1921 non
1724 1857 1818 1921 modo
1840 1867 2007 1921 aeternam
2030 1857 2092 1924 Dei
2116 1860 2300 1943 essentium,
2321 1859 2370 1924 sed

389 1948 541 2013 minibus.
576 1945 743 2013 Pendebat
766 1946 852 2010 enim
876 1964 1029 2010 vanorum
1047 1943 1208 2009 restitutio
1230 1943 1270 2008 ab
1289 1943 1358 2026 ipso
1410 1944 1589 2027 potentiam
1618 1945 1703 2020 eius,
1738 1963 1822 2026 quae
1850 1963 1922 2008 sese
1953 1963 2010 2026 per
2038 1944 2161 2010 eoelum
2196 1954 2231 2010 et
2260 1957 2369 2010 terram

390 2034 497 2100 reditu
525 2032 645 2117 populi.
689 2032 862 2117 Significat
887 2031 989 2114 igitur
1018 2051 1096 2096 vasa
1125 2030 1193 2094 lere
1221 2029 1357 2112 captiva,
1412 2029 1573 2094 diffundit.
1606 2029 1727 2094 Annon
1745 2029 1845 2112 igitur
1861 2028 1973 2094 debuit
1988 2033 2238 2096 contremiscere
2253 2030 2370 2098 Obana-

389 2117 490 2186 donec
512 2119 694 2203 permiserit
714 2118 803 2183 Deus
820 2117 959 2182 liberum
979 2117 1102 2182 exitum
1123 2115 1248 2198 populo,
1272 2119 1356 2197 quud
1411 2116 1498 2194 oieb,
1528 2115 1556 2180 si
1586 2116 1658 2198 quis
1687 2114 1770 2180 alius
1800 2135 1919 2180 nomen
1944 2115 2006 2180 Dei
2028 2116 2240 2199 protulisset?
2285 2117 2371 2182 Nunc

388 2205 512 2270 factum
536 2214 586 2270 est
607 2203 711 2269 edicto
733 2203 824 2287 Gyri,
851 2209 1024 2286 postquam
1046 2201 1231 2267 dominatus
1253 2212 1302 2266 est
1324 2203 1358 2266 in
1412 2222 1487 2267 vero
1510 2222 1612 2283 quum
1634 2199 1787 2279 derideat,
1818 2211 1850 2266 et
1872 2199 2011 2266 ludibrio
2034 2200 2149 2268 babeat
2173 2215 2241 2268 tam
2263 2223 2371 2268 munus

389 2289 555 2357 Ohaldaea
593 2299 626 2355 et
659 2293 805 2374 Assyria.
860 2288 1003 2354 Perinde
1040 2288 1142 2373 igitur
1180 2297 1230 2352 est
1261 2307 1299 2351 ae
1330 2289 1358 2352 si
1410 2287 1633 2370 propheticum
1659 2307 1755 2368 quam
1780 2304 1907 2351 sacrum
1924 2287 1987 2351 Dei
2010 2307 2145 2354 nomen:
2169 2310 2235 2354 non
2255 2287 2372 2353 dubitat

391 2377 678 2444 commonefiereut
710 2375 823 2441 Iudaei
864 2374 903 2439 de
944 2376 998 2440 illo
1038 2374 1193 2438 diuturno
1233 2372 1358 2452 exsilio,
1410 2386 1519 2438 tamen
1558 2374 1680 2438 iactare
1718 2393 1753 2437 se
1794 2371 1913 2437 babere
1949 2372 2057 2437 Deum
2098 2383 2244 2439 autorem
2283 2372 2372 2438 buius

389 2462 474 2545 quod
506 2460 707 2544 praedictum
730 2461 809 2543 ipsis
832 2461 946 2538 fuerat,
976 2470 1009 2523 et
1031 2459 1130 2524 stulte
1152 2480 1206 2523 eos
1227 2478 1358 2540 sperare
1411 2459 1564 2538 vaticinii,
1593 2458 1678 2540 quod
1708 2469 1815 2522 tamon
1845 2466 1916 2522 erat
1948 2478 2038 2524 mera
2066 2459 2260 2542 impostura.
2308 2459 2371 2523 Iam

388 2545 473 2630 quod
506 2546 578 2611 lalsi
606 2545 783 2628 prophetae
817 2546 856 2609 de
885 2539 970 2611 vasis
1003 2545 1250 2627 pollicebantur,
1284 2546 1360 2626 quia
1410 2544 1559 2628 adiungit
1588 2543 1693 2608 Deum
1715 2543 1831 2620 Israel,
1864 2564 1905 2607 ne
1936 2543 1998 2610 hae
2028 2546 2125 2609 etiam
2153 2547 2186 2610 in
2217 2555 2309 2627 parte
2335 2546 2371 2608 eit

388 2651 542 2700 vasorum
574 2653 642 2694 non
671 2633 784 2696 luisset
807 2632 909 2696 maior
931 2651 1010 2696 cura
1031 2629 1112 2706 Deo,
1144 2649 1241 2711 quam
1264 2629 1359 2695 electi
1409 2630 1542 2694 inferior
1574 2628 1717 2694 Ieremia.
1773 2629 1851 2694 Fuit
1889 2628 1969 2695 haee
2001 2632 2112 2715 gravis
2145 2631 2283 2696 tentatio
2314 2650 2371 2694 ncn

389 2715 1250 2886 t⁰t¹¹¹lcittii?ttrttltt.tt⁹²llt⁰ttlt
1266 2725 1360 2867 tt?
1410 2714 1957 2885 illitteratura
1980 2718 2206 2886 illiti?
2230 2716 2373 2866 “titt

389 2891 486 2966 mias,
520 2899 553 2952 et
582 2889 724 2972 saepius,
758 2889 914 2972 populum
947 2888 1070 2954 scilieet
1097 2888 1164 2951 iore
1194 2888 1357 2969 captivum
1409 2887 1547 2971 populus
1569 2907 1687 2951 nomen
1710 2885 1774 2950 Dei
1797 2888 1955 2952 committi
1979 2887 2082 2952 veluti
2105 2898 2289 2954 certarnen:
2309 2899 2372 2952 erat

388 2995 492 3058 usque
514 2972 556 3039 ad
577 2973 661 3040 diem
685 2975 886 3057 visitationis,
909 2974 970 3041 hoe
991 2979 1049 3050 est,
1074 2994 1173 3057 usque
1196 2971 1237 3036 ad
1259 2975 1356 3040 finem
1410 2972 1462 3038 bie
1486 2972 1651 3038 horribilis
1669 2973 1853 3038 conflictus:
1876 2972 2049 3055 Loquutus
2064 2981 2115 3038 est
2131 2995 2261 3041 mecum
2277 2975 2370 3040 Deus:

388 3061 595 3143 septuagiuta
636 3081 803 3126 annorum.
844 3062 962 3142 'Qum
999 3081 1075 3144 ergo
1107 3057 1238 3142 oimtabo
1270 3061 1358 3141 ipsos
1409 3061 1474 3124 imo
1503 3076 1648 3124 meeum:
1677 3078 1776 3141 quum
1807 3059 1894 3122 inter
1924 3079 1959 3123 ss
1981 3072 2089 3125 essent
2113 3061 2271 3126 contrarii
2292 3059 2370 3124 lere·

389 3146 540 3226 Iudaeos,
580 3146 687 3230 inquit
719 3146 829 3229 Deos,
865 3155 944 3211 tune
976 3167 1102 3229 quoque
1137 3166 1213 3211 vasa
1246 3165 1355 3212 seeum
1409 3147 1491 3211 mias
1513 3154 1545 3210 et
1567 3143 1760 3210 Chananiab
1783 3141 1932 3229 (uterque
1954 3144 2149 3211 obtendebat
2171 3167 2292 3211 nomen
2310 3165 2372 3228 pro·

389 3231 543 3307 referent,
572 3233 666 3297 sicuti
694 3233 891 3316 permissum
914 3231 976 3296 fuit
997 3232 1101 3297 edicto
1125 3231 1213 3315 Cyri.
1260 3231 1357 3300 Nunc
1410 3230 1555 3315 phetael:
1589 3229 1700 3296 videre
1723 3231 1823 3314 igitur
1845 3232 1941 3294 telem
1964 3232 2165 3316 conflictum,
2200 3242 2235 3297 et
2264 3250 2372 3296 nomeu

388 3321 539 3383 tenemus
579 3318 756 3400 simplicem
795 3315 965 3382 verborum
1002 3336 1144 3383 sensum.
1200 3315 1357 3400 Sequitur
1409 3316 1472 3382 Dei
1506 3317 1591 3382 trahi
1622 3337 1678 3398 pre
1708 3315 1849 3394 libidine,
1882 3325 1915 3381 et
1945 3318 2059 3398 proiici
2088 3318 2258 3384 adiabolo
2288 3315 2373 3400 quasi

389 3403 453 3469 alia
475 3403 629 3470 narratio.
1410 3423 1467 3484 per
1506 3401 1690 3467 ludibrium.
1747 3399 1917 3482 Quantum
1954 3401 1995 3465 ad
2032 3404 2205 3469 Ieremiam
2247 3412 2374 3488 spectat

1410 3489 1480 3553 lieri
1512 3509 1577 3553 uon
1611 3497 1717 3571 potest
1751 3489 1829 3569 quin
1863 3489 2008 3571 graviter
2041 3489 2251 3555 vulneratum
2285 3489 2374 3554 fuerit

1409 3594 1464 3638 eor
1496 3574 1565 3638 eius
1598 3593 1698 3655 quum
1729 3571 1857 3638 videret
1889 3573 2024 3656 impium
2058 3575 2152 3640 illum
2183 3575 2375 3642 nebulonem

1411 3670 1475 3723 tam
1509 3657 1663 3757 audacter
1696 3657 1784 3757 abuti
1820 3658 1883 3723 Dei
1917 3662 2056 3760 nomine.
2113 3660 2192 3740 Sed,
2225 3660 2375 3744 quemad·

545 3801 682 3872 CAPUT
708 3801 952 3872 V1GE51MUM
981 3801 1201 3872 0GTAVUM·
1409 3743 1549 3913 titt
1566 3743 1776 3909 .tt..‚⁶¹tt
1805 3743 2081 3897 tibitibi&
2102 3747 2237 3916 itti
2257 3768 2376 3912 ttttff

514 3967 517 3980 .
1409 3917 1556 3999 quamvis
1595 3916 1749 3981 acciderit
1783 3915 1892 3999 aliqua
1924 3918 2074 3983 turbatio.
2129 3918 2261 3986 Scimus
2294 3921 2375 3986 enim

473 4005 502 4068 1.
525 4001 658 4068 Factum
686 4007 730 4068 est
758 4023 841 4068 aeae
869 4002 934 4085 itte,
957 4001 1115 4083 principio
1143 4006 1235 4086 requi
1262 4004 1356 4071 Zede-
1408 4004 1492 4068 filios
1516 4002 1578 4068 Dei
1607 4023 1671 4067 non
1701 4022 1772 4068 esse
1800 4021 1919 4068 vacuos
1947 4024 2054 4084 sensu,
2083 4007 2162 4086 quin
2186 4018 2376 4073 moveantur

387 4089 474 4156 miae
501 4089 584 4172 repis
607 4087 760 4169 Iebudelv,
788 4109 871 4154 auco
898 4091 1018 4171 guono,
1044 4108 1145 4154 meere
1165 4092 1281 4175 quiue,
1311 4093 1355 4157 lo·
1408 4089 1529 4154 talibus
1568 4086 1710 4154 obiectis.
1767 4085 1832 4154 Sed
1868 4098 1976 4153 tamen
2010 4091 2168 4156 sustinuit
2198 4092 2294 4159 Deus
2326 4113 2376 4158 eoa

386 4181 501 4258 queue
530 4180 574 4240 eet
600 4175 642 4240 ud
671 4195 719 4239 me
744 4173 929 4243 Gtaeeeiet
952 4172 1041 4255 filius
1062 4174 1177 4253 Assur,
1202 4177 1356 4259 prophete
1409 4196 1521 4239 omnes
1550 4172 1605 4256 qui
1635 4173 1773 4255 praediti
1796 4186 1891 4238 erant
1913 4195 1992 4239 vera
2013 4177 2150 4259 pietate:
2186 4181 2264 4260 quia
2286 4177 2375 4244 facile

386 4263 534 4412 etti
560 4257 1225 4413 bileeSlllffiielmflldllbl
1246 4263 1355 4413 “mii-⁰
1407 4256 2082 4427 lit.f⁰¹t.ttti⁰tt.lttltili}
2106 4262 2375 4415 tthttttlt·

386 4397 534 4516 dicendo:
1023 4394 1031 4429 '
1230 4368 1318 4431 popu
1346 4395 1354 4430 ²
1408 4430 1502 4494 illum
1534 4450 1611 4495 vero
1644 4430 1726 4494 nihil
1759 4430 1846 4496 aliud
1880 4367 2010 4515 oapbbre
2043 4454 2139 4516 quam
2170 4434 2317 4501 favorem
2347 4397 2376 4499 eb

427 4557 429 4564 ι
472 4519 503 4584 2.
527 4517 581 4584 ste
613 4518 688 4582 dicit
718 4515 852 4585 quat
884 4518 1087 4599 amedeum,
1120 4516 1210 4585 Deus
1240 4516 1354 4597 Israel,
1408 4514 1566 4599 plausum.
1613 4513 1678 4581 Sed
1708 4515 1792 4600 quod
1822 4517 1864 4581 ad
1889 4517 1996 4600 ipsum
2018 4518 2222 4585 Chananiam
2247 4530 2376 4604 spectat,

389 4604 536 4690 Confreqi
558 4601 630 4690 (aut
652 4603 815 4688 contrivi),
837 4603 945 4687 iugum
967 4605 1049 4687 regie
1071 4601 1257 4686 Babylonis.
1408 4599 1501 4666 nobis
1530 4608 1580 4664 est
1611 4601 1739 4686 insigne
1768 4603 1934 4685 speculum
1965 4607 2130 4671 caecitatis
2152 4619 2184 4670 st
2207 4607 2375 4682 amentiae,

1408 4687 1463 4752 ubi
1491 4707 1555 4751 noo
1585 4685 1737 4752 formidat
1759 4699 1966 4770 conspectum
1989 4691 2051 4754 Dei
2074 4693 2185 4775 ipsius,
2216 4693 2276 4759 sed
2300 4705 2377 4759 tem·

471 4777 593 4841 Narrat
613 4774 667 4842 hie
688 4775 846 4858 propheta
869 4783 989 4856 quanto
1010 4776 1104 4852 fastu,
1138 4783 1235 4857 atque
1257 4775 1354 4840 etiam
1408 4772 1499 4855 plum
1529 4771 1717 4857 ingreditur,
1747 4783 1783 4838 ut
1810 4774 1890 4839 illud
1920 4777 1988 4841 suis
2018 4779 2194 4843 mendaciis
2216 4779 2376 4862 profanet,

386 4862 495 4929 furore
537 4862 711 4946 prosilierit
750 4862 851 4926 falsus
891 4860 1048 4943 propheta
1080 4861 1274 4927 Chenauiah
1314 4863 1353 4925 ad
1409 4879 1509 4942 quum
1543 4860 1640 4924 etiam
1673 4861 1719 4925 ita
1745 4863 1956 4944 contemptim
1989 4871 2124 4946 usurpat
2152 4863 2215 4929 Dei
2247 4885 2374 4942 nomen,

386 4947 575 5028 fallendum,
605 4955 638 5014 et
659 4945 860 5032 spargendas
882 4967 958 5011 suas
979 4966 1093 5031 nugas,
1123 4968 1221 5030 quum
1245 4957 1354 5012 tamen
1408 4957 1440 5011 et
1462 4945 1620 5029 gloriatur
1641 4965 1676 5010 se
1693 4966 1763 5012 esse
1782 4947 1851 5012 eius
1869 4946 2072 5030 prophetam,
2094 4968 2169 5015 cum
2186 4969 2251 5034 quo
2268 4959 2376 5015 tamen

386 5035 471 5100 male
493 5035 554 5101 sibi
576 5045 665 5101 esset
684 5035 841 5101 conscius.
875 5031 962 5097 Hinc
980 5044 1066 5098 certe
1085 5043 1218 5116 apparet
1234 5041 1355 5116 quanta
1408 5030 1489 5096 nihil
1511 5029 1651 5096 habebat
1672 5052 1851 5098 commune.
1885 5033 1975 5116 Ergo
1997 5055 2038 5098 ne
2060 5036 2218 5100 miremur
2236 5036 2266 5101 si
2285 5035 2376 5101 hodie

385 5121 429 5187 sit
457 5140 568 5185 eorum
599 5120 721 5202 rabies,
754 5119 809 5203 qui
838 5136 857 5180 a
885 5116 956 5182 Deo
986 5119 1150 5191 excaecati
1177 5119 1355 5184 trahuntur
1408 5117 1502 5182 multi
1532 5115 1720 5183 conductitii
1749 5119 1882 5185 rabulae
1905 5120 1975 5184 sine
1998 5119 2064 5185 ullo
2085 5120 2206 5205 pudore
2229 5131 2265 5186 et
2289 5128 2376 5186 metu

386 5206 541 5272 diabolico
563 5205 696 5290 impetu.
731 5207 878 5272 Primum
901 5203 1146 5270 circumstantia
1166 5204 1226 5270 loei
1247 5215 1354 5270 osten·
1407 5203 1470 5269 Dei
1493 5223 1610 5268 nomen
1633 5203 1782 5270 ferociter
1803 5204 1966 5285 obiiciant,
1995 5215 2029 5271 et
2053 5207 2186 5289 perinde
2210 5207 2306 5273 nobis
2328 5208 2375 5271 iu·

384 5289 433 5359 dit
453 5305 595 5376 quantus
617 5293 715 5358 fuerit
738 5296 942 5374 contemptus
957 5289 1021 5355 Dei
1039 5290 1074 5353 in
1093 5290 1152 5358 hoc
1170 5291 1353 5374 impostore.
1380 5326 1382 5340 =
1408 5289 1531 5355 saltent
1564 5309 1601 5354 ac
1634 5289 1661 5354 si
1689 5289 1780 5356 Deus
1810 5290 1875 5354 illis
1904 5303 2093 5376 suggereret
2122 5292 2282 5376 quidquid
2304 5314 2376 5378 gar·
