5118 6136
354 441 417 506 623
1162 433 1550 503 PRAuuuoulortus
2290 437 2357 504 624

352 636 462 696 essent
494 626 588 709 quasi
620 645 699 690 oves
732 619 924 687 mactationi
960 618 1168 687 destinatae?
1213 624 1325 705 Quum
1378 624 1498 709 punire
1519 625 1555 688 in
1577 623 1705 705 iudicio,
1735 626 1796 691 hoc
1824 633 1874 691 est
1901 624 2075 691 moderate.
2121 625 2236 709 Neque
2266 626 2355 690 enim

352 736 431 800 ergo
467 713 549 779 haec
584 711 696 776 omnia
729 715 939 774 occurrerent
974 705 1054 788 ipsis
1092 721 1168 774 anta
1205 708 1326 789 oculos,
1378 708 1535 774 iudicium
1567 710 1621 775 hic
1654 731 1714 793 pro
1747 709 1941 777 rectitudine
1973 712 2116 794 capitur,
2151 712 2229 794 quia
2261 710 2354 776 Deus

352 821 461 867 nonne
494 805 621 881 poterat
653 794 765 860 statim
799 790 955 874 obrepere
988 792 1195 877 desperatio?
1236 795 1326 860 Deus
1377 814 1545 877 nunquam
1569 795 1700 860 modum
1724 796 1862 875 excedit,
1885 806 1922 861 ιιι
1945 797 2048 879 possit
2069 796 2219 862 damnari
2240 797 2354 861 crude·

353 906 431 971 ergo
461 884 536 950 huic
566 881 651 947 mah
680 879 830 956 occurrit,
860 882 894 942 at
916 875 995 942 dicit
1022 899 1056 943 se
1076 878 1235 959 sudorum
1262 901 1327 946 asse
1378 881 1494 946 litatis:
1525 880 1582 947 sed
1612 881 1768 948 iudicium
1799 882 1975 967 opponitur
2004 882 2102 946 etiam
2126 882 2213 947 iusto
2235 883 2354 965 rigori:

351 969 612 1052 coiwnnmtionem
631 967 851 1050 tertagonus:
872 961 965 1046 quasi
987 961 1119 1046 diceret,
1142 965 1255 1046 Quum
1277 966 1327 1030 in·
1378 987 1475 1048 saepe
1505 966 1661 1032 iudicium
1691 968 1868 1051 opponitur
1895 967 2079 1050 iniquitati:
2113 967 2171 1033 sed
2197 967 2354 1034 hocloco

352 1059 469 1140 oipiem
493 1075 615 1137 poenas
636 1072 766 1117 sumere
785 1049 824 1114 de
842 1049 986 1130 profanis
1009 1051 1170 1133 gentibus,
1195 1050 1326 1134 perdam
1379 1050 1521 1116 tenenda
1543 1062 1594 1117 est
1616 1053 1789 1118 antithesis
1812 1053 1899 1119 inter
1921 1051 2093 1128 iudicium,
2122 1067 2155 1118 et
2176 1053 2265 1118 inter
2285 1054 2355 1118 ius·

353 1164 407 1210 eus
425 1159 529 1222 nsque
545 1138 586 1205 ad
601 1138 754 1205 ultimum
770 1135 952 1210 interitum,
972 1133 1056 1198 nihil
1073 1137 1141 1218 spei
1161 1135 1326 1202 residuum
1379 1148 1450 1202 tum
1476 1137 1540 1201 Dei
1569 1138 1722 1220 rigorem.
1766 1139 1856 1219 Ergo
1885 1138 2042 1204 iudicium
2072 1137 2154 1202 nihil
2186 1138 2275 1204 aliud
2305 1147 2355 1204 est

352 1227 507 1295 manebit.
540 1223 609 1308 Epo
626 1228 728 1288 antem
745 1222 781 1286 in
797 1225 825 1286 te
841 1239 906 1284 non
921 1220 1041 1300 socium
1058 1223 1326 1302 oonanmptiornm,
1378 1244 1475 1304 quam
1503 1222 1573 1288 irae
1600 1225 1768 1306 mitigatio.
1814 1225 1961 1288 Tandem
1993 1222 2098 1303 addit,
2126 1223 2355 1291 amoenare

352 1313 475 1398 inquit:
507 1312 553 1375 ita
572 1310 728 1375 discernit
749 1308 837 1371 inter
859 1325 990 1388 poenas,
1016 1305 1135 1388 quibus
1158 1308 1327 1375 ulciscitur
1377 1307 1531 1374 mundabo
1552 1313 1589 1388 te,
1613 1309 1673 1384 vel,
1697 1308 1893 1375 succidendo
1918 1331 1982 1374 non
2004 1309 2168 1375 succidam
2192 1321 2234 1375 te.
2271 1310 2354 1374 Ver·

352 1397 508 1482 reprobos
530 1404 564 1461 et
585 1395 716 1476 impios,
746 1390 918 1475 atquibus
947 1393 1086 1475 castigat
1117 1405 1247 1474 peccata
1269 1413 1325 1475 po·
1379 1394 1457 1457 bum
1479 1408 1536 1486 ηρ]
1558 1394 1724 1478 significat
1751 1394 1919 1459 interdum
1941 1415 2092 1477 purgare,
2122 1393 2175 1461 vel
2198 1397 2354 1461 innocen·

353 1486 423 1570 puli
453 1482 519 1549 sui:
562 1480 715 1563 qnoniam
752 1497 875 1562 poenae
908 1497 987 1558 quae
1021 1477 1142 1561 infligit
1181 1478 1326 1562 reprobis
1378 1490 1444 1543 tem
1468 1478 1620 1544 reddere:
1643 1480 1809 1563 significat
1830 1479 1927 1544 etiam
1945 1481 1980 1544 in
1999 1491 2117 1545 neutro
2140 1501 2260 1564 genere
2282 1501 2355 1547 esse

353 1577 433 1638 sunt
454 1567 620 1634 exitiales:
643 1584 768 1647 poenae
786 1572 895 1628 autem
914 1562 1029 1644 quibus
1047 1564 1215 1630 ecclesiam
1233 1584 1325 1628 snam
1378 1585 1497 1646 purum
1527 1574 1561 1628 et
1589 1565 1769 1630 innoxium.
1823 1565 1889 1631 Sed
1926 1565 1978 1630 hic
2010 1567 2182 1631 transitive
2214 1568 2353 1648 capitur.

353 1655 500 1739 castigat,
523 1651 718 1734 temporales
736 1657 826 1715 sunt:
849 1648 922 1713 ideo
940 1646 1061 1712 cedunt
1078 1650 1113 1713 in
1132 1648 1324 1715 medicinam
1376 1649 1450 1714 Non
1484 1654 1590 1731 potest
1618 1650 1720 1734 igitur
1742 1650 1838 1715 aliter
1861 1650 1944 1716 verti
1973 1671 2071 1733 quam
2097 1653 2264 1735 purgando
2293 1673 2355 1716 nors

353 1754 386 1808 et
416 1741 564 1806 salutem.
620 1736 716 1801 Nunc
749 1754 827 1818 ergo
860 1741 1012 1799 tenemus
1046 1735 1218 1800 consilium
1252 1755 1324 1816 pro·
1370 1735 1515 1818 perpete
1547 1740 1584 1818 te,
1619 1735 1672 1800 vel
1705 1757 1769 1801 nou
1804 1736 1971 1802 succidam
2003 1747 2045 1812 te,
2079 1741 2156 1819 qnia
2189 1738 2355 1819 significat

352 1827 481 1912 phetae.
536 1823 669 1906 Mitigst
702 1820 911 1885 acerbitatem
946 1819 1065 1884 doloris
1097 1821 1132 1884 in
1164 1819 1323 1896 fidelibus,
1376 1821 1476 1885 etiam
1499 1820 1680 1886 succidere:
1713 1832 1747 1886 et
1768 1832 1908 1903 uterque
1929 1843 2044 1888 sensus
2067 1825 2146 1886 satis
2168 1823 2253 1887 bene
2273 1845 2354 1904 qus-

350 1912 505 1996 quouiam
538 1908 630 1972 Dens
667 1927 734 1970 non
768 1905 921 1971 abiecerit
959 1925 1091 1987 prorsus
1128 1905 1223 1987 ipsos.
1280 1907 1325 1970 ιιι
1377 1905 1459 1970 drat.
1500 1905 1539 1971 Si
1561 1905 1669 1990 legere
1691 1906 1827 1990 placeat,
1849 1907 1925 1972 Non
1947 1906 2112 1972 succidam
2134 1917 2178 1991 ts,
2200 1909 2264 1972 orit
2281 1930 2356 1974 ecn-

351 1995 496 2065 ostendit
525 1993 686 2077 patienter
713 1989 849 2056 terenda
877 2011 949 2056 esse
975 1991 1044 2055 eins
1073 1991 1211 2074 flagella,
1246 2012 1324 2072 quo·
1377 1999 1488 2056 textus
1510 1992 1655 2057 eiusdem
1682 1994 1881 2057 sententiae:
1913 1993 2089 2076 castigabo
2112 2000 2144 2058 te
2166 1994 2200 2057 in
2224 1993 2354 2073 iudicio,

351 2086 441 2149 niam
463 2082 564 2145 finem
587 2099 718 2163 sperare
747 2076 890 2160 possint:
924 2075 980 2140 sed
1004 2074 1092 2140 aliud
1121 2097 1192 2142 csse
1222 2097 1323 2158 quum
1376 2087 1409 2141 st
1431 2074 1503 2141 ideo
1527 2097 1593 2142 non
1615 2076 1778 2143 succidam
1804 2088 1845 2156 te,
1875 2078 1936 2144 hoc
1958 2087 2017 2156 est,
2048 2097 2114 2143 non
2139 2080 2254 2144 faciam
2277 2102 2355 2146 con-

351 2166 584 2234 animadvertit
612 2164 646 2227 in
674 2164 827 2243 reprobos
857 2162 1009 2244 quoniam
1038 2162 1103 2226 illis
1133 2161 1217 2227 nihil
1247 2161 1323 2227 reli·
1375 2163 1613 2244 sumptionem:
1637 2165 1701 2227 erit
1723 2161 1832 2246 igitur,
1855 2176 1893 2228 ut
1915 2161 2074 2240 videmus,
2095 2163 2220 2247 optima
2241 2166 2355 2244 series,

351 2273 452 2338 quum
475 2250 552 2317 lacit
573 2249 654 2332 spei.
698 2249 739 2313 In
762 2267 900 2331 summa,
922 2245 1021 2312 iudex
1043 2269 1177 2314 severus
1199 2256 1248 2312 est
1269 2269 1322 2313 ns·
1376 2253 1515 2329 atquae
1538 2261 1614 2331 apte
1642 2248 1740 2327 fluet,
1773 2250 1801 2314 si
1823 2247 1987 2332 legamus,
2020 2249 2095 2314 Non
2122 2250 2287 2315 succidam
2311 2263 2353 2316 te.

350 2361 413 2423 que
432 2339 473 2404 ad
491 2346 676 2402 extremum
698 2341 812 2400 contra
834 2331 1033 2398 incredulos:
1055 2333 1195 2416 castigat
1214 2343 1323 2399 autem
1377 2333 1442 2400 Sed
1470 2334 1574 2398 altera
1596 2335 1694 2398 etiam
1719 2335 1825 2400 versio
1856 2333 2033 2416 probabilis
2063 2345 2130 2413 est,
2164 2355 2355 2419 quanquam

350 2445 426 2492 suos
449 2435 486 2489 nt
508 2433 609 2505 pater.
653 2418 820 2484 Videntur
849 2427 961 2482 tamen
991 2439 1137 2501 pugnare
1167 2418 1221 2484 alii
1253 2419 1323 2495 loci,
1375 2419 1491 2500 recipit
1514 2419 1676 2501 duplicem
1695 2440 1838 2485 sensum.
1872 2418 2015 2499 Quidam
2039 2422 2125 2484 enim
2143 2421 2355 2487 adversative

350 2510 408 2576 ubi
438 2508 630 2592 pronuntiat
657 2505 751 2570 Deus
783 2525 818 2570 se
846 2505 1129 2587 consumptionem
1163 2504 1324 2570 facturum
1377 2505 1548 2586 accipiunt,
1583 2504 1746 2584 Quamvis
1769 2526 1836 2570 nou
1859 2505 1993 2570 reddam
2017 2515 2051 2570 ts
2072 2507 2256 2586 innoxium,
2290 2506 2355 2572 hoc

351 2597 449 2662 etiam
473 2595 505 2657 in
528 2594 599 2674 ipso
621 2591 724 2656 electo
748 2589 880 2671 populo:
903 2589 1000 2654 sicuti
1021 2589 1124 2654 Isaiae
1146 2589 1186 2654 10
1208 2588 1253 2674 (v.
1270 2590 1324 2675 23)
1377 2599 1436 2666 est,
1464 2589 1613 2672 quemvis
1636 2611 1701 2654 non
1725 2611 1855 2673 parcam
1885 2588 1961 2670 tibi,
1992 2599 2101 2655 ιιιιιοιι
2130 2593 2297 2674 castigabo
2320 2604 2354 2656 te

350 2693 384 2746 at
406 2678 577 2746 similibus.
623 2674 691 2742 Sed
713 2675 831 2740 solutio
854 2673 958 2739 tacilis
980 2682 1046 2757 est,
1079 2675 1156 2757 quis
1184 2675 1251 2740 illic
1273 2697 1323 2740 re·
1377 2675 1553 2742 moderate.
1597 2676 1643 2742 ιιι
1672 2676 1752 2740 haec
1784 2676 1940 2741 correctio
1969 2676 2064 2742 valde
2098 2686 2149 2742 est
2181 2689 2354 2758 oportuna.

350 2766 449 2851 spicit
476 2783 595 2847 corpus
616 2763 724 2845 ipsum
754 2759 875 2843 populi,
903 2758 989 2842 quod
1011 2762 1082 2827 iaus
1098 2772 1169 2825 erat
1191 2761 1324 2843 abipso
1378 2759 1463 2826 Oaro
1485 2763 1574 2825 enim
1595 2781 1726 2842 semper
1748 2762 1872 2844 appetit
1894 2763 2145 2827 immunitatem.
2179 2761 2272 2828 Deus
2295 2783 2352 2828 au-

351 2853 513 2918 alienum:
547 2846 605 2914 sad
636 2848 688 2914 hic
721 2843 930 2930 peculiariter
964 2846 1117 2928 dirigitur
1149 2866 1256 2912 sermo
1283 2844 1324 2911 ad
1379 2857 1444 2911 tam
1468 2846 1557 2911 videt
1587 2866 1652 2911 nou
1682 2867 1754 2912 esse
1784 2846 1878 2910 nobis
1907 2847 1986 2912 utile
2015 2848 2061 2912 ita
2090 2847 2223 2930 impune
2257 2849 2353 2914 nobis

350 2937 481 3015 fideles,
518 2944 552 2998 et
584 2933 739 3016 reliquias
772 2931 912 3016 ςιιιιιιιιι,
950 2941 987 2995 nt
1020 2932 1146 2996 Paulus
1178 2933 1325 2996 nominat
1377 2931 1501 3014 ignosci
1530 2952 1605 2997 cum
1636 2930 1841 3013 deliquimus.
1886 2932 1977 3014 Ergo
2007 2953 2137 2998 necesso
2168 2945 2218 2999 ast
2240 2941 2354 3000 tenere

350 3024 461 3108 (Rom.
479 3021 530 3097 11,
546 3018 589 3105 5).
634 3017 773 3100 Semper
794 3037 872 3100 ergo
894 3016 1070 3082 tenendum
1093 3027 1143 3082 est
1164 3037 1323 3100 quosnam
1378 3016 1464 3081 hanc
1496 3015 1696 3097 doctrinam,
1730 3016 1891 3096 Quamvis
1921 3018 2014 3084 Dens
2047 3038 2113 3083 non
2147 3017 2263 3084 reddat
2293 3041 2354 3086 nos

351 3109 560 3190 alloquantur
592 3104 783 3189 prophetae,
814 3101 892 3184 quia
924 3123 1012 3167 nnnc
1043 3103 1221 3184 respiciunt
1253 3123 1324 3185 pro·
1377 3103 1542 3168 immunes
1564 3123 1584 3167 a
1605 3123 1719 3185 poena,
1749 3123 1809 3168 nec
1831 3101 2001 3186 indulgeat
2026 3102 2130 3183 nobis,
2159 3103 2218 3169 sed
2240 3105 2353 3170 ferulis

351 3195 514 3258 missuum
536 3191 667 3272 vulgus,
697 3209 786 3252 nunc
806 3196 925 3269 autem,
955 3189 1046 3269 quasi
1068 3209 1214 3253 seorsum
1246 3187 1324 3252 allu-
1378 3188 1446 3253 suis
1473 3209 1533 3254 nos
1564 3187 1734 3272 percutiat,
1764 3195 1875 3252 tamen
1905 3189 2015 3271 ipsum
2046 3209 2117 3254 esse
2145 3189 2352 3255 moderatum

352 3282 497 3361 quantur
513 3274 636 3351 fideles,
660 3272 856 3355 promittunt
874 3273 1023 3339 salutem.
1059 3270 1115 3339 Sic
1132 3294 1210 3357 ergo
1228 3283 1325 3338 antea
1377 3273 1413 3336 in
1435 3275 1503 3339 suis
1532 3273 1661 3339 iudiciis
1684 3293 1762 3356 erga
1784 3294 1853 3338 nos.
1898 3275 1965 3338 Alii
1994 3285 2104 3340 autem
2132 3274 2282 3340 referunt
2311 3274 2353 3340 ad

352 3362 495 3429 vidimus
518 3358 627 3424 Deum
659 3357 822 3423 facturum
851 3357 949 3422 inisse
979 3361 1261 3440 consumptionem
1290 3360 1325 3422 in
1378 3360 1576 3424 sententiam
1606 3357 1696 3423 illam
1723 3359 1828 3424 Isaiae
1855 3359 2013 3444 (48,10),
2047 3360 2120 3443 Ego
2149 3361 2291 3426 transire
2320 3373 2353 3425 te

351 3448 486 3533 populo,
519 3466 637 3528 nempe
665 3446 700 3508 in
728 3442 886 3526 reprobis.
931 3442 1096 3525 Propheta
1129 3453 1237 3508 autem
1272 3443 1326 3509 hic
1378 3444 1439 3509 leci
1462 3466 1519 3527 per
1540 3445 1714 3524 fornacem,
1736 3445 1961 3524 etoxcoxite,
1983 3455 2175 3511 nontamen
2199 3459 2351 3529 tanquam

352 3553 538 3601 sermonem
559 3529 720 3595 convertit
738 3529 778 3592 ad
797 3530 903 3611 ipsam
921 3527 1088 3595 ecclesiam
1107 3539 1140 3593 et
1157 3527 1199 3593 ad
1214 3549 1325 3594 semen
1378 3542 1567 3613 argentum,
1597 3529 1719 3612 alioqui
1748 3528 1864 3596 luisses
1892 3537 2115 3614 consumptus.
2150 3532 2252 3598 ·Deus
2274 3553 2353 3617 ergo

351 3619 437 3703 qnod
466 3618 560 3682 Deus
589 3615 720 3680 volebat
749 3614 877 3679 salvum
911 3635 1042 3680 manere
1075 3615 1173 3680 ctiam
1206 3613 1326 3698 populo
1379 3616 1546 3679 examinat
1568 3637 1653 3690 suos,
1678 3615 1730 3679 vel
1753 3625 1872 3699 purgat
1894 3615 2175 3700 castigationibus:
2197 3617 2254 3682 sed
2277 3638 2354 3700 quo-

351 3707 422 3788 ipso
451 3705 487 3768 in
517 3703 657 3786 speciem
690 3698 817 3783 perdito
847 3711 879 3765 at
908 3701 1026 3766 exciso.
1076 3699 1215 3780 Quoties
1247 3719 1326 3785 ergo
1380 3699 1497 3764 modo?
1526 3700 1580 3765 vel
1602 3701 1795 3783 quousque?
1827 3721 1890 3766 non
1914 3703 2019 3768 instar
2042 3705 2113 3767 auri
2136 3702 2192 3767 vel
2213 3705 2355 3787 argenti,

351 3808 413 3856 nos
446 3788 600 3854 sollicitat
632 3784 780 3850 diabolus
813 3785 854 3850 ad
887 3786 1164 3870 desperationem,
1199 3787 1326 3868 quoties
1378 3785 1455 3868 qnia
1476 3794 1685 3851 consumeret
1713 3787 1802 3868 ipsos
1831 3808 1972 3868 prorsus.
2018 3787 2103 3852 Nam
2126 3789 2205 3854 dum
2233 3808 2355 3873 argen-

352 3877 452 3942 etiam
480 3892 714 3956 exasperemur
744 3870 780 3934 in
807 3871 1079 3937 animisnostris
1111 3893 1210 3954 quum
1234 3870 1326 3937 Deus
1379 3880 1447 3934 tum
1471 3881 1631 3954 purgatur
1654 3893 1673 3936 a
1695 3891 1754 3936 sua
1777 3873 1891 3952 scoria,
1918 3873 2069 3938 similiter
2092 3883 2279 3953 eteorum,
2308 3874 2357 3939 ita

351 3960 499 4028 severius
529 3978 626 4040 qnam
646 3956 807 4021 vellemus
830 3977 888 4021 nos
910 3964 1039 4034 tractat,
1066 3958 1179 4022 veniat
1199 3958 1234 4022 in
1258 3979 1325 4022 me·
1378 3969 1489 4022 manet
1505 3958 1631 4040 reliqua
1646 3957 1750 4040 portio
1765 3956 1920 4038 liquidior
1933 3967 1966 4023 et
1976 3959 2100 4041 purior:
2117 3960 2151 4022 in
2168 3959 2355 4025 hominibus

351 4047 489 4112 moriam
509 4044 591 4108 haec
610 4042 798 4119 consolatio,
821 4061 938 4125 nempe
956 4043 1061 4106 Deum
1081 4062 1146 4107 non
1164 4044 1326 4108 facturum
1379 4051 1489 4108 autem
1507 4044 1580 4124 quia
1598 4042 1682 4107 nihil
1705 4050 1755 4107 cst
1772 4053 1901 4124 praeter
1924 4045 2118 4122 vanitatem,
2140 4043 2214 4109 ideo
2238 4063 2356 4110 evane-

352 4131 524 4198 nobiscum
552 4128 844 4210 consumptionem.
896 4126 981 4192 Nam
1008 4127 1093 4208 qnod
1123 4127 1178 4192 hic
1206 4128 1326 4193 dicitur
1378 4139 1508 4193 scerent
1531 4148 1674 4210 prorsus,
1702 4127 1730 4192 si
1753 4129 1844 4193 Deus
1867 4129 1967 4194 vellet
1989 4149 2044 4194 eos
2067 4131 2257 4196 examinare
2280 4136 2355 4195 tan·

353 4216 554 4294 deecclesia,
577 4214 673 4278 etiam
697 4213 804 4294 aptari
826 4210 1327 4296 potestacdebstadsingulos
1378 4233 1477 4296 quarn
1500 4234 1617 4278 aurum
1639 4222 1673 4279 et
1689 4223 1874 4297 argentum.
1908 4214 1975 4281 Sed
1997 4214 2153 4297 quoniam
2175 4215 2233 4280 illa
2254 4215 2355 4281 inter·

352 4302 475 4367 fidelos.
509 4299 602 4364 Dens
622 4299 708 4362 euim
730 4297 805 4362 illos
827 4297 955 4362 duriter
977 4307 1096 4362 tractat
1118 4310 1215 4378 prout
1238 4298 1328 4362 videt
1378 4300 1519 4380 pretatio
1542 4299 1691 4364 subtilior
1713 4311 1772 4378 est,
1798 4320 1858 4382 ego
1881 4299 2037 4366 libentius
2059 4301 2185 4365 retineo
2214 4302 2354 4366 alteram

352 4388 431 4469 ipsis
453 4406 524 4452 esse
547 4385 643 4449 utile:
674 4382 730 4448 sed
760 4403 826 4447 nou
855 4383 1017 4447 consumit·
1044 4383 1132 4464 ipsos
1153 4383 1187 4447 in
1211 4393 1325 4447 totum.
1379 4405 1419 4447 ex
1443 4382 1567 4449 duabus
1589 4384 1718 4465 primis,
1747 4406 1864 4467 nempe
1893 4385 1979 4468 quod
2001 4385 2094 4450 Deus
2121 4405 2185 4450 non
2209 4386 2355 4452 succidet

354 4471 431 4538 Non
451 4471 571 4552 sccinm
596 4490 675 4552 ergo
696 4468 959 4548 consumptionem
987 4473 1093 4550 tecum,
1127 4468 1243 4550 inquit,
1272 4469 1327 4534 aad
1379 4468 1537 4533 intutum
1569 4489 1655 4546 suos,
1685 4471 1836 4551 quamvis
1865 4471 2011 4554 castiget,
2043 4470 2095 4537 vel
2117 4471 2269 4554 quamvis
2300 4493 2355 4538 ees

352 4556 509 4641 aestuabo
530 4561 558 4620 n
579 4556 614 4619 in
636 4555 764 4620 indicio.
805 4553 871 4618 Hic
892 4553 1009 4636 copula
1031 4553 1126 4618 debet
1147 4553 1269 4617 resolvi
1291 4557 1327 4617 in
1379 4574 1445 4618 non
1467 4553 1583 4619 reddat
1603 4574 1737 4636 prorsus
1758 4555 1931 4632 immunes,
1955 4576 2060 4637 neque
2082 4557 2162 4638 ipsis
2184 4556 2355 4641 indulgeat

253 4685 254 4690 κ
353 4641 597 4709 adversativam
620 4640 824 4721 particulam.
865 4638 983 4704 Iudicii
1005 4659 1083 4703 vero
1105 4657 1224 4703 nomen
1247 4639 1326 4702 acci·
1379 4647 1415 4703 ut
1436 4639 1569 4721 impune
1598 4641 1739 4705 evadam
1768 4641 1838 4707 eius
1867 4663 2018 4706 manum:
2050 4652 2162 4707 tamen
2184 4645 2253 4708 tore
2275 4663 2355 4725 erga

353 4731 446 4813 pitur
468 4746 527 4810 pro
549 4724 782 4802 moderatione,
812 4723 907 4789 sicuti
929 4723 1089 4789 Ieremias
1111 4723 1154 4788 10
1178 4720 1326 4801 uidimus,
1378 4723 1466 4806 ipsos
1496 4721 1688 4790 clementem
1714 4729 1749 4790 et
1769 4727 1963 4810 propitium,
1994 4727 2071 4810 quia
2097 4726 2221 4793 scilieet
2251 4729 2352 4793 inter-

354 4814 490 4897 Oastiga
519 4832 572 4876 me
595 4810 750 4887 Domine,
780 4807 925 4873 sednon
954 4809 987 4871 in
1010 4809 1060 4872 ira
1081 4817 1147 4874 tua.
1193 4807 1328 4890 castiga
1377 4817 1501 4891 ponent
1532 4811 1801 4892 castigationibus
1830 4813 1899 4878 suis
1926 4811 2098 4890 iudicium,
2132 4833 2175 4878 ns
2202 4813 2271 4880 sint
2292 4813 2352 4878 im-

354 4901 458 4984 igitur
479 4919 532 4963 me
553 4896 590 4960 in
611 4894 742 4975 iudicio,
773 4893 909 4960 dicebat.
954 4893 1080 4959 Eodem
1110 4915 1209 4959 sensu
1238 4914 1327 4959 nuno
1379 4895 1575 4960 moderatae.

354 4986 511 5051 iudicium
544 4983 677 5064 ponitur
708 5000 767 5064 pro
800 5001 839 5044 ea
869 4977 1091 5044 moderatione
1125 4999 1190 5061 qna
1222 4978 1327 5044 utitur

355 5071 447 5136 Deus
470 5087 548 5153 erga
569 5068 688 5134 eleetos
710 5085 794 5143 suos,
818 5064 873 5130 ubi
891 5083 1021 5146 semper
1040 5085 1165 5129 memor
1184 5073 1233 5130 est
1251 5083 1327 5128 suae
1465 5065 1515 5129 12.
1551 5065 1706 5146 Quoniam
1733 5066 1780 5132 cic
1808 5069 1886 5135 dicit
1914 5068 2068 5152 Iehoeub,
2104 5069 2259 5136 &cuitus
2286 5089 2353 5136 oon·

354 5155 558 5233 elementiae,
593 5174 653 5219 nec
675 5151 807 5234 respicit
828 5149 905 5233 qnid
927 5149 1035 5214 meriti
1058 5149 1134 5225 sint,
1170 5149 1226 5214 sed
1249 5149 1327 5230 quid
1375 5151 1527 5231 fractioni
1547 5155 1620 5216 tnnc
1646 5150 1713 5235 (vel
1735 5152 1914 5220 tracturae:
1943 5155 1999 5220 alii
2021 5159 2158 5221 vertunt
2184 5155 2352 5221 contritio·

353 5242 482 5326 possint
515 5241 609 5306 terre.
658 5237 724 5306 Ubi
758 5257 835 5321 ergo
862 5235 954 5300 Dens
987 5233 1034 5299 ita
1066 5255 1200 5298 manum
1233 5254 1326 5299 suam
1378 5256 1463 5315 nem,
1495 5236 1583 5320 quod
1616 5237 1701 5302 idem
1735 5246 1799 5304 est:
1838 5261 1916 5306 nam
1950 5253 2023 5309 tat!
2057 5241 2221 5324 signifieat
2253 5243 2353 5306 stiam

354 5327 509 5405 retrahit,
544 5335 576 5391 et
597 5324 808 5410 indulgenter
829 5321 969 5406 castigat
994 5338 1080 5397 suos,
1113 5319 1233 5385 dicitur
1253 5318 1327 5385 illos
1377 5321 1568 5408 conterere),
1590 5343 1685 5406 capra
1701 5323 1803 5406 plaga
1823 5330 1888 5392 tna.
