5118 6136
211 399 274 466 era
787 351 789 356 ⁵
899 399 949 467 ΙΝ
971 398 1220 467 mauman.
1265 397 1365 464 ose.
1387 396 1523 464 xxxr.
2148 400 2216 472 etr

211 598 277 670 rat,
314 588 371 655 sed
400 587 442 654 ad
471 587 750 654 ooniirmationem
787 587 964 672 superioris
990 587 1182 654 sententiae.
1238 585 1321 651 tuite
1343 585 1408 651 Dei
1430 585 1575 654 bonitate
1597 586 1682 671 quod
1704 586 1888 670 resipuerit.
1927 588 2212 672 Quemadmodum

211 674 349 741 Summa
370 683 437 752 est,
466 693 636 755 nunquam
667 673 752 739 serio
778 675 897 740 affeetu
920 693 979 739 nos
1008 673 1116 758 tangi,
1146 679 1184 738 ut
1237 691 1316 756 ergo
1338 669 1399 737 sub
1421 672 1554 738 nomine
1577 672 1800 740 conversionis
1821 673 2012 758 complexus
2040 689 2091 742 ast
2121 695 2211 744 reuo-

212 758 440 843 displieeamus
474 757 566 824 nobis
594 759 629 824 in
658 761 814 841 pauentis,
847 759 949 824 donee
982 757 1184 826 eonverterit
1237 757 1401 823 vationum
1425 756 1525 823 totius
1548 758 1692 841 animae,
1726 757 1772 822 ita
1802 779 1890 826 nuno
1918 761 2103 844 speeialiter
2134 763 2211 830 dieit

211 864 271 910 noe
293 845 385 910 Deus
408 845 487 927 ipse.
531 844 622 927 Ergo
651 844 728 910 hine
755 844 938 930 colligimus
968 863 1068 926 quam
1095 843 1183 910 eaeei
1236 841 1479 925 sepraeditum
1498 863 1569 910 esso
1587 851 1675 910 reeta
1693 843 1922 930 intelligentie,
1945 846 2100 929 quoniam
2119 848 2212 915 Deus

210 931 333 996 luerint
357 931 512 1014 papistaa
539 931 595 1012 qui
619 928 697 994 dum
722 929 899 1012 loquuntur
921 930 961 996 ds
984 928 1183 1013 poenitentia
1235 926 1408 994 abstulerit
1439 928 1548 994 velum
1578 949 1643 1014 quo
1671 929 1791 996 obteeti
1821 941 1915 996 erant
1943 932 2014 998 eius
2042 932 2145 1012 eonii,
2179 943 2211 1000 et

211 1016 405 1082 existimant
443 1015 610 1080 hominem
651 1015 782 1097 proprio
822 1015 957 1082 arbitrio
996 1012 1103 1080 redire
1142 1013 1183 1078 ad
1236 1012 1343 1078 luoem
1376 1033 1496 1080 noram
1530 1014 1712 1081 eontulerit
1765 1013 1904 1082 Summa
1936 1029 2001 1099 eet,
2037 1039 2102 1084 non
2135 1031 2212 1085 unte

210 1101 330 1178 Deum,
353 1111 387 1166 et
408 1099 469 1166 bae
491 1099 532 1164 de
553 1122 589 1165 re
611 1102 793 1166 maximum
816 1109 867 1167 est
889 1101 982 1166 nobie
999 1097 1095 1165 bodie
1112 1119 1182 1166 oer-
1235 1097 1337 1164 fuisse
1358 1105 1483 1164 taetum
1507 1120 1584 1174 rere
1607 1100 1724 1167 timore
1741 1100 1815 1180 Dei,
1837 1121 1935 1184 quam
1960 1103 2127 1186 praeditus
2148 1104 2213 1172 tuit

210 1194 332 1254 tamen.
381 1185 547 1270 Propheta
575 1191 685 1252 autom
715 1195 816 1251 totam
847 1186 930 1252 hena
959 1184 1183 1268 quaestionem
1235 1203 1317 1250 sena
1349 1193 1475 1250 mente:
1514 1186 1572 1251 sed
1612 1186 1740 1252 interea
1776 1196 1917 1254 testatur
1950 1185 2010 1255 hoo
2042 1211 2077 1256 se
2111 1190 2211 1256 luisse

211 1271 354 1340 breviter
387 1270 544 1374 definivit.
587 1271 672 1372 Nam
705 1292 806 1355 quum
839 1282 915 1340 ante
949 1269 1086 1337 dixisset
1117 1291 1182 1335 non
1235 1268 1390 1352 adeptum
1426 1270 1589 1372 singulari
1616 1271 1680 1338 Dei
1718 1273 1833 1371 gratia
1877 1271 2037 1340 Videmus
2066 1285 2211 1376 ergoet

209 1357 648 1527 willibaldi
669 1354 1184 1526 ,tttfftstlttttitti
1236 1353 1480 1523 &ilidii
1496 1357 2211 1522 ttttdttiiltittitfftttlll

210 1547 379 1611 nunquam
402 1528 463 1595 sibi
487 1527 691 1612 displiouerit
718 1549 803 1612 popu
819 1550 873 1608 us,
906 1527 1033 1593 etiamsi
1065 1546 1184 1612 graves
1236 1537 1380 1592 mentem
1402 1537 1435 1591 et
1456 1535 1582 1593 reatum
1606 1529 1715 1594 eordis
1736 1530 1887 1596 affeetum
1911 1550 1982 1597 esse
2003 1551 2084 1614 opus
2115 1532 2210 1616 spiri·

210 1635 331 1697 poenas
364 1614 455 1679 Deus
487 1613 664 1697 sumpserit
697 1614 737 1679 de
769 1614 857 1680 illius
890 1615 1048 1698 peoeatis,
1082 1611 1184 1679 donee
1237 1621 1290 1678 tus
1316 1613 1431 1678 saneti.
1474 1611 1642 1680 Peraeae
1667 1615 1796 1696 fenoris
1828 1615 1990 1699 signifieat
2019 1637 2209 1695 moerorem,
2245 1663 2248 1670 -

210 1719 388 1766 eonversus
408 1699 470 1764 iuit
495 1720 558 1765 non
581 1719 641 1765 suo
664 1699 815 1780 arbitrio,
845 1699 901 1765 sed
930 1719 1049 1765 areana
1070 1717 1183 1782 opera·
1236 1697 1292 1780 qui
1314 1695 1474 1781 eontingit
1496 1719 1536 1763 ex
1559 1719 1658 1766 sensu
1681 1700 1808 1766 timoris
1826 1700 1898 1767 Dei.
1933 1700 2099 1784 Quamdiu
2121 1702 2209 1768 enim

210 1787 299 1851 tione
328 1795 364 1850 et
392 1785 550 1852 instinotu
577 1786 714 1870 spiritua
744 1785 858 1852 saneti.
910 1783 965 1850 Eu
993 1803 1053 1868 quo
1081 1784 1184 1868 igitur
1236 1783 1475 1848 contemnimus
1498 1785 1561 1850 Dei
1579 1784 1751 1862 indidem,
1786 1787 1856 1851 lieri
1890 1805 1955 1852 uon
1984 1796 2097 1936 ¹potest
2129 1788 2208 1871 quin

209 1869 385 1938 euomuit
406 1889 468 1950 me,
494 1871 652 1970 poenituit
673 1891 729 1936 me.
773 1871 914 1969 damma
936 1880 1002 1970 est,
1033 1869 1183 1969 bomines
1237 1866 1429 1968 Setannos
1459 1867 1596 1970 deliniat
1622 1871 1690 1971 suis
1720 1870 1891 1972 illeoebrie.
1938 1869 1983 1939 Se
2033 1871 2088 1938 ubi
2118 1872 2209 1939 Deus

209 1975 395 2107 titt?
402 1977 732 2111 ,dimili
746 1955 1076 2126 titt’tlttf‘¹
1091 1953 1183 2121 dit
1235 1952 2209 2127 tltttttttlt,”iltuit:titt’ttttll

209 2127 297 2193 enim
320 2136 371 2192 est
393 2127 572 2209 conversio,
595 2127 634 2194 da
657 2147 722 2210 qua
736 2146 824 2192 nuno
839 2127 984 2211 loquitur
999 2125 1182 2208 propbeta?
1236 2126 1282 2192 Ilt
1304 2124 1453 2209 adiungit
1475 2125 1510 2190 in
1532 2125 1673 2192 eundem
1688 2148 1830 2205 sensum,
1853 2127 1989 2212 Meti,
2012 2131 2208 2212 ammutium

209 2211 395 2278 Renovatio
417 2212 537 2278 mentis
560 2220 594 2279 et
614 2213 730 2279 eordis.
774 2212 862 2279 Nam
887 2210 1029 2295 petenda
1058 2221 1107 2275 sat
1129 2211 1183 2276 de·
1234 2232 1307 2276 eum
1328 2210 1483 2294 erasmae.
1517 2211 1621 2278 Miror
1643 2233 1701 2278 our
1723 2215 1918 2298 interpretes
1941 2214 2037 2279 multi
2054 2214 2208 2297 neglexe-

208 2297 315 2364 finitio
337 2317 358 2362 a
379 2299 551 2377 eontrario,
576 2307 613 2363 ut
634 2297 822 2380 loquuntur.
858 2299 997 2365 Aversio
1014 2296 1182 2380 quidest?
1235 2297 1304 2363 rint
1325 2296 1518 2380 partioulam
1540 2310 1596 2366 nu:
1626 2307 1762 2366 romunt
1782 2299 1917 2366 eoniuso
1939 2301 2062 2379 ordine,
2085 2298 2208 2366 Oeniu-

208 2403 329 2467 nempe
351 2403 450 2467 quum
474 2383 608 2448 alienati
626 2383 731 2450 eDeo
746 2404 859 2449 sumus
874 2393 941 2449 tam
958 2391 1068 2449 mente
1084 2402 1183 2466 quam
1235 2402 1293 2448 sus
1315 2402 1387 2448 sum
1410 2389 1444 2448 et
1464 2381 1590 2448 erubui.
1633 2385 1736 2468 Atqui
1764 2384 1925 2468 partieula
1955 2384 2035 2454 haee
2064 2385 2209 2452 ostendit

89 2475 91 2478 ’
209 2469 315 2537 eorde.
359 2469 450 2554 Ergo
472 2469 620 2552 sequitur
642 2489 702 2534 nos
724 2470 873 2535 oonrerti
902 2468 958 2535 ubi
988 2488 1184 2534 renovamur
1236 2467 1426 2552 prophetam
1460 2487 1660 2552 exaggerare
1692 2469 1951 2555 magnitudinem
1990 2470 2142 2536 tristitiae
2175 2479 2209 2538 et

208 2554 314 2621 intelli
339 2555 436 2633 entia,
451 2553 568 2620 deinde
583 2554 689 2630 eorde,
704 2554 737 2620 id
753 2565 812 2631 est,
835 2555 1014 2621 affeetibus.
1048 2553 1184 2620 Utrum·
1236 2553 1370 2636 pudoris
1392 2553 1443 2618 sui
1460 2573 1561 2636 quum
1580 2553 1665 2636 dieit,
1688 2555 1823 2640 Emdui,
1846 2577 1925 2638 uque
1948 2557 2041 2624 dmm
2061 2557 2210 2639 musaeus

209 2661 274 2724 que
296 2575 451 2706 adscribit
472 2640 632 2723 propbeta
653 2640 780 2724 gratias
797 2641 868 2719 Dei,
891 2640 966 2724 quia
988 2637 1068 2708 dioit
1083 2659 1183 2722 popu·
1207 2631 1211 2698 Ι
1235 2659 1316 2705 eum.
1369 2637 1488 2706 Postea
1517 2638 1680 2724 adiungit,
1714 2643 1791 2724 quio
1819 2641 1879 2708 tali
1906 2641 2107 2726 opprobrium
2136 2643 2209 2708 ode

211 2727 280 2792 lum
302 2746 369 2791 uon
399 2733 475 2790 ante
503 2725 565 2790 sibi
596 2726 799 2808 displieuisse
828 2726 861 2792 in
891 2725 1050 2809 peeeatis,
1083 2743 1183 2808 quam
1236 2723 1397 2791 iteratim
1427 2743 1523 2790 mm.
1578 2725 1644 2792 Hie
1676 2729 1794 2809 repetit
1833 2727 1918 2811 quod
1959 2733 2036 2792 ante
2069 2727 2207 2810 dixerat,

209 2811 309 2876 fuerit
330 2829 516 2888 eonveraus,
537 2808 571 2876 id
592 2819 650 2890 est,
678 2818 854 2877 renovatus
877 2820 945 2876 tam
967 2810 1183 2895 intelligentia
1235 2829 1353 2893 nempe
1374 2809 1534 2890 proluisse
1556 2809 1715 2876 Israelitis
1742 2831 1879 2895 poenam
1909 2811 2069 2878 divinitus
2101 2812 2207 2880 inflie·

210 2917 308 2980 quam
331 2895 436 2962 eorde.
481 2894 623 2976 Quidem
646 2904 822 2978 exponunt.
846 2895 1108 2963 Oonsolationem
1131 2915 1183 2961 ao·
1235 2903 1313 2960 tam.
1358 2894 1431 2961 Nisi
1452 2893 1540 2960 enim
1563 2896 1702 2962 luissent
1723 2893 1784 2962 hoe
1805 2896 1900 2962 medo
1923 2896 2094 2980 pudeiaeti,
2122 2917 2208 2964 sem·

209 2983 293 3066 sepi:
317 2981 373 3048 sed
395 3001 507 3047 eorum
532 3001 623 3047 error
642 2981 740 3048 ¹ieoile
762 2981 923 3047 refellitur
944 3003 986 3048 ex
1015 2989 1182 3057 oentextu,
1236 3000 1296 3064 per
1317 2979 1380 3046 sibi
1401 2979 1553 3046 leeissent
1575 2979 1703 3047 delitias
1723 2982 1758 3046 in
1780 2983 1849 3048 auis
1872 2982 1974 3062 malie,
1996 2982 2207 3067 quemadmo-

210 3069 285 3152 quia
307 3067 406 3151 paulo
428 3077 501 3150 poet
530 3067 717 3147 subiieitur,
750 3065 893 3147 Erubui,
922 3071 1015 3150 utque
1035 3066 1184 3149 emisseus
1236 3065 1315 3131 dum
1344 3064 1497 3132 videmus
1524 3064 1641 3149 impios
1667 3064 1729 3133 sibi
1756 3065 1915 3146 blandiri,
1950 3075 1983 3134 et
2011 3068 2208 3152 applaudere

209 3171 291 3220 sum.
345 3152 421 3217 Nou
454 3151 589 3217 dubium
621 3153 724 3236 igitur
756 3159 805 3218 est
838 3153 918 3235 quin
959 3151 1014 3218 hio
1053 3159 1184 3218 notetur
1236 3150 1426 3235 quantisper
1447 3150 1511 3217 illis
1533 3149 1625 3218 Deus
1646 3152 1766 3235 pareit,
1796 3160 1894 3238 atque
1921 3153 2080 3239 indulget.
2125 3153 2207 3220 Pro·

209 3237 416 3321 dieplieentia
438 3258 539 3321 quum
563 3249 712 3321 peooator
734 3244 876 3302 terretur
898 3236 962 3302 Dei
983 3235 1117 3316 iudieio,
1146 3245 1183 3301 ut
1235 3237 1336 3319 pheta
1357 3235 1460 3321 igitur
1488 3234 1549 3302 sub
1579 3237 1713 3304 nemine
1745 3238 1856 3322 populi
1887 3237 1967 3306 dieit
1998 3238 2111 3305 utilem
2146 3239 2208 3305 sibi

210 3323 301 3388 vitiis
332 3324 400 3390 suis
427 3323 603 3388 renuntiet.
651 3321 822 3406 Postquam
842 3322 982 3408 matera
1002 3341 1074 3388 eum
1093 3321 1182 3402 mibi,
1235 3323 1337 3388 luisse
1359 3342 1506 3406 posnam.
1550 3321 1618 3389 Sed
1653 3323 1829 3389 tenendum
1858 3324 2022 3408 estquod
2052 3324 2206 3409 diximus,

210 3408 263 3474 vel
291 3418 465 3492 postquam
491 3408 572 3473 mihi
603 3408 666 3472 leit
693 3418 879 3487 ostensum,
908 3407 980 3486 vel,
1012 3415 1181 3558 postquam
1235 3415 1342 3473 totum
1365 3408 1427 3474 hee
1449 3408 1630 3492 proleotum
1652 3408 1754 3475 fuisse
1777 3429 1796 3474 a
1818 3408 1980 3492 spirituali
2002 3409 2065 3474 Dei
2089 3409 2205 3493 gratia.

209 3495 356 3578 eognovi‚
378 3492 578 3576 simplieiter.
612 3492 696 3558 Nam
718 3513 890 3576 possumus
908 3493 1063 3577 aeeipere,
1115 3502 1182 3559 est·
1235 3492 1321 3559 Nam
1344 3493 1472 3579 reprobi
1494 3495 1644 3577 quumvis
1665 3493 1758 3561 Deus
1779 3493 1855 3560 edat
1875 3494 2039 3561 horrenda
2057 3493 2207 3578 exempla

209 3599 306 3662 quam
346 3579 458 3644 datum
499 3578 563 3646 fuit
602 3579 664 3662 ipsi
703 3578 881 3661 Ephraim,
924 3583 964 3645 ut
1002 3597 1037 3645 se
1074 3578 1182 3661 ipsum
1234 3599 1313 3646 suae
1335 3579 1499 3645 vindiotae
1521 3578 1677 3646 adversus
1703 3599 1774 3659 eos,
1805 3589 1940 3647 manent
1968 3589 2076 3646 tamen
2107 3579 2207 3646 obsti·

209 3673 410 3748 agnoseeret,
434 3663 496 3740 rel,
526 3672 700 3748 postquam
722 3665 884 3747 seipsum
907 3664 1071 3749 eognovit.
1115 3664 1183 3730 Alii
1235 3663 1322 3729 nati:
1355 3685 1416 3731 nee
1438 3664 1549 3730 ierunt
1570 3665 1781 3749 opprobrium
1810 3685 1924 3746 suum,
1955 3663 2018 3732 lroe
2039 3675 2106 3746 eat,
2139 3685 2206 3732 non

209 3757 355 3828 vertunt,
377 3748 557 3834 Postquam
579 3751 728 3833 eognitus
750 3770 842 3817 sum:
865 3756 899 3816 et
920 3751 967 3815 ita
987 3749 1075 3816 idem
1097 3759 1184 3815 esset
1235 3755 1419 3836 agnoseunt
1450 3770 1486 3816 se
1517 3770 1678 3835 peeoasee.
1727 3750 1830 3818 Ferre
1860 3750 1962 3835 igitur
1993 3749 2205 3836 opprobrium

210 3855 327 3902 sensus
349 3836 468 3901 herum
495 3833 689 3915 verberum,
716 3837 771 3917 qui
802 3842 853 3900 est
878 3835 1053 3901 verborum
1076 3834 1182 3913 Pauli,
1237 3833 1401 3918 peeuliare
1433 3844 1483 3902 est
1515 3836 1626 3902 eleetie
1653 3835 1733 3916 Dei,
1767 3835 1822 3922 qui
1855 3835 1994 3920 regeniti
2028 3844 2106 3902 sunt
2139 3837 2208 3902 eius

209 3921 387 4005 Postquam
410 3920 591 4004 agnovistis
614 3919 733 3998 Deum,
757 3921 809 3986 vel
832 3919 940 4003 potius
961 3921 1083 4020 oogniti
1105 3921 1183 3988 estis
1236 3920 1362 4002 spiritu,
1384 3923 1461 4004 quia
1482 3922 1681 4006 perveniunt
1698 3942 1801 4006 usquo
1818 3921 1859 3987 ad
1878 3940 2009 3988 eausam
2026 3922 2208 3988 melorum:

208 4006 250 4072 ab
272 4026 320 4085 eo,
342 4004 385 4072 ad
407 4003 544 4072 Galatas
566 4004 609 4092 (4,
631 4005 676 4092 9).
713 4004 780 4071 Sed
804 4025 918 4070 vereor
940 4025 982 4071 ne
1003 4004 1060 4070 ille
1082 4024 1183 4089 expo·
1236 4005 1332 4071 siouti
1355 4025 1456 4089 quum
1478 4006 1630 4073 videmus
1653 4007 1734 4074 duos
1762 4016 1927 4092 aegrotos,
1956 4026 2092 4091 quorum
2124 4008 2209 4073 alter

208 4092 283 4159 sitio
305 4091 444 4157 nimium
467 4091 512 4158 sit
533 4101 660 4176 arguta.
705 4089 791 4157 Malo
811 4091 914 4176 igitur
936 4109 991 4156 ees
1013 4090 1106 4174 sequi
1127 4091 1183 4175 qni
1234 4090 1429 4174 phrenetide
1450 4091 1586 4172 laborat,
1607 4100 1640 4158 et
1661 4093 1709 4158 ita
1729 4091 1880 4177 stupidus
1902 4101 1952 4160 est
1970 4094 2006 4159 in
2024 4112 2083 4159 suo
2100 4093 2207 4160 malo:

206 4187 389 4261 exponunt,
411 4177 591 4262 Postquam
614 4177 763 4260 eognitus
785 4195 856 4242 sum
885 4176 976 4256 mihi,
1005 4175 1067 4256 vel,
1097 4183 1184 4260 post·
1236 4177 1320 4242 alter
1341 4183 1449 4242 autem
1473 4178 1572 4244 sentit
1600 4199 1696 4245 suum
1727 4177 1888 4255 dolorem,
1919 4185 1952 4245 et
1980 4199 2018 4245 ee
2048 4179 2207 4245 alfioitur:

209 4283 310 4346 quam
331 4262 415 4328 mibi
437 4283 489 4329 res
512 4270 563 4328 est
584 4262 756 4345 pateiaote.
790 4261 864 4328 Non
883 4260 1017 4327 dubium
1036 4262 1182 4345 estquis
1235 4262 1384 4328 videmus
1405 4263 1470 4328 iam
1493 4262 1623 4347 aliquod
1645 4263 1832 4331 disorimen.
1877 4262 1944 4331 Sed
1973 4261 2062 4330 eliud
2094 4263 2207 4331 diseri·

209 4347 370 4431 propbeta
402 4347 457 4414 hio
489 4347 695 4414 eommendet
727 4347 789 4412 Dei
828 4348 987 4431 gratiam,
1029 4349 1182 4430 queniam
1236 4367 1312 4414 men
1334 4347 1485 4416 videmus
1506 4349 1594 4414 inter
1616 4349 1696 4416 alies
1719 4359 1878 4435 aegrotos.
1918 4343 2086 4416 Ponamus
2106 4351 2208 4434 igitur

209 4435 308 4498 fuerit
331 4431 475 4499 ablatum
499 4431 607 4498 velum
630 4431 734 4499 oeulis
756 4433 882 4532 populi,
912 4432 966 4498 vel
989 4432 1067 4517 quia
1087 4452 1182 4499 sana·
1236 4435 1368 4500 tertium
1392 4433 1539 4518 gradum,
1562 4435 1638 4520 quia
1659 4455 1756 4518 saepe
1777 4437 1948 4519 eontiuget
1969 4442 2006 4500 ut
2023 4436 2079 4519 qui
2098 4435 2207 4502 dolore

208 4529 264 4585 tus
285 4519 386 4584 fuerit
407 4537 428 4582 a
448 4538 510 4583 sua
524 4517 693 4584 oaeeitate:
716 4538 808 4601 quaer
826 4517 948 4584 dieerst
962 4539 997 4585 ee
1013 4517 1069 4584 diu
1085 4518 1184 4584 luisse
1235 4539 1294 4584 suo
1317 4519 1468 4598 affioitur,
1491 4528 1601 4586 tamen
1624 4540 1691 4587 uon
1719 4519 1915 4587 oensoendut
1942 4541 2047 4604 usque
2070 4521 2111 4586 ad
2133 4541 2207 4588 oau-
2274 4521 2278 4527 '

208 4611 429 4683 exoneratum,
451 4604 528 4688 quia
549 4601 695 4686 plaoebat
718 4603 779 4668 eibi
801 4604 837 4668 in
854 4605 924 4670 suis
941 4603 1042 4683 vitiis,
1064 4613 1098 4669 et
1115 4611 1184 4670 tota
1235 4623 1315 4670 sam.
1360 4604 1428 4684 Qui
1460 4624 1537 4690 ergo
1570 4605 1725 4674 sanabilis
1758 4613 1825 4684 est,
1858 4605 1914 4672 ille
1941 4605 2097 4691 intelligit
2118 4605 2207 4673 unde

208 4691 279 4757 eius
300 4689 409 4755 anima
431 4688 581 4755 demersa
603 4689 721 4754 eratin
737 4697 886 4773 stupore:
908 4687 1183 4772 quemadmodum
1234 4699 1341 4757 ortum
1364 4690 1407 4755 sit
1427 4690 1559 4770 malum,
1589 4701 1622 4757 et
1643 4692 1689 4758 ita
1710 4697 1847 4774 paratus
1869 4700 1919 4757 est
1940 4690 1981 4756 ad
2003 4690 2204 4776 obsequium,

208 4777 329 4842 seimus
352 4793 407 4841 ees
429 4775 484 4856 qui
507 4795 526 4838 a
547 4776 618 4839 Deo
641 4774 744 4840 relioti
771 4784 849 4841 sunt
878 4793 949 4840 sese
975 4795 1109 4859 prorsus
1131 4795 1183 4842 se·
1235 4785 1269 4841 et
1290 4775 1385 4841 iaeile
1406 4795 1444 4842 ao
1473 4775 1614 4843 libenter
1642 4777 1787 4843 admittit
1813 4777 1923 4844 omnia
1952 4777 2108 4842 remedia.
2149 4777 2206 4844 Sie

207 4859 331 4939 eordee,
354 4868 387 4928 et
407 4861 499 4942 quasi
522 4859 645 4926 similes
666 4859 786 4926 bestiis.
823 4860 965 4926 Fatetur
985 4881 1064 4946 ergo
1078 4860 1183 4926 Israel
1234 4861 1334 4926 etiam
1356 4861 1452 4926 multi
1476 4861 1594 4928 furiose
1616 4869 1719 4928 ruunt
1739 4863 1775 4928 in
1797 4883 1891 4929 suam
1920 4862 2115 4948 pernieiem:
2149 4864 2205 4928 alii

208 4967 244 5012 se
267 4945 308 5010 ad
331 4954 460 5028 tempus
482 4945 544 5010 boe
560 4944 655 5011 mode
673 4944 772 5011 luisse
790 4944 967 5028 stupidum,
990 4951 1025 5011 et
1039 4958 1181 5012 mentem
1234 4946 1381 5013 sentiunt
1401 4945 1531 5032 quidem
1554 4967 1675 5032 poenas
1696 4969 1767 5016 esee
1789 4961 1925 5027 amarae,
1946 4945 2004 5014 sed
2027 4967 2093 5014 non
2109 4968 2205 5032 repu-

207 5051 300 5098 suam
323 5031 425 5096 luisse
446 5038 663 5097 exoaseatam.
698 5031 787 5114 llrgo
809 5029 862 5097 hie
880 5031 1022 5097 eelebrat
1042 5033 1181 5116 gratiam
1233 5040 1308 5098 tant
1327 5051 1468 5112 oausam,
1490 5032 1576 5116 qued
1598 5033 1722 5100 soilieet
1742 5035 1994 5118 proroeuveriut
2015 5033 2050 5100 in
2068 5055 2103 5101 se
2121 5034 2204 5102 irum

208 5119 287 5196 Dei,
315 5116 401 5199 quod
431 5115 565 5182 tandem
592 5117 702 5182 oeulos
732 5117 905 5198 aperuerit.
947 5116 1064 5201 Neque
1093 5118 1180 5182 enim
1233 5119 1306 5184 Dei.
1351 5116 1417 5197 Qui
1441 5127 1549 5184 autem
1572 5120 1634 5184 iam
1656 5122 1761 5203 parati
1785 5119 1926 5186 suntad
1948 5119 2204 5204 reeuperandam

207 5203 262 5268 hio
283 5201 451 5286 praedioat
473 5221 564 5268 suam
597 5201 768 5282 virtutem,
799 5200 1074 5284 quemadmodum
1098 5202 1181 5268 dixi·
1233 5205 1423 5288 sanitatem,
1459 5203 1508 5269 illi
1537 5205 1646 5272 seiunt
1674 5203 1762 5270 unde
1799 5203 1948 5272 morbum
1983 5206 2202 5288 aequisierint.

206 5308 290 5367 mus,
313 5285 370 5354 sed
392 5287 542 5372 agnoseit
564 5286 624 5352 boo
646 5295 751 5352 tetam
770 5287 952 5370 proieetum
974 5309 1044 5356 esse
1067 5308 1179 5373 agra·
1232 5289 1322 5374 Ergo
1344 5289 1503 5374 propbeta
1525 5289 1579 5358 bie
1599 5288 1678 5357 dieit
1699 5292 1853 5374 populum
1874 5292 1984 5358 tulisse
2004 5291 2204 5376 opprobrium

312 5387 423 5446 Galoiai
440 5403 533 5458 opera
561 5387 617 5444 Vol.
635 5387 816 5446 XXXVIII.
1966 5391 2002 5447 43
