5134 6124
341 429 403 496 231
1155 419 1542 490 PRAEIAEONIONES
2284 419 2347 486 232

341 618 539 686 marineium
560 636 717 700 uquarum
738 633 799 682 uon
818 613 960 696 [idalium
988 612 1058 699 (alii
1080 619 1227 689 vertunt,
1256 611 1321 676 eris
1372 609 1452 676 sieut
1481 609 1686 676 muudum.
1740 608 1855 674 Posset
1887 607 2018 691 quidem
2047 608 2243 678 adieetivum
2277 633 2347 679 esse

342 704 425 770 mibi
455 701 614 779 mendax,
644 719 749 784 aquae
778 699 943 780 infideles,
972 698 1033 764 hoo
1063 706 1129 777 εει,
1163 707 1321 779 tauquam
1374 713 1512 771 nomeu,
1542 695 1598 760 s'ed
1627 693 1833 760 substantive
1859 694 1948 760 haud
1972 694 2071 761 dubie
2092 697 2235 780 eapitur,
2268 698 2347 766 Ero

344 809 449 874 aquae
471 787 640 874 infideles).
1373 779 1453 846 mili
1484 785 1634 861 tanqam
1665 779 1875 846 metantium:
1914 789 2043 865 postea,
2078 782 2248 865 Aquarnm
2282 807 2347 852 nou

1373 865 1529 944 fidelium,
1562 866 1623 933 boe
1652 876 1712 944 εει,
1743 885 1826 948 qnae
1849 885 1914 930 nou
1937 877 2094 949 perpetuo
2122 869 2239 936 flnnnt.
2283 870 2347 937 Vo-

434 964 617 1044 Anteqnam
641 959 681 1024 de
704 957 811 1023 verbis
833 955 950 1034 dicam,
973 955 1117 1022 breviter
1131 952 1322 1037 attingenda
1374 961 1491 1018 cantur
1511 951 1599 1017 euim
1622 972 1725 1035 aquae
1745 951 1860 1018 fideles
1882 971 1967 1034 quae
1989 971 2157 1036 uunquam
2177 954 2347 1022 deficiunt:

345 1058 395 1112 εει
416 1065 555 1112 summa.
595 1045 752 1111 Ieremias
774 1061 878 1125 nuper
900 1062 979 1125 prae
1000 1061 1036 1107 εε
1058 1040 1136 1107 tulit
1157 1039 1323 1105 heroicam
1374 1037 1470 1103 sicuti
1503 1037 1619 1104 Latini
1653 1049 1770 1104 vocant
1804 1037 1927 1104 sontem
1962 1037 2214 1119 inexhaustum,
2253 1045 2348 1109 cuins

345 1132 589 1211 tortitudinem,
629 1150 729 1212 quum
762 1126 943 1211 despiceret
976 1136 1080 1193 totum
1115 1125 1321 1208 splendorem
1374 1124 1539 1208 scaturigo
1561 1143 1730 1207 nunqnam
1753 1125 1888 1190 arescit:
1910 1125 1958 1190 ita
1976 1125 2076 1190 etiam
2093 1127 2213 1192 iontem
2231 1142 2350 1196 vocant

344 1216 470 1296 mnudi,
493 1238 551 1301 pro
574 1216 675 1282 nihilo
698 1215 797 1281 etiem
820 1215 955 1280 duceret
976 1233 1089 1278 omnes
1111 1212 1186 1278 illos
1208 1231 1322 1294 super·
1373 1209 1504 1275 fidelem
1526 1209 1686 1290 Hebraei,
1716 1207 1772 1274 nbi
1795 1209 1906 1274 nullus
1928 1218 1979 1276 est
2000 1211 2162 1297 deiectus,
2193 1214 2291 1279 etiam
2314 1217 2348 1279 in

344 1304 403 1370 bos
437 1305 493 1386 qni
525 1301 744 1369 obtendebant
777 1321 812 1366 se
845 1321 917 1365 esse
955 1299 1120 1382 praesules
1158 1297 1321 1364 ecclesiae.
1375 1314 1502 1379 summo
1524 1305 1617 1362 aestu
1639 1306 1673 1361 et
1690 1295 1845 1362 siccitate.
1879 1295 1934 1361 Ex
1949 1297 2095 1380 opposito
2111 1310 2230 1365 vocant
2248 1320 2348 1384 aquas

345 1388 413 1457 Sed
436 1410 525 1455 nunc
548 1409 641 1456 suam
668 1387 895 1452 infirmitatem
926 1386 1065 1450 fatetur:
1097 1405 1157 1450 nec
1186 1383 1321 1449 dubium
1374 1401 1441 1446 uon
1465 1381 1577 1448 fideles
1599 1402 1683 1464 quae
1706 1394 1916 1458 excrescunt,
1947 1383 2219 1464 quemadmodum
2239 1387 2267 1452 si
2290 1407 2350 1470 pu·

346 1487 396 1542 est
418 1477 495 1558 quin
519 1476 662 1559 agitatus
683 1492 782 1554 saepe
803 1471 903 1537 inerit
925 1472 1012 1536 inter
1034 1470 1181 1536 diversas
1198 1469 1321 1552 cogita·
1375 1475 1447 1532 teus
1470 1487 1536 1532 nou
1559 1467 1679 1534 habeat
1705 1487 1807 1534 venas
1836 1488 2013 1550 perennes,
2046 1483 2173 1536 arescet
2202 1473 2349 1538 maxima

347 1564 453 1627 tiones
475 1568 509 1626 ει
531 1561 677 1628 affectus.
721 1558 794 1623 Hoc
816 1559 904 1622 enim
927 1557 1021 1623 nobis
1050 1556 1242 1640 contingere
1265 1575 1321 1619 ue·
1375 1561 1514 1619 aestate:
1547 1563 1707 1619 torrentes
1735 1553 1835 1619 etiam
1865 1574 1961 1636 saepe
1983 1567 2142 1621 arescunt.
2192 1556 2350 1625 Videmus

346 1668 436 1714 nesse
455 1655 520 1729 εει,
552 1647 628 1730 qnia
649 1664 725 1712 caro
747 1665 876 1726 semper
899 1643 1019 1708 militat
1048 1642 1204 1708 adversus
1226 1642 1322 1724 spiri·
1375 1659 1526 1722 quorsum
1560 1639 1723 1722 pertineat
1755 1638 1835 1704 haec
1867 1641 2054 1708 similitudo.
2099 1640 2166 1709 Sed
2195 1641 2275 1710 haec
2303 1644 2350 1709 lo·

347 1743 427 1798 tum.
472 1731 546 1798 Etsi
576 1733 663 1797 enim
692 1730 850 1815 propheta
880 1728 962 1794 nihil
992 1728 1171 1793 humanum
1202 1727 1323 1805 attulit,
1376 1724 1499 1808 qneudi
1522 1725 1627 1792 forma
1649 1725 1791 1792 absurda
1809 1736 1857 1791 εει
1873 1727 1907 1790 iu
1923 1728 2075 1810 speciem,
2098 1728 2177 1795 dnm
2193 1729 2351 1814 propheta

346 1839 447 1902 quum
470 1817 630 1901 proterret
653 1817 714 1882 Dei
738 1817 935 1891 doctrinam,
969 1827 1079 1880 tamen
1110 1834 1176 1878 uon
1204 1813 1266 1878 init
1289 1815 1322 1877 in
1374 1830 1450 1876 oum
1472 1810 1544 1876 Deo
1567 1811 1769 1896 expostulat,
1803 1833 1840 1878 ao
1862 1812 1891 1878 si
1913 1813 1953 1878 ab
1975 1833 2013 1879 eo
2036 1813 2149 1880 inisset
2180 1814 2350 1899 deceptus:

346 1914 452 1969 totum
481 1915 602 1969 exutus
632 1916 666 1968 et
695 1901 805 1967 dolore
834 1911 866 1966 ει
895 1913 984 1966 metu
1017 1911 1051 1966 ει
1083 1899 1186 1966 variis
1215 1900 1323 1966 carnis
1378 1897 1427 1962 Tu
1449 1898 1513 1964 eris
1533 1897 1627 1981 mibi,
1654 1897 1778 1980 iuquit,
1804 1903 1956 1980 uuquam
1977 1919 2061 1964 unua
2082 1919 2169 1980 spes,
2199 1901 2351 1983 asellae

346 1990 528 2057 affectibus.
574 1989 660 2054 Nam
682 2007 812 2071 semper
834 1986 1037 2071 distinguere
1059 1991 1199 2070 oportet,
1222 2005 1321 2069 quum
1374 2002 1547 2065 uquarum,
1588 2006 1672 2066 quae
1705 1983 1860 2050 deficiunt
1892 1984 1928 2048 in
1961 2005 2089 2050 summo
2129 1986 2254 2068 calore,
2296 1989 2352 2054 nbi

346 2078 456 2160 agitur
478 2075 518 2141 de
540 2075 708 2159 prophetis
730 2084 764 2138 ει
785 2073 950 2156 apostolis,
972 2073 1059 2138 iuter
1081 2074 1186 2155 ipsam
1202 2073 1323 2137 doctri·
1376 2070 1518 2135 maxime
1540 2079 1748 2153 expetuntur.
1783 2070 1821 2136 Si
1844 2070 2022 2152 accipimus
2047 2072 2145 2138 verba
2168 2083 2206 2138 ut
2224 2084 2350 2152 sonant,

345 2183 433 2240 nam,
456 2181 539 2246 qnae
559 2182 641 2244 pura
660 2161 725 2226 fnit
742 2157 783 2224 ab
800 2160 889 2225 omni
905 2159 1010 2236 sorde,
1032 2168 1063 2224 et
1079 2159 1322 2241 interipsornm
1375 2176 1441 2220 non
1459 2154 1620 2222 carebunt
1643 2155 1853 2238 blasphemia.
1888 2155 2002 2239 Neque
2025 2160 2112 2222 enim
2126 2158 2184 2224 abs
2200 2180 2236 2224 re
2252 2169 2350 2224 testa·

345 2268 515 2332 personas,
551 2262 588 2312 nt
610 2247 711 2331 vulgo
736 2245 932 2329 loquuntur,
961 2245 1022 2310 hoo
1043 2252 1093 2310 εει
1114 2245 1201 2309 inter
1223 2245 1321 2326 ipsos.
1375 2252 1427 2307 tus
1449 2251 1502 2307 εει
1522 2241 1615 2307 Dana
1637 2243 1789 2321 antehac,
1820 2263 1855 2308 se
1878 2263 1949 2308 esse
1972 2243 2097 2308 iontem
2118 2246 2350 2327 aquaevivae.

343 2333 458 2418 Neque
480 2334 568 2398 euim
590 2333 639 2398 ita
661 2333 794 2398 inerunt
817 2333 957 2415 perfecte
981 2333 1140 2410 renovati,
1162 2330 1241 2413 quin
1264 2331 1322 2396 ad·
1374 2327 1561 2394 Damnabat
1582 2327 1720 2394 Iudaeos
1743 2327 1827 2411 quod
1849 2328 1911 2394 sibi
1934 2327 2081 2394 foderant
2102 2332 2262 2397 cisternas
2278 2351 2351 2414 per·

345 2421 409 2485 buc
432 2429 580 2484 maneret
602 2419 636 2483 in
659 2419 738 2502 ipsis
761 2417 884 2501 aliquid
907 2417 1016 2483 carnis
1042 2416 1219 2482 residuum.
1264 2415 1322 2482 Sic
1374 2413 1512 2491 foratas,
1545 2425 1577 2480 et
1611 2413 1799 2480 desererent
1822 2415 1930 2498 ipsum
1962 2415 2017 2497 qni
2048 2426 2119 2481 erat
2147 2416 2221 2482 fons
2247 2437 2351 2500 aquae

345 2527 423 2588 ergo
439 2505 596 2569 Ieremias
619 2505 774 2587 privatim
796 2510 830 2568 et
848 2503 978 2582 anxins,
1000 2511 1034 2566 et
1052 2513 1176 2566 terrore
1199 2501 1322 2584 percul-
1375 2501 1479 2566 vivae.
1522 2501 1611 2566 Talis
1634 2499 1724 2566 haud
1747 2500 1845 2566 dubie
1872 2511 2021 2582 repertus
2045 2502 2107 2566 luit
2132 2500 2175 2567 ab
2201 2503 2352 2569 omnibns

346 2611 418 2667 aus,
452 2601 485 2654 ει
508 2588 614 2653 taedio
648 2589 784 2654 affectus
817 2589 895 2653 init:
929 2595 963 2652 et
994 2596 1138 2669 optasset
1170 2596 1323 2654 excutere
1375 2586 1488 2669 quiin
1511 2586 1618 2668 ipsum
1650 2596 1833 2670 sperarunt.
1881 2584 1970 2666 Quid
2000 2607 2078 2670 ergo
2107 2587 2160 2654 bic
2188 2586 2251 2654 sibi
2281 2587 2353 2655 vult

346 2697 428 2740 onus
451 2673 531 2738 illud
556 2684 622 2738 tam
646 2693 748 2756 grave
776 2692 795 2735 a
823 2673 892 2738 suis
920 2671 1076 2738 humeris.
1120 2673 1244 2738 Passus
1273 2680 1323 2738 est
1375 2671 1548 2750 Ieremias,
1581 2692 1684 2755 qnnm
1708 2673 1785 2738 dicit
1808 2673 1915 2738 Deum
1935 2672 2057 2738 iactum
2081 2695 2151 2740 εεεε
2174 2675 2238 2741 sibi
2260 2676 2353 2758 qnasi

346 2762 451 2844 igitur
472 2758 609 2824 affectus
629 2758 712 2833 illos,
743 2756 799 2824 sed
822 2758 990 2840 privatim:
1024 2759 1152 2824 interea
1177 2758 1323 2824 doctrina
1375 2777 1465 2841 spem
1500 2779 1618 2824 vanam
1651 2765 1683 2822 et
1715 2759 1842 2823 irritam
1878 2778 2038 2841 uquarum
2073 2779 2140 2824 uon
2177 2761 2352 2826 fluentium

347 2866 482 2930 prorsus
504 2848 611 2909 caruit
632 2844 722 2909 omni
746 2863 864 2910 naevo:
888 2845 964 2926 qnia
986 2845 1120 2926 spiritns
1138 2858 1271 2910 sanetus
1289 2851 1323 2908 et
1375 2853 1532 2926 perpetuo
1558 2843 1690 2910 tenore?
1739 2844 1815 2910 Non
1845 2842 1979 2911 dubium
2009 2855 2058 2910 est
2086 2846 2164 2928 qniu
2193 2845 2354 2930 propheta

347 2940 492 2997 mentem
516 2931 593 3009 eius,
622 2939 656 2994 ει
676 2950 793 2995 seusus
816 2949 938 3008 omues,
966 2940 999 2994 et
1028 2929 1175 3014 linguam
1204 2930 1251 2996 sic
1274 2931 1322 2995 di·
1376 2928 1457 2994 alios
1479 2930 1607 3013 potius,
1638 2951 1737 3014 qnam
1765 2951 1801 2996 εε
1830 2931 1991 3014 respiciat.
2033 2931 2147 3014 Neque
2176 2933 2266 2997 enim
2296 2953 2355 2998 nn·

348 3017 443 3094 rexit,
467 3027 503 3081 nt
525 3014 608 3080 nihil
630 3027 715 3082 εεεει
734 3015 801 3080 illio
825 3016 1016 3082 humanum.
1051 3018 1140 3101 Ergo
1163 3017 1324 3083 hactenns
1375 3034 1473 3098 quam
1506 3035 1644 3082 excussa
1677 3015 1727 3082 illi
1758 3016 1822 3083 init
1855 3017 1951 3096 fides,
1985 3016 2036 3082 vel
2070 3017 2176 3082 deleta
2209 3038 2251 3083 ex
2284 3019 2354 3084 eius

347 3103 508 3186 propheta
532 3109 670 3167 testatus
699 3111 750 3166 est
777 3124 812 3167 se
841 3101 1001 3167 divinitus
1030 3103 1130 3168 tuisse
1160 3113 1322 3183 vocatum,
1376 3101 1496 3167 animo.
1527 3101 1693 3186 Cognovit
1715 3102 1817 3185 igitur
1838 3123 1874 3168 se
1896 3124 1960 3168 nou
1982 3122 2076 3182 posse
2098 3103 2176 3180 ialli,
2199 3105 2353 3187 quoniam

348 3201 381 3253 et
415 3186 476 3252 sibi
511 3188 609 3252 inisse
642 3188 676 3251 in
709 3188 818 3251 animo
851 3197 960 3269 partes
998 3209 1018 3252 a
1048 3189 1118 3253 Deo
1157 3188 1323 3256 iniunctus
1375 3186 1440 3254 Dei
1469 3186 1570 3255 verbo
1599 3188 1737 3254 iunixus
1766 3208 1859 3254 snam
1889 3191 2095 3256 vocatiouem
2125 3209 2192 3254 uon
2223 3199 2354 3255 tantum

349 3275 523 3356 suscipere,
554 3281 588 3336 ει
609 3280 743 3338 strenue
765 3269 912 3338 obedire:
943 3286 1164 3340 runcantem
1187 3274 1264 3339 dnm
1287 3277 1322 3340 in
1375 3294 1485 3340 coram
1508 3274 1630 3340 mundo
1653 3275 1829 3358 magnifice
1850 3274 2015 3356 extulerit,
2037 3275 2093 3342 sed
2116 3275 2152 3339 in
2175 3277 2255 3359 ipso.
2289 3275 2353 3340 Ne·

348 3381 383 3426 se
405 3361 513 3443 ipsum
538 3356 721 3434 descendit,
755 3359 876 3424 latetur
898 3379 933 3424 se
956 3359 1075 3442 agitari
1103 3359 1214 3424 multis
1236 3363 1323 3444 eogi-
1377 3381 1440 3443 que
1461 3361 1550 3426 enim
1573 3360 1737 3445 gloriatio,
1760 3381 1859 3444 quam
1882 3360 2023 3430 antehac
2045 3360 2199 3441 vidimus,
2222 3360 2354 3427 aliunde

347 3446 542 3522 rationibus,
569 3464 651 3527 qnae
674 3445 781 3510 carnis
804 3445 1029 3510 infirmitatem
1052 3444 1236 3522 redoleant,
1266 3467 1324 3513 nec
1377 3454 1455 3512 nata
1475 3447 1548 3530 init,
1572 3467 1670 3530 qnam
1693 3467 1734 3514 ex
1757 3447 1914 3512 interiore
1929 3448 2035 3514 cordis
2050 3447 2179 3513 affectu.
2213 3447 2354 3530 Semper

348 3543 479 3600 careant
501 3532 591 3596 omni
615 3529 704 3595 vitio.
741 3529 834 3596 Haec
855 3531 957 3614 igitur
978 3551 1108 3598 summa
1130 3539 1189 3597 εει.
1224 3530 1324 3615 Dicit,
1376 3534 1478 3616 igitur
1500 3553 1676 3616 persuasus
1699 3533 1763 3598 init
1784 3531 1954 3616 propbeta,
1978 3535 2056 3617 quia
2077 3533 2113 3598 in
2129 3532 2238 3598 Deum
2261 3553 2353 3599 recu·

353 3620 457 3702 Quare
477 3617 566 3684 dolor
586 3636 674 3682 ureae
694 3617 910 3698 retrotractus,
934 3617 1115 3684 veldurns.
1152 3615 1325 3701 Significat
1376 3620 1502 3702 buerat,
1525 3640 1589 3684 uon
1613 3640 1648 3685 εε
1671 3639 1765 3701 posse
1788 3619 1961 3702 pudefieri:
1984 3619 2043 3686 sed
2061 3618 2124 3698 hie,
2145 3618 2352 3701 quemadmo-

348 3727 415 3770 non
438 3725 532 3787 posse
550 3702 618 3768 nlla
641 3701 777 3768 mollitie
800 3703 893 3768 leniri
916 3704 1061 3770 dolorem
1083 3723 1188 3770 snum.
1229 3705 1324 3770 Alln·
1378 3705 1457 3771 dnm
1479 3705 1558 3788 diri,
1590 3705 1723 3787 respicit
1745 3706 1854 3788 potius
1876 3704 1967 3771 alios.
2012 3705 2144 3770 Etiam
2167 3704 2353 3770 simileslo·

348 3790 396 3855 dit
418 3792 506 3856 euim
527 3789 569 3854 ad
592 3789 711 3864 ulcera,
741 3808 826 3871 quae
847 3789 966 3855 duritie
988 3811 1048 3856 sna
1070 3790 1234 3873 repellunt
1257 3811 1324 3856 me·
1377 3813 1432 3859 cos
1455 3791 1606 3871 vidimus,
1630 3797 1664 3856 et
1685 3791 1740 3856 alii
1760 3791 1861 3856 etiam
1885 3799 2063 3873 sequentur
2077 3801 2201 3875 postea.
2242 3790 2355 3872 Neque

348 3877 502 3943 diuinam.
547 3875 591 3940 Et
612 3875 725 3940 ecdem
746 3895 844 3941 sensu
867 3877 1007 3954 subiicit,
1032 3877 1138 3960 Plcpc
1159 3897 1228 3942 mec
1244 3875 1325 3958 suit:
1377 3882 1466 3944 enim
1489 3877 1624 3943 dubium
1653 3891 1705 3942 εει
1733 3877 1812 3960 quin
1840 3876 1902 3941 boc
1932 3898 2029 3960 saepe
2058 3878 2214 3942 iactatum
2245 3874 2355 3954 inerit,

349 3961 480 4047 qnidam
497 3971 632 4027 vertunt
647 3959 814 4026 Debilem:
837 3982 915 4026 nam
937 3973 986 4026 εει
1009 3964 1049 4027 ab
1065 3975 1132 4030 ιυιιι
1148 3963 1322 4028 inusitato:
1377 3963 1570 4048 prophetam
1604 3984 1676 4030 εεεε
1709 3962 1917 4028 mendaeem:
1950 3963 2016 4029 Eat
2048 3964 2166 4046 igitur,
2200 3969 2234 4027 et
2267 3981 2355 4028 nunu

349 4061 383 4115 et
411 4048 487 4113 inde
516 4047 615 4112 etiam
642 4056 693 4112 εει
723 4067 839 4111 nomen
862 4059 957 4129 ιιιιιι,
992 4049 1077 4128 quod
1107 4049 1236 4130 capitur
1265 4071 1324 4133 pro
1377 4057 1538 4134 proponat
1572 4047 1667 4114 uobis
1699 4049 1808 4114 Deum
1841 4067 1955 4113 suum:
1991 4049 2057 4113 iam
2090 4055 2225 4132 apparat
2256 4047 2354 4112 inisse

351 4135 499 4200 bomine:
530 4131 586 4198 sed
609 4153 729 4198 nomen
750 4131 832 4198 illud
855 4133 1078 4198 infirmitatem
1102 4133 1245 4202 bominis
1269 4135 1326 4200 de·
1377 4139 1509 4202 inanem
1532 4135 1720 4202 iactantiam
1742 4132 1898 4216 quidquid
1922 4134 2082 4200 hactenns
2107 4154 2208 4199 ansus
2237 4143 2288 4200 εει
2314 4132 2354 4200 de

350 4222 477 4304 signat:
512 4218 607 4284 aienti
637 4231 707 4287 ffltt
736 4218 888 4304 designat
916 4219 1091 4303 originem:
1125 4233 1188 4288 w'tt
1215 4230 1325 4286 antem
1378 4222 1568 4307 prophetico
1590 4241 1726 4286 munere
1748 4221 1865 4286 dicere.
1910 4218 2023 4300 Quum
2050 4240 2129 4303 ergo
2159 4218 2354 4303 prophetam

349 4307 450 4373 robur
470 4316 504 4371 et
527 4304 786 4389 magnitudinem
809 4305 919 4370 animi.
965 4304 1031 4369 Alii
1055 4315 1198 4373 vertunt:
1221 4307 1326 4391 Plupu
1377 4311 1424 4374 ita
1447 4317 1607 4374 vexarent
1629 4307 1737 4390 impii,
1771 4307 1888 4371 meritc
1912 4308 2066 4388 conqueri
2096 4306 2218 4388 potuit,
2250 4307 2354 4373 Deum

349 4412 418 4458 mec
436 4397 480 4458 est
500 4391 619 4456 doloris
635 4391 748 4472 plenu:
769 4390 825 4455 alii
848 4399 982 4459 vertunt
1001 4391 1191 4474 Robustum,
1213 4415 1325 4477 quem·
1376 4395 1478 4478 faisse
1498 4394 1562 4460 sibi
1583 4394 1688 4461 inetur
1704 4392 1793 4474 putei
1813 4410 1878 4456 noc
1893 4393 2052 4474 pastris,
2083 4393 2238 4475 quoniam
2262 4399 2354 4474 puta·

351 4477 525 4544 admodum
560 4477 650 4558 prius
683 4487 860 4542 vocaverat
893 4477 1036 4543 dolorem
1071 4499 1166 4543 snum
1208 4481 1325 4546 sortem
1379 4481 1459 4547 baut
1481 4501 1595 4546 omues
1616 4479 1718 4545 inisse
1740 4477 1921 4559 deceptum.
1962 4477 2007 4542 Et
2028 4498 2156 4561 semper
2179 4476 2353 4543 tenendum

351 4564 404 4630 val
427 4564 606 4629 robustum.
651 4562 768 4628 Postea
789 4561 931 4646 explicat
952 4562 1029 4645 quid
1059 4572 1235 4647 utrumque
1264 4568 1325 4631 sibi
1378 4576 1428 4634 εει
1456 4567 1615 4632 memoria
1645 4563 1730 4649 quod
1759 4563 1831 4629 heri
1861 4563 1947 4642 dixi,
1981 4563 2175 4647 prophetam
2205 4563 2259 4628 bic
2287 4581 2353 4628 non

351 4650 449 4715 velit:
481 4647 609 4730 aaut,
638 4649 756 4730 inquit,
784 4650 904 4724 curari,
932 4649 984 4714 vel
1008 4650 1127 4715 sanari.
1173 4649 1246 4716 Non
1270 4650 1326 4716 du·
1378 4653 1501 4719 referre
1523 4671 1606 4736 quae
1634 4651 1774 4734 legimus
1802 4670 1862 4716 sua
1890 4651 1988 4715 unius
2015 4669 2128 4729 causa,
2162 4647 2218 4714 sed
2246 4649 2354 4732 potius

350 4737 440 4804 bium
462 4743 522 4813 est,
552 4733 824 4817 quemadmodum
847 4735 913 4799 iam
935 4734 1041 4819 attigi,
1069 4735 1146 4818 quin
1169 4735 1326 4820 propheta
1379 4750 1416 4804 nt
1438 4737 1548 4823 populi
1569 4737 1771 4821 impietatem
1793 4743 1958 4820 coarguat.
2003 4734 2160 4820 Sequitur
2182 4755 2271 4820 ergo,

349 4822 403 4887 hic
432 4823 573 4905 ingenue
603 4821 747 4902 proferat
778 4819 1040 4903 perturbationes
1073 4823 1173 4888 animi
1206 4824 1257 4888 ani
1290 4824 1324 4888 in

349 4907 511 4991 medium,
553 4915 585 4970 et
617 4906 768 4971 ostendat
800 4929 836 4972 ss
867 4905 1103 4989 quodammodo
1140 4907 1325 4975 vacillasse:
1465 4910 1516 4975 19.
1552 4907 1720 4990 Propterea
1747 4907 1793 4974 sic
1826 4909 1909 4974 utet
1937 4905 2090 4992 Iabouub,
2124 4905 2162 4972 Si
2191 4927 2357 4974 westruse

350 5002 443 5058 tanta
465 5003 536 5058 erat
555 4992 667 5076 populi
689 4992 851 5076 pravitas,
881 5006 917 5057 nt
946 5013 1012 5055 nou
1046 4997 1113 5057 taur
1136 5003 1326 5061 constanter
1375 4995 1495 5078 fuerie,
1527 5013 1579 5079 epo
1606 5013 1724 5076 quoque
1754 4999 1928 5061 convertam
1960 4999 2002 5059 te:
2037 5013 2141 5060 coram
2170 4992 2254 5075 secie
2284 5013 2357 5060 mea

351 5091 459 5162 posset
481 5079 615 5160 exsequi
638 5099 758 5143 munus
780 5098 888 5158 suum,
911 5097 1008 5160 qnam
1031 5076 1178 5146 debebat.
1211 5080 1324 5159 Addit,
1376 5082 1477 5148 stabis
1500 5079 1574 5166 (hoc
1596 5087 1656 5158 εει,
1681 5084 1717 5145 nt
1739 5092 1805 5147 stes
1828 5100 1939 5147 coram
1961 5078 2035 5164 me),
2057 5085 2086 5145 et
2107 5079 2138 5144 si
2157 5081 2358 5162 seperaveris

353 5164 403 5228 Ta
425 5165 489 5230 eris
510 5164 590 5228 mibi
610 5165 691 5229 sistet
712 5164 908 5230 mendacium
924 5183 1082 5244 aquarum
1096 5185 1157 5232 uon
1175 5167 1324 5248 fidelium.
1377 5164 1555 5252 (eduxeris,
1583 5164 1625 5230 ad
1646 5165 1795 5244 verbum,
1827 5165 1889 5233 hoe
1910 5181 1970 5245 est,
2000 5168 2028 5232 si
2051 5165 2258 5251 discreveris)
2283 5185 2355 5248 pre·

350 5249 456 5314 Miror
478 5249 613 5315 curatii
635 5257 780 5330 vertant,
813 5250 864 5316 Tu
887 5249 951 5315 eris
972 5247 1055 5313 mibi
1077 5251 1218 5318 mendax
1241 5253 1326 5318 sient
1377 5253 1534 5319 liemarum
1562 5253 1636 5332 vai,
1670 5258 1821 5336 tanquam
1843 5273 1878 5318 os
1903 5271 2006 5318 meam
2033 5252 2112 5318 etia:
2144 5256 2358 5318 enimcum

350 5353 452 5418 aquae
473 5333 632 5401 infideles.
672 5335 757 5401 Nem
780 5336 821 5403 ad
845 5334 981 5401 verbum
1004 5343 1063 5414 est,
1088 5336 1139 5403 Tu
1160 5339 1226 5403 eris
1246 5338 1326 5404 mibi
1349 5304 1353 5400 l
1378 5339 1443 5420 ipsi
1464 5339 1507 5406 cd
1528 5343 1566 5424 ιε,
1589 5344 1617 5406 ει
1638 5343 1672 5403 tu
1693 5358 1754 5404 asoa
1776 5339 1966 5405 concuteris
1987 5337 2030 5404 ad
2052 5358 2110 5404 eos.
