5134 6124
392 419 454 486 287
492 445 497 455 ·
1198 411 1586 508 PRAELElO'PIONES
2318 418 2371 486 288

392 608 523 694 negotia
562 607 761 673 8888888888
802 604 854 670 die
894 602 1037 684 subbati,
1078 613 1114 668 nt
1148 602 1220 668 aliis
1253 600 1367 668 diebus
1418 610 1451 667 et
1480 602 1643 685 reliquum
1671 602 1792 668 orbem.
1845 601 1996 686 Denique
2026 611 2098 670 8888
2128 603 2283 687 generalis
2310 627 2372 689 prc-

392 696 548 779 protauis.
573 692 635 758 hoc
657 701 727 757 erat
748 693 843 774 quasi
862 689 938 756 date
955 708 1054 773 opera
1072 699 1223 754 excutere
1242 688 1367 774 iugum,
1418 688 1515 755 fessio
1547 690 1655 754 cultus
1684 687 1763 763 Dei.
1798 709 1899 772 quum
1928 687 1980 754 die
2009 690 2148 773 septimo
2177 689 2371 772 quiescerent.

392 789 427 846 et
449 779 557 863 palum
579 775 752 844 ostendero
774 798 810 842 88
834 775 918 841 nihil
940 775 1067 842 deferre
1084 773 1256 840 autoritati
1271 774 1367 858 legis:
1418 773 1516 839 Nunc
1546 773 1623 838 dum
1646 794 1706 858 pro
1729 774 1834 840 nihilo
1855 772 1979 840 ducunt
2006 775 2122 840 efferre
2144 795 2321 854 88888888,
2347 789 2374 844 88

393 884 579 951 quanquam
609 863 673 928 clia
699 863 799 928 etiam
821 862 906 926 ratio
928 859 1073 926 notanda
1095 869 1153 936 est.
1183 880 1279 943 quam
1303 859 1368 926 buc
1419 860 1544 926 violare
1571 880 1701 927 sacrum
1731 859 1811 926 illud
1839 860 1957 939 otium,
1990 881 2057 926 non
2087 859 2222 926 dubium
2242 872 2288 928 est
2307 865 2374 946 quin

394 972 497 1034 nsque
515 948 636 1016 distuli.
670 947 784 1031 Neque
802 947 889 1013 enim
907 946 997 1012 Deus
1016 945 1176 1028 spectavit
1193 955 1368 1012 externum
1419 953 1571 1028 proterve
1592 945 1654 1011 hoc
1676 946 1776 1011 fucrit
1797 946 1937 1013 abiicere
1953 945 2015 1012 Dei
2034 947 2158 1030 iugum,
2180 967 2218 1012 88
2235 949 2261 1012 si
2278 948 2372 1030 palam

394 1039 493 1102 ritum
523 1035 694 1118 duntaxat,
723 1033 780 1100 sed
806 1033 914 1117 potius
936 1033 1045 1116 finem,
1076 1030 1116 1098 de
1138 1051 1202 1114 quo
1224 1031 1369 1114 loquitur
1419 1031 1642 1114 gloriarentur
1673 1052 1709 1096 se
1742 1041 1950 1098 contemnere
1984 1030 2142 1114 quidquid
2171 1031 2374 1100 mundaverat

394 1131 462 1188 tam
480 1120 588 1187 Exodi
607 1121 659 1186 31.
677 1120 793 1203 capite,
811 1139 909 1201 quam
928 1117 979 1185 20.
998 1116 1190 1184 Ezechielis.
1222 1117 1369 1201 Utroque
1421 1118 1511 1201 Ergo
1533 1117 1569 1182 iu
1591 1116 1769 1183 violatione
1797 1115 1924 1184 sabbati
1957 1118 2020 1182 fuit
2050 1117 2210 1201 quaedam
2231 1119 2375 1202 generalis

393 1208 464 1276 locu
497 1207 652 1272 admonet
684 1225 744 1271 cur
777 1205 978 1288 praeceperit
1009 1201 1140 1268 Iudaeis
1174 1204 1284 1268 feriari
1317 1203 1369 1268 die
1420 1202 1560 1269 defectio
1594 1225 1614 1267 a
1644 1203 1725 1288 lege.
1782 1202 1897 1284 Quum
1930 1202 2044 1269 Iudaei
2077 1213 2242 1286 apostatae
2273 1215 2375 1284 888888,

393 1295 541 1378 septimo,
564 1311 682 1376 nempe
704 1299 743 1356 ut
764 1290 826 1358 hoc
842 1300 927 1356 esset
941 1290 1007 1354 illis
1022 1287 1207 1374 symbolum
1224 1290 1368 1354 sanctifi·
1421 1288 1538 1354 merito
1569 1290 1688 1356 acriter
1710 1289 1879 1355 invehitur
1900 1289 1933 1354 iu
1956 1290 2045 1372 ipses
2067 1287 2233 1370 Ieremias,
2260 1300 2291 1355 et
2310 1291 2377 1355 dicit

394 1379 543 1446 cationis.
588 1378 669 1462 Ego.
701 1377 817 1458 iuquit,
851 1375 988 1442 8888888
1008 1394 1083 1440 mea
1105 1374 1196 1440 vobis
1219 1373 1301 1453 dedi,
1332 1381 1369 1438 ut
1421 1375 1499 1440 hino
1539 1374 1673 1458 coargui
1706 1376 1803 1441 nimis
1836 1394 1965 1440 8888888
2000 1376 2192 1459 impictatis,
2230 1374 2309 1458 quod
2338 1377 2377 1440 its

394 1465 521 1532 sciretis
551 1485 603 1529 me
633 1483 704 1528 eece
725 1461 835 1526 Deum
862 1471 1009 1528 vestrum
1032 1461 1088 1543 qui
1113 1481 1169 1526 voa
1191 1459 1368 1526 sanctifico.
1420 1458 1662 1544 vilipenderent
1684 1460 1771 1527 diem
1794 1461 1980 1543 septimum.
2025 1459 2117 1528 Dicit
2137 1480 2226 1545 crgo,
2256 1460 2302 1526 Nc
2320 1461 2376 1542 effe

395 1551 486 1636 Ergo
519 1549 547 1615 si
579 1548 790 1615 aestimemus
832 1547 916 1612 diem
958 1545 1087 1612 888888
1124 1567 1144 1610 8
1179 1547 1261 1624 888,
1302 1565 1368 1611 888
1419 1547 1503 1612 ratic
1530 1565 1611 1611 8888
1639 1567 1655 1612 8
1684 1546 1825 1613 8888888
1852 1546 1972 1612 cestris
2020 1545 2089 1613 Sub
2119 1567 2187 1613 888
2207 1547 2308 1630 spccic
2329 1567 2377 1630 per

394 1637 540 1703 dicamne
579 1636 687 1700 levem
720 1633 821 1700 88888
854 1632 1102 1698 caeremoniam.
1159 1631 1247 1714 Quid
1281 1633 1368 1698 onim
1420 1630 1646 1715 synecdochen
1680 1631 1928 1716 comprehendit
1957 1633 2067 1698 omniu
2101 1639 2232 1698 terrena
2265 1634 2378 1716 nogotia

394 1723 497 1806 pluris
527 1740 597 1786 esse
630 1718 743 1784 debuit
769 1719 871 1786 veteri
901 1717 1021 1801 populo
1057 1738 1157 1801 quam
1194 1737 1369 1801 agnoscere
1421 1717 1538 1800 quibus
1568 1717 1736 1782 violabant
1765 1717 1951 1784 scbbatum:
1990 1720 2118 1784 tametsi
2151 1718 2250 1784 etiam
2282 1728 2379 1800 postca

393 1829 429 1874 88
460 1806 619 1872 divinitus
653 1825 723 1871 8888
754 1814 961 1888 segregatum
991 1824 1009 1868 8
1039 1804 1173 1887 reliquis
1205 1803 1369 1887 gentibus,
1421 1825 1526 1888 genus
1553 1804 1660 1886 ipsum
1690 1803 1798 1882 addit,
1832 1803 1877 1869 ut
1908 1804 2031 1871 necllum
2059 1824 2138 1888 opusc
2163 1803 2304 1886 faciatis,
2333 1803 2379 1868 ced

393 1903 432 1958 88
453 1901 541 1958 88888
561 1891 701 1975 populus
723 1910 815 1957 sacer
837 1899 871 1956 88
891 1888 1065 1974 peculiaris
1083 1888 1177 1956 Deo?
1201 1890 1266 1954 imo
1284 1900 1370 1956 88888
1419 1889 1616 1972 8888888888
1648 1890 1732 1956 diem
1763 1888 1898 1968 888888,
1940 1890 2033 1956 acidi
2067 1891 2215 1974 praeeqn
2249 1889 2380 1972 penno

393 1980 463 2046 cius
489 1975 698 2043 haereditus?
744 1977 789 2042 llt
819 1998 860 2042 ex
890 1975 962 2040 aliis
990 1976 1089 2041 etiam
1118 1975 1198 2042 locis
1224 1984 1368 2059 apparet,
1419 1977 1544 2042 888888.
1597 1974 1812 2042 8888888888
1846 1974 1933 2040 diem
1966 1975 2093 2042 sabbati
2126 1987 2177 2041 888
2214 1975 2380 2042 discernere

392 2066 493 2132 fuisse
533 2070 741 2148 praeceptum
778 2061 839 2128 huc
872 2061 1061 2127 umbratile:
1101 2062 1294 2144 pracsertim
1327 2082 1369 2128 88
1421 2061 1462 2125 88
1480 2062 1552 2127 aliis
1571 2061 1685 2128 diebus
1701 2062 1859 2144 prolenis:
1880 2082 1953 2127 nam
1972 2062 2186 2128 sanctificatio
2201 2061 2380 2127 tantundem

394 2149 501 2216 Paulo
541 2147 726 2232 colligimus
765 2148 866 2214 fnisse
906 2156 1074 2231 tantopere
1106 2148 1369 2213 commendatum
1422 2147 1510 2212 valet
1531 2168 1570 2214 88
1591 2148 1761 2230 separatio.
1806 2147 1881 2213 Non
1904 2146 2065 2214 88888888
2089 2147 2191 2231 igitur
2215 2149 2381 2232 promiscue

394 2235 481 2302 diem
510 2234 647 2312 888888,
682 2241 718 2298 88
745 2233 889 2318 populus
921 2233 1097 2317 respiceret
1124 2233 1159 2298 in
1182 2232 1369 2299 Christum:
1422 2232 1474 2297 dic
1505 2232 1564 2298 illo
1592 2253 1750 2318 peragere
1776 2254 1835 2300 sua
1863 2255 1903 2298 88
1928 2235 2010 2313 otia,
2043 2234 2127 2300 sicut
2160 2233 2235 2298 aliis
2266 2231 2380 2298 diebus:

393 2343 472 2387 narn
505 2328 604 2386 notus
631 2330 681 2386 888
710 2319 799 2386 locus
828 2319 1069 2385 Oolosscueium
1101 2319 1131 2384 2.
1154 2339 1224 2402 cap.
1247 2317 1291 2405 (v.
1316 2319 1370 2405 16)
1422 2338 1497 2384 num
1526 2328 1596 2384 8888
1624 2319 1681 2384 ille
1710 2318 1779 2383 dies
1798 2339 1889 2384 sacer
1945 2340 1991 2384 co.
2036 2319 2155 2385 Postea
2177 2319 2267 2384 addit
2286 2338 2317 2384 se
2335 2317 2383 2383 888

394 2407 451 2472 ubi
480 2405 559 2473 dicit
588 2418 655 2472 tam
685 2405 875 2484 sabbatum,
910 2425 1007 2488 quam
1037 2404 1119 2470 alies
1151 2405 1370 2472 caeremonias
1421 2405 1588 2470 mundasse
1615 2405 1771 2486 88888888.
1816 2405 1891 2471 Non
1924 2404 2059 2472 dubium
2090 2416 2140 2470 est
2168 2406 2250 2488 quin
2275 2403 2382 2470 88888·

394 2493 496 2557 fuisse
517 2491 651 2557 umbrae
672 2489 797 2556 Obristi
819 2493 960 2569 venturi,
986 2492 1020 2554 in
1044 2490 1115 2573 ipsu
1137 2510 1207 2556 esse
1229 2488 1369 2556 solidum
1422 2499 1524 2555 tatem
1548 2490 1600 2555 hic
1622 2491 1775 2557 conciliet
1796 2491 1861 2574 legi
1883 2512 1962 2556 suae
1984 2511 2003 2554 a
2025 2499 2172 2575 tempore
2193 2493 2281 2574 ipso:
2302 2487 2382 2572 quasi

395 2597 524 2660 cerpus.
568 2578 616 2643 Et
632 2577 807 2726 ί8988888818
829 2578 930 2676 etiam
952 2576 987 2640 iu
1007 2576 1120 2675 Epist..
1137 2574 1370 2726 88118888οὲ5
1422 2575 1544 2724 diclccret
1565 2596 1599 2642 88
1622 2597 1687 2725 duon
1712 2576 1807 2642 hodie
1829 2575 1972 2676 demum,
2002 2575 2055 2644 vel
2085 2577 2156 2642 heri
2169 2576 2285 2726 {egon}
2299 2574 2382 2674 ,8188

394 2661 639 2814 8888988818ω88
662 2660 930 2832 838888888ιέ8
944 2661 1369 2846 8868888888ϊ888ξι881888
1421 2669 1619 2812 8888888888
1633 2661 2383 2831 888888Ψ88888868888088181888881888881888ζί

366 2845 432 2900 -ut
467 2834 618 2900 homiues
651 2836 820 2916 quiescent
849 2834 889 2898 ab
919 2833 1072 2917 operibus
1098 2854 1181 2909 sure,
1214 2831 1369 2916 quemnd·
1422 2831 1698 2916 quemadmodum
1729 2834 1810 2898 satie
1832 2843 1969 2900 8888888.
2014 2833 2101 2899 Nam
2122 2835 2163 2898 ab
2189 2834 2284 2899 initio
2305 2833 2384 2898 Deus

394 2919 528 3018 modum
551 2918 643 2984 Deus
675 2919 746 3018 ipse
778 2918 904 3018 quievit
929 2919 1079 3018 ¹perlecto
1112 2917 1275 3018 mundun
1302 2918 1370 2984 suis
1423 2939 1481 3003 per
1502 2918 1627 2984 Mosem
1650 2919 1698 2984 ita
1719 2918 1872 3021 loquutus
1894 2929 1953 2998 eet,
1979 2919 2147 2986 Memento
2170 2917 2236 3019 diei
2258 2917 2383 3001 septimi,

394 3005 565 3156 8888·
589 3003 1239 3174 litttsslt.ttlt.t¹⁰.l.tttt
1253 3023 1370 3155 ’ὲῖ88
1422 3001 2145 3173 ttgdtlmttttttzlttt‚llll
2168 3002 2242 3158 ld
2255 3013 2384 3155 llll

396 3175 486 3240 vatio
520 3173 656 3250 sabboti,
689 3195 806 3258 nempe
827 3187 866 3239 88
888 3174 1041 3241 voluntas
1063 3174 1175 3259 populi
1198 3175 1369 3242 desineret.
1423 3186 1531 3240 morat
1557 3175 1716 3258 propheta
1742 3176 1845 3258 fuisse
1873 3178 1956 3244 88888
1977 3176 2233 3257 truncantem
2251 3193 2384 3244 8888888·

395 3259 483 3326 Nam
516 3258 574 3324 illa
605 3259 667 3324 luit
699 3260 806 3342 quies,
839 3279 905 3342 qua
938 3258 1117 3326 debuerant
1149 3281 1227 3326 vere
1260 3260 1370 3326 Deum
1421 3262 1539 3327 888888.
1595 3261 1690 3327 Adde
1723 3263 1808 3344 quod
1842 3283 1898 3328 cos
1927 3284 1994 3328 non
2023 3263 2148 3329 latebat
2177 3260 2384 3328 memorabilis

396 3344 510 3422 colore.
536 3352 574 3409 ut
595 3343 721 3411 seilicet
742 3344 995 3428 supersederent
1014 3345 1054 3412 88
1077 3344 1227 3412 omuibus
1248 3344 1373 3429 cupidi·
1422 3367 1537 3430 poena,
1566 3367 1630 3430 qua
1655 3348 1744 3414 Dens
1766 3347 1951 3413 sanciverat
1976 3347 2101 3414 sabbati
2123 3347 2385 3423 observationem¹

398 3431 521 3496 tatibus
550 3429 657 3495 carnis
686 3451 782 3496 suae:
812 3438 845 3496 et
868 3431 960 3496 Deus
983 3451 1048 3495 888
1069 3431 1261 3514 simpliciter
1283 3441 1372 3497 vetat
1422 3452 1523 3514 quum
1545 3432 1633 3498 illius
1650 3434 1740 3498 iussu
1755 3432 1918 3516 lapidatus
1934 3434 2039 3500 fuerat
2054 3435 2112 3517 qui
2126 3435 2220 3520 ligna
2237 3431 2386 3499 ceciderat

396 3516 573 3600 quidquam
597 3535 704 3598 agere,
730 3516 787 3582 sed
810 3515 897 3595 dicit,
921 3515 1078 3597 Quiesccs
1099 3515 1140 3582 ab
1162 3517 1253 3582 omni
1274 3537 1373 3599 opere
1423 3518 1475 3582 die
1498 3519 1564 3584 illo.
1608 3517 1706 3584 Nunc
1729 3520 1889 3602 sequitur,

397 3612 464 3668 888.
516 3601 602 3667 Nem
636 3602 748 3668 venire
781 3603 815 3668 iu
849 3603 1023 3687 templum,
1055 3601 1173 3668 offerre
1203 3603 1372 3681 sacrificia,

398 3687 515 3754 deinde
544 3686 775 3754 circumcidere
803 3688 901 3754 ctiam
928 3689 1082 3770 infantes,
1113 3696 1199 3754 certe
1222 3697 1292 3755 8888
1314 3689 1372 3753 ali·
1508 3689 1562 3755 23.
1585 3689 1630 3756 Et
1654 3709 1716 3756 non
1737 3691 1913 3774 audierant,
1942 3697 1971 3757 et
1991 3711 2053 3758 non
2074 3691 2270 3758 inclinarunt
2291 3705 2387 3754 88888

398 3771 485 3856 quod
504 3793 602 3856 opus:
625 3772 682 3838 sed
704 3793 769 3838 non
793 3771 936 3838 dicemus
959 3774 1059 3840 fuisse
1080 3794 1162 3857 opus
1180 3774 1373 3854 humanum,
1423 3794 1526 3858 88888,
1553 3781 1581 3840 et
1608 3775 1838 3843 obduraverunt
1866 3777 2011 3844 cervicem
2031 3797 2126 3844 enom
2147 3796 2210 3842 non
2231 3772 2387 3850 88888888,

397 3857 630 3925 circumcidere
651 3857 829 3924 infantem:
852 3856 1010 3940 parebant
1031 3859 1120 3924 cuim
1143 3860 1279 3943 imperio
1296 3860 1372 3941 Dei,
1423 3865 1452 3925 et
1471 3881 1535 3928 non
1555 3862 1730 3944 8888888888
1751 3862 1963 3944 disciplinam.

398 3962 501 4026 quum
532 3943 580 4008 its
611 3944 768 4010 offerrent
801 3964 906 4027 genus
943 3963 1055 4010 suum:
1098 3944 1229 4028 deinde,
1269 3965 1372 4028 quum

399 4027 553 4094 venirent
593 4030 689 4094 etiarn
723 4027 765 4094 ad
802 4029 966 4096 canendas
997 4028 1063 4094 Dei
1096 4029 1225 4111 laudes,
1264 4042 1298 4096 et
1331 4032 1371 4097 ad
1508 4032 1574 4099 Hic
1603 4034 1764 4116 propheta
1792 4034 1915 4098 crimen
1938 4041 2129 4118 exaggerat,
2151 4033 2239 4117 quod
2262 4054 2325 4098 nou
2345 4031 2390 4094 in·

398 4113 566 4180 offerenda
604 4113 771 4180 sacrificia.
830 4115 994 4181 'lenemus
1032 4134 1110 4198 crgo
1150 4136 1237 4182 nnnc
1273 4117 1373 4182 fuisse
1423 4119 1545 4202 cipiunt
1563 4139 1651 4185 nuno
1673 4120 1814 4202 primum
1830 4116 1944 4184 Iudaei
1962 4128 2169 4186 contemnere
2187 4125 2391 4202 praeceptum

400 4201 491 4266 hunc
519 4218 652 4280 scopum
683 4200 884 4282 propositum
906 4200 1009 4265 veteri
1032 4201 1163 4284 populo,
1192 4207 1229 4265 ut
1252 4201 1374 4267 scirent
1423 4202 1505 4268 illud
1538 4203 1631 4288 legis.
1692 4203 1878 4287 Exprobrut
1910 4226 1988 4290 ergo
2019 4205 2086 4276 illis
2120 4203 2208 4287 quod
2243 4205 2392 4271 violatum

400 4282 633 4367 quiescendum
662 4285 795 4350 888888
819 4286 1284 4368 omuibusoaruisuperibus.
1329 4287 1374 4352 Et
1424 4288 1522 4352 fuerit
1553 4288 1725 4355 sabbatum
1757 4289 1886 4372 pridem
1909 4290 1949 4355 88
1973 4311 2085 4357 eornm
2108 4290 2269 4373 patribus.
2304 4286 2391 4352 Dixi·

399 4368 493 4434 Deus
539 4389 603 4452 quo
641 4369 768 4436 facilius
808 4389 862 4436 ecs
902 4372 943 4436 cd
984 4371 1179 4453 obsequium
1218 4373 1373 4449 flecteret,
1425 4393 1498 4438 nnus
1542 4383 1651 4440 autem
1689 4374 1767 4441 alibi
1803 4375 1912 4442 miuus
1951 4376 2173 4443 excusationis
2213 4372 2393 4442 huminibus

399 4453 587 4538 exemplum
613 4474 709 4520 suum
731 4454 799 4520 illis
821 4456 998 4540 proposuit.
1043 4455 1134 4522 Nihil
1157 4457 1245 4522 cuim
1268 4459 1374 4541 magis
1425 4467 1558 4538 8888888,
1588 4460 1646 4526 ubi
1674 4460 1733 4526 filii
1761 4470 1944 4544 sequuntur
1974 4463 2061 4527 mala
2086 4472 2217 4546 patrum
2242 4458 2392 4542 exemplu

400 4551 450 4608 eet
478 4539 628 4622 optabile,
659 4561 756 4624 quam
786 4551 823 4606 ut
851 4541 894 4606 eit
923 4549 1057 4608 mutuus
1087 4561 1265 4608 censensus
1288 4543 1375 4608 iuter
1424 4542 1497 4610 Hoc
1520 4545 1650 4628 quidem
1674 4546 1773 4631 vulgo
1797 4569 1861 4612 uon
1880 4547 2047 4614 existimat
2061 4547 2225 4612 mundus:
2248 4547 2392 4614 videmus

400 4646 462 4692 nos
477 4634 511 4690 et
525 4624 643 4691 Duum.
677 4625 750 4693 Hac
765 4625 892 4692 ratione
906 4625 984 4693 dicit
998 4626 1090 4692 Dens
1105 4624 1224 4712 (Exod.
1241 4626 1293 4708 20,
1311 4629 1374 4710 11),
1425 4631 1513 4694 enim
1543 4641 1581 4695 88
1608 4631 1706 4697 hodie
1734 4633 1867 4715 plurimi
1897 4633 2099 4699 confidentur
2121 4633 2246 4700 iactent
2269 4641 2392 4716 patrum

401 4711 522 4793 Quievi
545 4711 682 4794 septimo
702 4709 755 4776 die
778 4711 818 4779 ab
840 4710 992 4778 omnibus
1006 4713 1159 4795 operibus
1174 4713 1273 4778 meis:
1295 4733 1374 4797 ergo
1425 4715 1587 4798 exempla,
1621 4715 1698 4780 dum
1731 4719 1847 4782 velunt
1879 4720 2012 4786 relicere
2044 4726 2078 4784 et
2106 4719 2226 4803 legem,
2261 4727 2297 4786 ct
2328 4733 2393 4798 pru·

401 4797 1374 4967 ‘titt‘tltttttt:⁰:tll‘ttflt‘m'ttttnlat
1425 4799 1622 4951 888ἓὶ
1642 4804 2030 4956 tltlfflnittt
2055 4804 2162 4956 {dell
2183 4803 2394 4956 sufficit:

401 4968 551 5034 homines
573 4965 682 5034 studia
703 4987 763 5033 888
784 4969 894 5033 omnia
916 4965 1104 5032 conferrent
1126 4969 1166 5032 ad
1189 4933 1373 5035 cousidere-
1424 4972 1546 5037 iecisse.
1593 4970 1658 5037 Sed
1681 4909 1917 5055 8888888818
1938 4975 1983 5041 eit
2005 4912 2085 5042 8888
2106 4913 2255 5042 8888888
2291 4973 2394 5040 multis

401 5054 525 5120 tionem
546 5073 681 5136 operum
703 5053 783 5118 eins.
829 5051 997 5134 Quidquid
1019 5053 1071 5128 cit,
1100 5053 1251 5120 videmus
1272 5054 1375 5120 luisse
1423 5057 1503 5122 locis
1537 5056 1696 5142 vidimus,
1737 5067 1772 5124 88
1808 5061 1861 5128 tio
1894 5063 1993 5128 etiam
2024 5062 2199 5129 coufirmat
2230 5059 2395 5132 Ieremias,

401 5159 443 5204 88
474 5139 655 5222 praecipuis
684 5138 843 5222 capitibus
864 5136 972 5204 cultus
995 5135 1061 5202 Dei
1082 5139 1257 5221 septimum
1278 5138 1372 5204 illum
1425 5162 1543 5225 nempe
1582 5163 1682 5224 quum
1722 5146 1803 5213 dicit
1842 5148 1982 5214 atroeius
2016 5169 2088 5214 8888
2120 5149 2245 5214 crimen
2281 5143 2396 5232 populi,

401 5223 498 5290 diem.
536 5225 577 5289 Et
599 5224 727 5308 profani
749 5223 846 5288 etiam
862 5223 1039 5306 scriptores
1054 5225 1180 5305 quoties
1194 5224 1374 5306 loquuntur
1424 5227 1578 5308 quoniam
1600 5229 1712 5295 multis
1734 5240 1811 5296 ante
1833 5233 1970 5299 succulis
1993 5245 2101 5316 patres
2123 5235 2317 5317 inceperant
2339 5229 2395 5294 Dei

402 5309 443 5377 de
471 5311 616 5387 8888888,
646 5316 778 5394 ponunt
802 5308 884 5377 illud
916 5307 1092 5374 discrimen
1124 5309 1213 5374 iuter
1234 5308 1373 5374 Iudaeos
1425 5320 1635 5395 praeceptum
1658 5327 1873 5383 contemnere.
1919 5318 1994 5386 Non
2018 5320 2198 5403 8888888888,
2226 5318 2396 5402 inquitet
