5118 6136
213 410 275 476 657
903 410 954 477 IN
976 409 1225 478 thaumate.
1269 409 1366 478 OAP.
1389 410 1520 477 XXXI.
2148 417 2212 484 658

212 600 426 682 interpreter,
466 598 627 682 Ephraim
662 599 769 664 venari
803 599 1074 682 primogenitum,
1112 599 1187 681 quia
1240 598 1330 664 misit
1352 619 1454 682 quum
1476 597 1576 666 vellet
1598 600 1759 684 castigare
1780 601 1935 684 populum
1959 621 2063 668 suum.
2097 604 2211 671 Ratio·

212 683 409 768 posthabitis
430 685 560 751 eunetis
582 685 750 768 gentibus,
783 684 876 750 Deus
905 685 1061 767 populum
1091 683 1186 749 iilum
1239 685 1369 750 cinatur
1390 685 1492 768 igitur
1514 705 1534 750 a
1553 684 1734 765 contrariis,
1758 685 1842 770 quod
1860 687 1888 752 si
1906 687 2069 770 dispersit,
2092 691 2212 773 peterit

214 770 367 854 dignatus
390 771 490 834 tuerit
511 768 640 854 eligere.
682 770 755 835 Hoc
777 791 856 854 ergo
877 772 1019 853 pertinet
1049 769 1089 836 ad
1120 770 1186 835 siu·
1238 771 1308 852 ipse
1336 789 1544 854 congregare.
1590 769 1675 835 Nam
1698 772 1726 836 si
1748 771 1882 836 arbitrio
1904 771 1956 836 vel
1987 772 2123 839 libidine
2151 773 2210 840 ho·

214 855 328 940 gulare
360 854 571 939 privilegium
604 855 739 920 seminis
773 854 943 920 Abrahae:
977 856 1053 937 quia
1085 876 1186 939 quum
1239 855 1365 921 minum
1398 855 1535 938 dispersi
1566 855 1706 922 fuissent
1734 857 1918 934 Israelitae,
1950 868 2078 940 peterat
2108 859 2211 925 videri

213 962 314 1006 nuum
337 951 423 1006 esset
452 941 630 1008 humanum
658 961 782 1023 genus,
813 940 904 1006 Deus
933 939 994 1006 sibi
1018 941 1186 1007 Abraham
1238 960 1349 1006 eornm
1384 940 1474 1007 salus
1508 961 1578 1006 esse
1611 951 1705 1006 extra
1738 942 1801 1007 Dei
1834 961 1985 1008 manum:
2022 943 2079 1008 sed
2111 965 2210 1028 quum

213 1034 245 1090 et
266 1027 337 1092 eius
360 1035 505 1108 posteros
534 1024 638 1092 voluit
666 1026 786 1110 eligere
815 1041 849 1091 et
880 1026 1045 1110 adoptare.
1090 1026 1187 1092 Nune
1238 1025 1442 1110 castigasset,
1475 1033 1611 1109 poterat,
1644 1027 1740 1094 sicuti
1774 1048 1878 1108 nuper
1908 1027 2065 1110 dicebam,
2098 1029 2211 1114 plagas

212 1113 367 1194 sequitur,
1238 1131 1338 1176 manu
1372 1131 1431 1177 sua
1459 1111 1600 1177 inflictas
1629 1132 1755 1178 sanare.
1799 1113 1887 1178 Hino
1908 1121 2018 1178 autem
2047 1115 2211 1199 colligitur

1238 1196 1330 1261 utilis
1357 1196 1520 1262 doctrina:
1550 1197 1625 1279 quia
1654 1197 1812 1281 propheta
1841 1198 1960 1264 invitat
1988 1201 2145 1282 populum
2169 1200 2209 1267 ad

299 1284 349 1350 10.
379 1283 498 1350 Audite
518 1301 686 1348 serronem
709 1281 840 1348 Ielooee
867 1287 987 1364 pentes,
1017 1287 1186 1348 dunnen-
1237 1281 1494 1364 resipiscentiam
1517 1281 1573 1346 ubi
1591 1281 1746 1348 admonet
1761 1283 1866 1348 Deum
1890 1284 1989 1349 luisse
2012 1285 2067 1368 qui
2090 1285 2212 1370 disper·

210 1371 285 1435 tiele
305 1370 341 1434 iu
362 1368 478 1434 instetis
506 1368 726 1452 caepitque,
758 1372 786 1433 et
813 1368 922 1450 dicite,
955 1367 1186 1451 praeeperat
1237 1369 1297 1432 sit:
1311 1392 1314 1408 ·
1328 1366 1392 1432 nisi
1415 1368 1502 1432 euim
1531 1366 1591 1435 hoo
1613 1369 1780 1451 cognitum
1808 1369 1925 1434 fuisset
1945 1390 1984 1434 ae
2007 1389 2210 1452 persuasum,

212 1454 317 1522 Israel
344 1453 539 1538 eorprepebit
558 1473 642 1538 eam,
672 1457 700 1518 et
727 1453 874 1519 custodiet
900 1459 1050 1536 tanquam
1074 1457 1186 1534 pastor
1238 1473 1303 1518 nou
1333 1461 1461 1535 poterat
1492 1451 1667 1536 coningere
1701 1455 1798 1520 miser
1826 1453 1882 1519 ille
1911 1455 2049 1537 populus
2078 1457 2117 1521 ad
2146 1457 2210 1524 Dei

210 1560 331 1625 prepete
352 1559 455 1606 sutem.
550 1553 554 1560 “
928 1603 935 1618 ,
1237 1537 1505 1616 misericordiam,
1532 1559 1592 1604 uec
1614 1549 1742 1621 poterat
1763 1541 1797 1604 in
1820 1542 1927 1622 ipsum
1950 1542 2119 1623 respicere,
2150 1561 2209 1608 nec

1237 1623 1376 1688 adiicere
1405 1623 1549 1689 animum
1573 1624 1613 1689 ud
1636 1624 1787 1691 fiduciam
1817 1624 2024 1692 liberationis.
2070 1627 2209 1694 Necesse

297 1710 453 1776 Pluribus
483 1709 591 1776 verbis
623 1709 745 1775 insistit
778 1708 936 1790 propheta
968 1710 1004 1774 iu
1035 1709 1185 1777 testanda
1236 1709 1337 1792 igitur
1355 1709 1418 1774 tuit
1435 1710 1667 1793 poenitentiam
1692 1710 1806 1776 ordine
1824 1710 2027 1794 praecedere,
2049 1719 2087 1776 ut
2102 1727 2210 1796 posset

209 1795 444 1878 redemptione,
461 1815 544 1878 quae
559 1803 630 1860 erat
644 1795 789 1860 omnium
805 1795 959 1877 opinione
974 1795 1184 1876 incredibilis,
1237 1793 1389 1878 amplecti
1411 1794 1550 1883 populus
1572 1794 1713 1860 oblatam
1736 1796 1799 1861 sibi
1821 1794 1970 1862 salutem.
2010 1797 2102 1862 Haec
2125 1800 2208 1863 ratio

210 1882 404 1965 praesertim
418 1901 528 1979 'quum
552 1883 699 1947 totunm
721 1879 911 1980 iamelapsi
942 1886 1060 1947 essent.
1106 1881 1185 1948 Fuit
1236 1889 1287 1944 est
1320 1900 1379 1946 eur
1408 1880 1495 1946 dieat
1518 1881 1683 1980 ,propheta
1710 1881 1816 1980 Deum
1842 1882 1943 1963 faisse
1972 1883 2028 1962 qui
2055 1883 2208 1966 dispersit

210 1975 558 2118 iiihlihiili
584 1967 754 2117 bittit
780 1974 1011 2133 {ligeritti
1034 1968 1183 2134 „atili
1236 1965 2206 2135 ittltteltlt‘ltllr”silueritis’ettett

209 2159 268 2220 per
289 2138 500 2220 septuaginta
521 2157 635 2202 annes.
681 2136 891 2202 Diuturnitas
913 2136 1014 2219 igitur
1035 2139 1105 2220 ipse
1127 2159 1181 2220 pe·
1234 2136 1494 2202 exhortationem
1528 2137 1704 2218 contiueat,
1738 2137 1778 2202 de
1807 2158 1870 2221 qua
1903 2159 1990 2205 nuuc
2024 2147 2135 2217 tracto,
2170 2151 2206 2203 ut

209 2225 273 2288 tuit
294 2243 384 2305 spem
413 2221 538 2287 reditus
568 2223 770 2306 praecidere:
799 2221 871 2287 ideo
894 2242 959 2286 non
984 2223 1103 2288 mirum
1133 2232 1183 2290 est
1234 2221 1358 2288 seilicet
1390 2221 1529 2305 populns
1562 2223 1682 2287 sentiat
1710 2243 1745 2288 se
1774 2223 1876 2289 iustas
1906 2243 2028 2306 poenas
2062 2223 2206 2290 dedisse:

209 2309 239 2376 si
260 2307 421 2391 propheta
445 2315 554 2372 uester·
575 2309 623 2374 ita
644 2327 697 2371 mu
723 2306 818 2372 nifico
847 2308 1013 2388 praedicet
1042 2307 1181 2373 reditum
1235 2307 1387 2388 quoniam
1410 2327 1474 2372 non
1498 2307 1641 2385 fortuito,
1676 2329 1781 2391 neque
1803 2307 1937 2374 libidine
1960 2309 2116 2388 hostium,
2148 2309 2206 2376 sed

208 2393 329 2476 populi.
351 2392 527 2460 Exclamat
548 2393 658 2478 igitur,
714 2393 798 2458 adite
817 2397 920 2476 emta
940 2413 1109 2459 emmonem
1132 2394 1183 2459 Ie·
1233 2393 1319 2458 iusto
1342 2391 1406 2458 Dei
1428 2391 1547 2458 iudicio
1570 2393 1605 2457 in
1628 2395 1777 2458 exsilium
1799 2395 1896 2459 luerit
1918 2395 2050 2460 eiectus.
2093 2393 2206 2478 Sequi·

209 2481 320 2545 leorae:
342 2477 459 2544 deiude
477 2479 567 2561 quasi
583 2478 648 2544 Dei
665 2476 819 2542 mandato
842 2479 986 2543 mitteret
1004 2480 1069 2544 huc
1085 2490 1182 2562 atque
1235 2486 1299 2557 tur,
1322 2477 1368 2544 ur
1388 2479 1534 2544 custodiet
1555 2483 1704 2560 torquem
1719 2485 1833 2560 pastor
1851 2500 1971 2564 prepem
1993 2499 2094 2544 suum.
2127 2481 2207 2546 Pro·

209 2564 289 2631 illuc
322 2583 497 2646 praedones
531 2563 571 2628 ad
604 2562 875 2646 promulgandum
910 2563 999 2628 illam
1031 2566 1181 2649 gratiam,
1235 2563 1335 2645 pheta
1356 2563 1407 2630 his
1430 2563 1541 2630 verbis
1563 2562 1655 2630 docet
1678 2584 1741 2628 nou
1765 2575 2025 2630 momentaneam
2051 2566 2119 2630 fore
2142 2565 2206 2630 Dei

212 2651 268 2725 Ite,
295 2650 412 2732 inquit,
444 2654 473 2713 et
494 2651 675 2714 aununtiate
697 2647 905 2731 pertusatas
931 2655 1074 2715 remotus.
1118 2650 1183 2717 His
1234 2649 1393 2732 gratiam,
1426 2648 1482 2714 sed
1512 2649 1734 2714 liberationem
1768 2649 1836 2714 fore
1864 2649 1997 2714 initium
2031 2653 2205 2716 continuae

210 2742 321 2801 autem
345 2733 451 2799 verbis
473 2735 637 2818 significat
659 2733 885 2800 liberationem
910 2735 1020 2817 populi
1044 2737 1111 2800 tore
1133 2737 1183 2800 in·
1234 2733 1350 2800 salutis
1372 2754 1475 2816 usque
1497 2734 1538 2798 ad
1560 2735 1658 2804 finem
1681 2742 1715 2799 et
1736 2733 1798 2801 hoc
1820 2736 1951 2818 cognitu
1976 2734 2070 2800 valde
2098 2757 2206 2802 neees-

210 2822 305 2906 signe
335 2819 566 2886 documentum
596 2820 761 2902 potentiae
791 2820 862 2898 Dei,
892 2819 976 2902 quod
1004 2820 1184 2886 celebretur
1235 2819 1358 2884 sarium
1382 2827 1440 2884 est.
1482 2818 1569 2899 Quid
1592 2819 1680 2885 enim
1704 2819 1835 2902 prodest
1857 2820 1959 2898 nobis,
1980 2821 2082 2886 semel
2104 2823 2206 2887 luisse

209 2927 268 2989 per
290 2925 404 2970 omnes
426 2906 574 2989 populos.
620 2903 691 2970 Nisi
714 2904 775 2970 hoc
798 2904 911 2970 luisset
942 2904 1079 2986 dictum,
1110 2927 1184 2988 spes
1235 2905 1344 2970 aDeo
1365 2903 1574 2988 redemptos?
1597 2925 1674 2969 nam
1690 2903 1753 2970 hoc
1767 2905 1863 2970 modo
1878 2905 1966 2970 salue
1989 2917 2098 2972 nostra
2120 2918 2206 2972 esset

209 2991 321 3075 populi
342 3011 402 3056 sua
419 2991 586 3056 debilitate
604 2991 764 3068 fluxisset,
783 3009 820 3055 ac
838 2990 969 3056 redacta
987 2997 1074 3055 esset
1091 2991 1184 3072 quasi
1235 2989 1385 3055 evanida.
1428 2987 1495 3055 Sed
1525 3010 1624 3073 quum
1659 2989 1810 3056 audimus
1839 2991 1873 3054 in
1900 2989 1988 3058 hune
2017 2993 2118 3057 finem
2146 3011 2206 3057 nes

209 3080 244 3144 in
268 3075 419 3142 nihilum.
465 3074 532 3142 Sed
560 3094 661 3158 quum
691 3074 850 3139 haherent
872 3075 1065 3142 vaticinium
1094 3076 1182 3141 Iere-
1236 3075 1366 3140 liberuri
1386 3095 1406 3138 a
1423 3074 1495 3140 Dee
1513 3097 1552 3141 ax
1572 3075 1747 3160 tyrannide
1766 3077 1918 3153 hostium,
1940 3081 1977 3141 ιιι
1995 3087 2206 3161 prosequatur

209 3163 296 3228 miae
318 3161 358 3226 de
379 3162 580 3227 memorabili
602 3159 667 3226 Dei
696 3161 810 3244 gratia,
840 3159 920 3226 haee
946 3182 1013 3226 non
1036 3161 1183 3246 vulgaris
1235 3181 1314 3244 erga
1335 3181 1396 3226 nos
1418 3180 1511 3226 suam
1534 3161 1683 3244 gratiam,
1713 3171 1745 3225 et
1768 3162 1811 3226 sit
1832 3171 2008 3245 perpetuus
2030 3173 2145 3242 custos,
2172 3166 2206 3227 et

209 3257 280 3313 erat
308 3246 495 3330 consolatio,
525 3246 634 3310 Deum
664 3246 789 3310 seilicet
818 3245 863 3310 ita
892 3246 962 3310 lere
991 3247 1101 3329 populi
1132 3269 1183 3312 re·
1234 3255 1347 3328 pastor
1377 3253 1503 3325 noster,
1543 3245 1624 3311 haec
1659 3245 1763 3312 solida
1799 3257 1849 3312 est
1885 3247 2021 3313 materia
2056 3246 2204 3314 fiducias.

197 3334 423 3417 demptorem,
445 3336 482 3396 ut
505 3333 661 3397 virtutem
692 3352 784 3396 suam
814 3339 981 3398 exsereret
1002 3352 1084 3414 quae
1105 3353 1182 3398 con·
1234 3331 1327 3399 Haec
1359 3331 1461 3415 igitur
1494 3333 1577 3396 ratio
1607 3342 1656 3398 eet
1683 3352 1742 3398 cur
1769 3330 1930 3415 propheta
1962 3341 2134 3416 postquam
2165 3332 2205 3397 de

210 3419 321 3500 spicue
343 3418 428 3482 foret
450 3417 547 3482 etiam
571 3417 706 3482 remotis
724 3417 886 3501 gentibus,
909 3417 976 3482 imo
990 3417 1082 3482 ouius
1097 3417 1181 3482 tama
1234 3416 1457 3500 redemptione
1480 3417 1589 3500 populi
1613 3416 1771 3495 disseruit,
1800 3418 1898 3483 simul
1922 3417 2078 3500 adiungat
2100 3417 2205 3484 Deum

208 3503 397 3585 perveniret
419 3523 520 3584 usque
542 3501 583 3566 ad
606 3503 755 3584 regiones
776 3502 982 3586 longinquas.
1017 3502 1101 3568 Nam
1124 3524 1183 3586 per
1232 3502 1300 3583 fore
1326 3508 1503 3584 paemen,
1536 3522 1654 3585 nempe
1687 3511 1724 3568 ut
1752 3502 1908 3590 populum
1942 3514 2098 3587 perpetuo
2131 3523 2207 3568 een·

208 3589 333 3654 insulas
351 3587 530 3671 prophetae
552 3587 738 3670 significant
761 3588 910 3669 regiones
931 3589 1182 3654 transmarinas:
1234 3597 1353 3654 servet.
1399 3587 1565 3669 Sequitur,

208 3676 256 3739 ita
272 3673 402 3738 ludaeis
421 3671 528 3751 Italia,
550 3671 722 3755 Hispania,
744 3671 893 3750 Graecia,
915 3672 1026 3739 Gallia
1047 3674 1183 3739 fuerunt

208 3757 345 3824 insulae.
389 3758 480 3840 Ergo
509 3757 634 3824 insulas
663 3767 806 3822 remotas
835 3758 888 3822 hic
910 3758 1183 3841 prophetassent
1322 3757 1373 3822 11.
1406 3757 1489 3840 Quia
1518 3757 1648 3824 redimet
1677 3757 1812 3824 lehoeelt
1842 3756 1950 3841 Iacob,
1982 3763 2009 3825 et
2037 3759 2208 3825 redimete
2338 3735 2343 3745 ¹

208 3864 322 3910 omnes
349 3841 463 3926 plagas
492 3843 616 3919 mundi,
646 3864 728 3924 quae
757 3842 868 3924 procul
900 3843 1064 3909 distabant
1086 3863 1104 3908 a
1126 3844 1182 3909 Iu·
1233 3861 1331 3908 mauu
1363 3842 1427 3927 (eet
1448 3841 1577 3925 quidem
1608 3843 1697 3910 aliud
1721 3844 1872 3923 verbum,
1905 3842 2076 3909 sedidem
2106 3844 2207 3928 sigui·

208 3928 299 4005 daea,
323 3938 456 4012 atquae
478 3937 572 3994 erant
594 3927 692 3993 etiam
715 3929 964 3994 transmarinae.
988 3928 1107 3994 Postea
1129 3929 1183 3994 ad·
1234 3929 1335 3994 fleant
1357 3916 1414 3997 'ost
1435 3937 1469 3992 et
1490 3941 1557 3998 71·ιῦ
1581 3927 1719 3996 redemit
1741 3949 1758 3994 e
1780 3927 1895 4014 mann)
1911 3930 2047 4010 poeste
2069 3928 2134 4015 (vel
2158 3949 2207 3995 ro·

207 4015 327 4098 iungit,
349 4013 413 4096 Qui
429 4014 580 4096 dispersit
598 4013 749 4080 Israelun
768 4013 960 4097 ecuprepebit
976 4034 1056 4080 eum.
1090 4014 1182 4080 Haec
1234 4012 1335 4096 busti)
1352 4033 1434 4094 prae
1453 4015 1530 4095 ipso.

207 4099 370 4166 sententia
387 4101 559 4165 confirmat
577 4119 666 4182 spem
687 4098 899 4165 liberationis:
922 4099 1077 4181 quoniam
1090 4099 1182 4165 Deus

206 4185 315 4268 putuit
337 4184 432 4252 facile
454 4185 614 4250 redimere
632 4183 788 4267 populum
807 4204 914 4260 suum,
937 4204 1039 4266 quum
1058 4184 1183 4252 scilicet
1319 4184 1538 4267 Prosequitur
1560 4184 1696 4248 eandem
1720 4184 1917 4250 doctrinam:
1950 4185 2041 4266 prius
2064 4184 2207 4251 ostendit

198 4267 360 4336 ‘exsilium
390 4270 471 4334 illud
501 4289 606 4352 poena
636 4279 722 4334 esset
750 4268 875 4334 inflicta
896 4270 967 4335 eius
990 4291 1099 4338 manu.
1145 4269 1181 4338 si
1235 4289 1300 4334 nou
1334 4269 1403 4334 lore
1436 4268 1565 4334 difficile
1598 4279 1655 4335 aut
1690 4269 1885 4335 laboriosum
1920 4268 2009 4354 Deo,
2049 4270 2206 4354 populum

207 4354 366 4420 Chaldaei
400 4355 511 4438 adepti
543 4355 681 4420 luissent
707 4354 878 4419 victoriam
908 4355 1040 4437 proprio
1067 4364 1181 4434 marte,
1234 4376 1329 4420 suum
1359 4354 1533 4420 redimere:
1569 4375 1655 4420 nune
1684 4353 1771 4430 dicit,
1802 4355 1877 4438 Ipse
1897 4375 1967 4438 erpo
1988 4355 2125 4422 lebetam
2148 4376 2207 4439 po·

206 4449 335 4524 poterat
357 4440 516 4507 coniicere
538 4439 676 4522 populus
699 4448 806 4504 aetum
830 4460 901 4505 osse
924 4440 964 4506 de
986 4441 1090 4507 salute
1113 4461 1182 4506 sua.
1229 4439 1343 4522 pedum
1364 4460 1458 4506 suum
1479 4440 1621 4523 redimet,
1651 4445 1680 4506 et
1701 4440 1830 4506 redieret
1851 4461 1866 4504 e
1887 4459 1984 4505 mour
2007 4443 2204 4523 potentioris.

206 4527 298 4592 Deus
321 4546 399 4610 ergo
421 4524 474 4590 hie
508 4525 663 4607 populum
696 4524 847 4589 hortatur
869 4525 910 4590 ad
933 4526 1015 4591 bene
1047 4547 1180 4609 speran-
1234 4525 1362 4592 Rursus
1391 4526 1533 4592 occurrit
1561 4525 1755 4591 dubitationi
1778 4525 1942 4602 Ieremias,
1973 4547 2055 4608 qnae
2080 4533 2208 4610 poterat

207 4609 298 4690 dum,
328 4613 404 4694 quia
433 4612 536 4693 possit
560 4630 677 4675 sanare
706 4608 820 4693 plagas
850 4630 930 4693 quas
952 4611 1022 4693 ipse
1044 4612 1181 4678 inflixit:
1235 4609 1374 4676 deiicere
1403 4611 1530 4676 animos
1558 4611 1697 4693 piorum.
1741 4611 1826 4676 Nam
1854 4630 1983 4694 semper
2009 4610 2090 4676 haee
2119 4613 2206 4696 engi·

206 4697 298 4779 quasi
322 4697 453 4775 diceret,
476 4696 549 4778 Itgo
571 4715 643 4761 sum
667 4694 721 4777 qui
744 4715 803 4761 ves
826 4695 939 4779 expuli
962 4699 996 4760 iu
1019 4697 1181 4774 exsilium,
1235 4695 1316 4761 tatio
1344 4704 1472 4761 remota
1502 4695 1563 4760 luit
1592 4703 1668 4761 aute
1696 4695 1841 4778 ipsorum
1874 4696 1999 4771 oeulos,
2033 4695 2205 4776 Quomodo

205 4779 1181 4950 tutta”ttit‘l‘tlt⁸ettlltt'⁰lnll‘³tll„tlt
1234 4779 2206 4948 ttttlttttliltlttl,lllltttttttttlilt

206 4950 301 5018 lutis:
324 4951 380 5016 sed
400 4918 508 5035 quum¹
522 4951 605 5017 nihil
623 4950 716 5015 robis
739 4949 893 5016 acciderit
915 4952 978 5017 nisi
1001 4953 1087 5018 iusto
1111 4973 1181 5019 mee
1233 4950 1423 5017 monarchia
1445 4959 1495 5016 ost
1516 4951 1620 5018 veluti
1651 4973 1771 5037 gurges
1794 4972 1857 5035 quo
1879 4950 2050 5034 absorptus
2072 4953 2134 5020 luit
2157 4962 2205 5020 to·

205 5036 335 5117 iudicio,
358 5036 581 5102 misericordia
603 5036 719 5102 afferet
741 5035 920 5102 remedium
942 5036 1093 5103 omnibus
1116 5057 1182 5103 me·
1235 5047 1288 5102 tus
1314 5037 1401 5102 orbis
1429 5045 1550 5102 noster.
1598 5036 1709 5118 Quum
1743 5057 1821 5120 ergo
1851 5057 1889 5102 eo
1919 5057 2022 5120 usqne
2050 5039 2206 5105 extulerit

205 5122 248 5188 lis
278 5122 408 5188 restris.
457 5119 592 5205 Colligit
622 5141 701 5204 ergo
730 5119 823 5186 Deus
856 5120 917 5188 sibi
950 5121 1077 5188 laoilem
1112 5123 1181 5187 lore
1233 5122 1325 5188 Deus
1349 5120 1559 5188 Chaldaicam
1581 5123 1769 5205 potentiam,
1793 5143 1906 5188 sumus
1929 5122 2101 5206 desperati,
2139 5124 2205 5190 Po·

205 5207 443 5285 liberstionem,
465 5209 618 5289 quoniam
638 5204 796 5273 Chaldaei
819 5227 885 5272 nou
909 5206 1084 5290 quidquam
1108 5227 1183 5273 con·
1234 5215 1342 5272 terant
1365 5228 1451 5292 ergo,
1475 5206 1551 5272 dnm
1575 5209 1762 5273 conterrent
1783 5228 1857 5274 cnm
1879 5208 2030 5273 omnibns
2052 5210 2205 5276 remediis

205 5294 335 5376 sequuti
357 5293 424 5358 sint
447 5293 577 5375 propriu
597 5292 726 5372 virtute,
748 5290 805 5358 aad
830 5301 987 5377 quantum
1011 5293 1090 5376 ipsis
1108 5313 1179 5374 per·
1233 5292 1357 5358 malurn
1380 5291 1472 5376 illud,
1494 5293 1620 5360 animes
1643 5291 1851 5376 despondere.
1885 5293 1951 5360 Sed
1971 5296 2130 5379 propheta
2153 5297 2206 5362 hio

310 5393 422 5450 Caluini
437 5408 530 5462 opera.
563 5392 623 5449 Vol.
639 5393 820 5450 XXXVIII.
1967 5394 2002 5450 42
