5134 6124
380 437 444 502 271
1192 428 1580 499 PRAELEO'PIONES
2319 436 2373 500 272

380 634 419 691 ιιι
447 644 545 690 nemo
575 621 677 708 possit
698 622 733 687 in
756 621 829 688 illas
851 619 993 698 fraudes,
1025 639 1110 703 quas
1131 621 1167 686 in
1190 621 1260 704 ipsc
1284 632 1360 686 sunt
1501 620 1576 686 Non
1599 620 1736 689 dubium
1759 631 1810 688 est
1832 623 1911 706 quin
1940 623 2101 708 propheta
2122 624 2306 707 simpliciter
2325 627 2372 692 do·

382 709 603 789 absconditae,
637 719 817 792 penetrare.
867 705 1022 772 Diximus
1056 727 1120 790 quo
1151 705 1285 772 oonsilio
1314 707 1361 772 ita
1415 728 1488 773 cere
1523 707 1602 772 velit
1635 728 1691 775 ecs
1721 709 1778 791 qui
1812 709 1938 775 artibus
1967 709 2090 776 illicitis
2124 711 2299 790 ditescunt,
2329 715 2373 780 vel

378 796 532 881 loquatur
554 797 721 879 propheta,
744 815 862 945 nemea
881 804 917 857 ut
935 793 1040 859 sciant
1055 792 1169 859 Iudaei
1187 813 1222 858 se
1237 791 1362 858 frustra
1415 800 1610 860 coacervant
1632 814 1770 878 magnas
1789 815 1875 878 opes,
1898 807 2009 868 tamen
2028 799 2094 861 iore
2112 795 2266 863 obnoxios
2285 799 2373 864 male·

380 904 451 949 esse
491 889 633 959 astutos,
675 879 754 947 dum
793 877 855 946 sii
888 878 1018 944 fodiunt
1051 880 1143 963 qnasi
1181 878 1241 945 snb
1274 889 1362 943 terra
1415 879 1549 946 dictioni
1573 879 1646 958 Dei,
1670 890 1709 945 ιιι
1729 879 1888 964 quidquid
1917 902 2037 966 magno
2067 881 2177 948 labora
2205 887 2375 967 pepererint

380 968 605 1053 cogitationes,
627 966 689 1032 hoc
711 973 771 1043 est,
795 964 874 1031 dum
895 965 1089 1031 existimant
1108 965 1273 1050 perversis
1292 964 1361 1030 auis
1414 965 1481 1030 illis
1503 965 1633 1032 effluat:
1657 967 1735 1049 quia
1756 966 1849 1032 Deus
1872 967 2041 1033 exinaniet
2063 969 2159 1051 ipsus,
2182 981 2215 1033 et
2236 970 2375 1054 quidquid

381 1053 527 1120 consiliis
548 1076 584 1120 se
607 1065 675 1118 tam
691 1052 798 1119 Deum
823 1071 918 1134 posse
941 1051 1064 1130 fallere,
1087 1073 1186 1135 quam
1202 1049 1360 1116 homines.
1414 1052 1593 1133 possident.
1639 1052 1729 1137 Ergo
1751 1053 1787 1118 in
1809 1073 1907 1119 sensu
1926 1054 2122 1137 prophetae,
2153 1064 2185 1119 et
2207 1053 2241 1120 in
2262 1076 2376 1122 summe

379 1139 443 1206 Per
472 1140 715 1207 concessionem
744 1137 848 1222 igitur
878 1136 970 1215 dicit,
1007 1136 1078 1204 Scio
1105 1138 1192 1204 uobis
1221 1157 1286 1205 esec
1311 1156 1362 1202 cor
1415 1138 1463 1202 rei
1487 1138 1580 1202 nulla
1602 1147 1651 1205 est
1681 1139 1886 1223 ambiguitas.
1933 1138 1999 1207 Sed
2030 1148 2190 1223 quantum
2220 1141 2260 1206 ad
2287 1143 2376 1208 verba

378 1225 490 1309 [abac.
543 1225 616 1292 Hoc
649 1223 780 1308 quidem
809 1223 873 1308 ipsi
906 1245 971 1288 nou
1003 1225 1172 1304 dicebant,
1205 1222 1262 1288 sed
1292 1233 1363 1288 erat
1415 1235 1551 1308 spectat,
1575 1225 1769 1307 interpretes
1791 1246 1857 1290 uon
1880 1226 2083 1292 muvssiunt
2104 1226 2192 1291 inter
2214 1249 2263 1292 se:
2286 1229 2376 1292 maior

380 1313 545 1396 speciosus
578 1321 787 1394 praetextus,
821 1331 924 1392 quum
958 1311 1118 1376 iactarent
1152 1310 1361 1394 prudentiam
1416 1321 1526 1376 tamen
1548 1330 1626 1394 pars
1648 1311 1714 1377 buc
1736 1311 1891 1390 inclinat,
1921 1312 2007 1396 quod
2038 1314 2134 1379 sicuti
2163 1313 2279 1396 perdix
2299 1314 2377 1380 colli·

380 1419 440 1480 pro
470 1396 582 1464 frauda
613 1409 645 1462 et
674 1396 757 1463 dolo.
810 1396 945 1464 Interea
972 1417 1081 1463 crasse
1110 1396 1257 1480 loquitur
1287 1417 1361 1480 pro·
1415 1397 1465 1482 git
1487 1397 1595 1462 aliena
1621 1417 1699 1472 ova,
1728 1417 1812 1481 quae
1841 1418 1905 1462 non
1936 1399 2099 1478 excludit,
2134 1398 2185 1464 vel
2214 1420 2294 1482 quae
2321 1421 2377 1464 nun

381 1484 491 1569 pheta,
514 1494 545 1549 et
568 1483 725 1567 exprimit
748 1504 817 1548 rem
840 1483 965 1566 ipsam:
988 1484 1051 1549 Est
1073 1483 1176 1566 igitur
1196 1481 1288 1550 rubis
1306 1501 1362 1549 cor
1415 1483 1554 1566 peperit,
1577 1483 1624 1550 sio
1648 1483 1747 1548 etiam
1770 1484 1827 1566 qui
1850 1485 2035 1550 accumulat
2056 1485 2198 1562 divitias,
2228 1487 2294 1551 fore
2314 1497 2378 1550 tan·

380 1571 491 1654 fallax,
520 1570 638 1654 inquit,
667 1579 700 1635 et
729 1570 903 1635 vitiosum:
934 1569 1011 1636 hinc
1040 1569 1169 1653 fiducia,
1200 1590 1282 1653 quae
1306 1589 1362 1633 voe
1416 1569 1490 1634 dem
1512 1589 1665 1647 vacuum,
1689 1571 1766 1652 quia
1788 1589 1863 1634 eum
1888 1568 1979 1636 Doce
2005 1569 2168 1653 spoliabit
2215 1570 2279 1638 Sed
2301 1571 2378 1637 vide·

379 1656 536 1722 inebriat:
577 1655 653 1740 quia
695 1655 818 1739 putatis
860 1676 925 1720 non
963 1677 1058 1739 posse
1091 1656 1202 1740 detegi
1235 1664 1363 1720 vestras
1416 1667 1472 1720 tur
1490 1655 1574 1720 mihi
1592 1655 1674 1722 hace
1691 1677 1762 1721 esse
1780 1655 1923 1738 simplex
1940 1659 2122 1724 sententia:
2143 1658 2291 1741 Quisquis
2305 1658 2379 1740 fadi,

379 1742 520 1808 handus.
572 1741 638 1808 Per
667 1741 919 1807 admirationem
949 1763 1027 1827 ergo
1056 1743 1250 1826 interrogat,
1285 1741 1364 1824 Quis
1416 1741 1477 1807 hoc
1499 1752 1558 1823 est,
1580 1750 1758 1826 comparat,
1780 1742 1833 1807 vel
1844 1743 1985 1826 acquirit
2007 1743 2144 1822 diuitias,
2166 1745 2261 1826 idque
2276 1765 2332 1810 corr
2350 1744 2380 1808 ia

375 1830 492 1913 praru
514 1828 676 1895 scruturi?
705 1827 762 1895 sed
790 1827 946 1894 continno
969 1837 1042 1913 post
1065 1827 1251 1912 respondet,
1280 1827 1362 1911 Epo,
1413 1828 1542 1911 iudicio,
1565 1827 1598 1892 id
1621 1839 1680 1906 est,
1707 1849 1775 1892 nou
1797 1838 1902 1912 recte,
1932 1850 2038 1912 neque
2068 1829 2183 1913 probe,
2212 1830 2269 1896 sed
2298 1828 2380 1894 malis

380 1935 433 2000 eqo
462 1914 624 1981 Dominus
652 1934 733 1994 sum,
765 1914 829 1980 hoc
858 1924 916 1990 est,
950 1936 1060 1980 meum
1092 1926 1143 1981 est
1171 1913 1362 1980 examinare
1415 1913 1560 1991 artibus,
1588 1913 1740 1996 relinquat
1766 1934 1821 1980 eas
1850 1915 1884 1980 in
1914 1917 2013 1982 medio
2040 1916 2164 1982 dicrum
2191 1936 2329 1998 suorum,
2358 1919 2381 1981 ct

380 2000 479 2067 corda
513 2009 548 2068 et
580 2021 691 2080 renes,
724 2001 833 2083 itaque
861 1999 945 2066 nihil
974 2022 1027 2067 me
1059 2002 1171 2086 fugiet.
1223 2001 1362 2066 Summa
1415 2000 1540 2066 taudem
1562 2000 1621 2064 erit
1638 2001 1744 2084 sibili,
1767 1999 1819 2066 rel
1838 2003 1901 2066 erit
1918 2000 2070 2068 ludibrio.
2103 1985 2157 2071 531
2183 2003 2272 2068 enim
2290 2001 2381 2084 signi·

381 2086 485 2172 igitur
512 2095 572 2165 est,
602 2086 681 2152 dum
711 2087 861 2153 hominus
889 2087 961 2152 Deo
991 2087 1144 2168 illudunt,
1173 2086 1256 2153 nihil
1287 2108 1361 2170 pro·
1415 2088 1492 2153 licat
1515 2085 1637 2151 Nihili:
1660 2087 1715 2151 alii
1740 2097 1875 2152 vertunt
1897 2087 2046 2167 stultum,
2070 2098 2103 2154 et
2124 2099 2212 2154 recte
2235 2087 2383 2155 convenit.

380 2175 494 2241 ficere:
526 2174 678 2257 quoniam
702 2172 796 2238 Deus
819 2173 912 2239 novit
934 2173 1179 2258 deprehendere
1200 2173 1363 2256 sapientes
1415 2172 1501 2238 Nam
1525 2192 1622 2255 saepe
1643 2172 1677 2238 id
1700 2174 1871 2257 significat.
1912 2174 1985 2240 Iam
2016 2174 2107 2241 addit
2132 2175 2382 2241 similitudinem:

381 2261 417 2324 in
438 2279 498 2326 sua
520 2259 652 2339 astutia,
682 2271 716 2326 et
738 2258 902 2326 discutere
925 2281 1039 2327 omnes
1060 2260 1190 2326 illorum
1216 2260 1306 2325 dolos
1330 2270 1363 2324 et
1414 2258 1551 2342 Nempe,
1574 2260 1656 2326 sicut
1665 2260 1785 2341 perdis
1801 2259 1916 2344 attius
1932 2282 1999 2340 ocu,
2022 2266 2124 2326 ειιιοιι
2136 2263 2238 2346 parit.
2274 2262 2383 2326 Parere

380 2345 536 2413 fallacias.
580 2347 701 2411 Postea
729 2345 880 2429 adiungit
909 2346 943 2410 in
975 2366 1073 2430 quem
1102 2347 1213 2412 finem:
1251 2345 1291 2413 Ut
1315 2366 1362 2411 rc·
1416 2344 1469 2409 hic
1492 2344 1642 2410 bilariam
1664 2355 1773 2428 potest
1794 2346 1926 2428 exponi,
1949 2348 2002 2413 vel
2025 2358 2062 2412 ut
2084 2348 2125 2413 de
2146 2348 2258 2430 pullis,
2281 2346 2328 2413 rel
2348 2345 2382 2410 de

376 2451 500 2514 ponam
520 2433 630 2514 cuique
651 2433 819 2498 susurratum
840 2433 912 2497 uias
932 2453 1021 2511 uras,
1043 2433 1212 2499 secundum
1225 2434 1363 2517 frustm
1416 2431 1486 2495 ovis
1510 2431 1573 2497 boc
1595 2431 1740 2497 dicatur:
1763 2441 1796 2496 et
1818 2432 1892 2497 ideo
1914 2432 2047 2516 qnidam
2070 2435 2265 2500 existimant
2286 2431 2382 2498 notari

382 2537 510 2599 opaeum
539 2519 616 2582 cius.
661 2517 725 2582 Hie
755 2517 864 2582 verbis
893 2519 1069 2601 significat,
1103 2525 1275 2600 postquam
1307 2517 1363 2582 diu
1416 2516 1477 2583 aab
1497 2538 1576 2583 voce
1593 2529 1659 2604 terp
1681 2517 1870 2584 masculum.
1918 2518 2039 2586 Perdis
2060 2541 2149 2602 ergo,
2172 2541 2289 2604 nempe
2310 2539 2381 2592 mas,

383 2613 416 2667 et
443 2603 584 2667 multum
614 2601 823 2685 tergiversati
852 2602 984 2684 fuerint,
1014 2613 1172 2669 venturos
1195 2603 1305 2669 umen
1328 2603 1361 2668 in
1415 2607 1580 2687 umqrepct
1593 2623 1661 2687 oua,
1683 2603 1737 2668 vel
1761 2604 1895 2669 incubat
1917 2607 1998 2689 ovis,
2021 2627 2101 2689 qaue
2121 2626 2184 2671 noa
2199 2607 2334 2690 peperit,
2354 2602 2382 2667 id

382 2687 559 2770 iudicium,
588 2687 692 2754 velint
722 2686 840 2766 nolint,
869 2689 944 2770 quia
973 2710 1039 2755 non
1068 2701 1224 2772 poterunt
1253 2689 1361 2755 Deum
1415 2699 1483 2771 est,
1514 2709 1582 2754 non
1612 2690 1730 2772 posuit.
1783 2689 1851 2755 Sed
1879 2711 1996 2774 parere
2028 2700 2133 2775 potest
2165 2695 2264 2758 ctiam
2293 2689 2383 2771 accipi

383 2775 455 2838 iure
482 2793 542 2838 suo
570 2772 711 2854 privare,
742 2774 819 2856 quin
850 2774 894 2838 sit
923 2773 1023 2840 iudex
1053 2776 1153 2840 totius
1176 2773 1300 2855 muudi,
1331 2782 1364 2839 at
1415 2793 1475 2856 pro
1506 2773 1692 2840 excludere.
1742 2775 1840 2842 Nunc
1869 2778 2037 2860 quaeritur
2066 2777 2229 2861 quomodo
2256 2775 2384 2861 aptanda

383 2859 431 2924 ita
453 2856 613 2942 rependat
634 2857 774 2943 singulis
789 2859 973 2926 mercedem
989 2881 1133 2943 operum.
1169 2861 1234 2927 Hic
1249 2881 1362 2945 super·
1416 2860 1459 2924 sit
1489 2860 1571 2925 haec
1600 2860 1779 2927 similitudo
1808 2862 1850 2927 ad
1881 2884 1950 2928 rem
1985 2874 2198 2946 praesentem.
2253 2859 2385 2930 Rabbini

384 2964 524 3012 vacuum
548 2953 634 3010 esset
655 2953 805 3024 tractare,
829 2945 993 3027 quomodo
1017 2947 1107 3013 Deus
1129 2948 1224 3014 iustis
1246 2968 1363 3031 repen·
1416 2945 1643 3030 excogitarunt
1665 2968 1725 3014 suo
1748 2968 1838 3013 more
1857 2949 1991 3015 fabulas.
2028 2950 2177 3033 Fingunt
2198 2951 2301 3035 igitur
2320 2968 2384 3030 per·

384 3029 441 3095 dat
463 3030 605 3095 fructum
627 3050 776 3114 operum,
799 3033 876 3114 quia
897 3032 1058 3116 propbeta
1080 3034 1215 3100 hicnon
1232 3033 1363 3098 disserit
1416 3030 1521 3097 dicem
1552 3033 1653 3097 furari
1683 3053 1745 3098 ova
1773 3035 1921 3100 omnium
1949 3037 2060 3101 avium
2094 3057 2178 3120 quae
2210 3041 2385 3110 occurrunt,

385 3113 425 3180 de
465 3117 593 3182 meritis
634 3127 692 3181 aut
725 3115 917 3197 virtutibus,
957 3117 1015 3184 sed
1048 3124 1177 3185 tantum
1212 3119 1362 3195 ostendit,
1416 3129 1449 3183 et
1471 3118 1569 3185 simul
1591 3119 1744 3204 colligere
1772 3120 1807 3184 in
1838 3142 2011 3188 acervum:
2040 3120 2156 3188 deinde
2186 3122 2310 3206 pullos,
2338 3119 2385 3184 ubl
2518 3139 2519 3184 ι

384 3199 503 3283 impios
525 3201 739 3285 quantumvis
762 3222 834 3266 sese
855 3203 1028 3284 occultent,
1052 3225 1119 3269 non
1138 3215 1248 3272 tamen
1267 3225 1363 3289 posse
1416 3213 1494 3269 sunt
1516 3205 1657 3286 exclusi,
1686 3205 1863 3292 diffugere,
1895 3208 1972 3290 qnia
1994 3229 2113 3274 arcano
2136 3207 2278 3292 quodam
2299 3225 2386 3273 sensu
2518 3215 2519 3288 ᾗ

384 3287 530 3371 effugere
562 3285 706 3352 tribunal
736 3286 815 3366 Dei,
849 3289 929 3371 quin
962 3291 1096 3356 taudem
1128 3290 1197 3355 illic
1224 3291 1363 3357 reddant
1417 3289 1606 3375 intelligunt
1628 3313 1694 3356 non
1717 3312 1789 3358 esse
1812 3303 1961 3359 matrem.
2006 3293 2073 3360 Sed
2105 3314 2211 3378 neque
2235 3292 2385 3360 Aristote-

384 3375 545 3438 rationem
575 3372 664 3438 ritae
693 3393 780 3439 suae.
826 3373 1001 3441 Caeterum
1024 3398 1068 3443 ex
1090 3376 1152 3443 hoc
1174 3377 1245 3444 locu
1267 3398 1362 3461 gene·
1416 3374 1473 3457 les,
1497 3397 1602 3460 neque
1624 3376 1754 3444 Plinius
1784 3379 1963 3462 quidquam
1994 3379 2058 3445 tale
2089 3381 2225 3446 tradunt
2255 3381 2295 3445 da
2322 3399 2386 3462 per·
2518 3453 2519 3478 i

385 3459 465 3524 ralis
498 3458 647 3525 doctrina
679 3459 859 3544 colligitur,
902 3482 1019 3545 nempe
1052 3462 1257 3530 absconditos
1294 3484 1364 3528 esse
1417 3459 1552 3528 dinibus.
1602 3461 1729 3531 Dicunt
1757 3464 1888 3547 quidem
1918 3486 2013 3531 avem
2045 3466 2130 3533 hano
2157 3468 2288 3550 plenam
2325 3483 2387 3530 esse

386 3543 533 3644 cordium
556 3564 712 3624 recessus,
735 3546 783 3611 ita
805 3555 842 3611 ut
864 3568 928 3613 non
952 3550 1055 3632 possit
1076 3547 1117 3615 de
1139 3549 1272 3617 homine
1294 3548 1365 3614 fieri
1416 3549 1557 3628 vafritie,
1586 3557 1619 3615 et
1648 3561 1843 3616 enumerant
1872 3551 1978 3617 multa
2008 3553 2168 3635 exempla
2214 3551 2284 3620 Sed
2311 3545 2387 3635 qnod

386 3630 546 3697 iudrcium
570 3631 715 3697 humano
737 3654 845 3698 sensu.
879 3633 966 3700 Nam
988 3637 1109 3703 scimus
1131 3637 1273 3719 aliquam
1293 3657 1365 3702 esse
1417 3633 1533 3717 perdix
1556 3635 1741 3719 itacupide
1764 3635 1941 3703 hincinde
1963 3660 2026 3705 ova
2048 3639 2189 3723 colligat,
2212 3645 2388 3704 neuterat-

386 3717 526 3800 speciem
551 3718 711 3784 virtutum
735 3718 769 3782 in
792 3718 923 3785 multis:
957 3722 1014 3787 sed
1037 3722 1102 3788 Dei
1125 3722 1292 3805 proprium
1316 3731 1365 3788 est
1417 3721 1523 3804 tingit.
1578 3720 1664 3788 Sunt
1693 3721 1794 3807 igitur
1823 3722 1971 3804 tabulae,
2001 3725 2118 3809 quibua
2148 3724 2271 3791 habere
2302 3722 2388 3789 fidem

387 3803 576 3869 examinare
598 3802 698 3869 corda
719 3814 753 3869 et
771 3804 907 3887 probare
924 3827 1030 3875 renes.
1067 3810 1246 3892 Perperam
1264 3811 1366 3894 igitur
1418 3817 1505 3872 esset
1526 3807 1625 3873 nimis
1647 3808 1811 3874 frivolum.
1854 3807 1920 3875 Sed
1944 3810 1984 3876 de
2005 3811 2190 3894 perdicibus
2213 3811 2277 3878 hoc
2300 3805 2390 3874 tradi·

386 3888 485 3956 multi
512 3889 688 3954 aestimant
719 3889 758 3956 de
787 3897 905 3956 natura
927 3891 1071 3961 hominis
1092 3915 1152 3978 pro
1173 3915 1233 3961 suo
1255 3915 1366 3974 seusu,
1419 3903 1473 3958 tur
1502 3915 1620 3976 magno
1648 3914 1810 3960 consensu
1839 3904 1907 3960 tam
1938 3898 1979 3963 ab
2009 3897 2188 3963 Aristotele
2217 3911 2251 3963 et
2282 3893 2389 3970 Plinio,

386 3974 441 4043 vel
483 3973 578 4041 modo
617 3996 695 4041 suae
730 3976 987 4060 intelligentiae:
1026 3981 1105 4080 quia
1134 4001 1189 4080 cor
1223 3979 1366 4048 huminis
1419 3999 1516 4079 quam
1539 3981 1580 4046 ab
1603 3979 1687 4064 aliis,
1713 3981 1832 4064 nempe
1854 4003 1924 4048 esse
1948 3983 2070 4049 animal
2093 3984 2177 4049 illud
2199 3981 2297 4049 valde
2324 3977 2389 4046 libi·

385 4064 1107 4233 tttttt:ttt'ttutdtlltttt
1129 4075 1368 4232 :tzitttptt
1419 4063 1739 4235 ltttttmtltttt
1756 4069 2392 4234 ttt‘t‘ttttttrttttttt

387 4241 543 4317 promptu
573 4243 623 4300 est
650 4234 818 4316 responsio
846 4235 943 4300 Pauli
969 4235 1078 4320 (Rom.
1104 4238 1155 4318 15,
1177 4237 1229 4324 4):
1259 4238 1367 4320 Quae·
1420 4236 1578 4320 frangunt
1606 4259 1666 4303 suo
1693 4248 1813 4318 rostro,
1848 4240 1902 4305 vel
1929 4241 2067 4324 pedibus
2096 4243 2142 4307 ita
2171 4241 2329 4320 volvunt,
2355 4258 2392 4303 ne

389 4339 519 4402 cunque
548 4321 581 4385 iu
611 4319 684 4404 lege
713 4320 833 4402 scripta
862 4331 952 4405 sunt,
986 4323 1151 4406 pertinere
1180 4323 1221 4388 ad
1243 4343 1367 4389 omnes.
1420 4321 1549 4403 quando
1572 4322 1695 4388 femina
1717 4324 1758 4389 ad
1781 4347 1820 4391 ea
1849 4326 1970 4393 redeat.
2014 4329 2056 4393 In
2085 4329 2166 4412 ipsis
2194 4327 2328 4393 feminis
2348 4335 2392 4389 est

387 4405 480 4490 Ergo
513 4405 703 4490 depingitur
735 4404 789 4470 hio
823 4405 915 4471 nobis
947 4411 1056 4491 imago
1097 4409 1199 4475 tutius
1238 4409 1368 4492 generis
1420 4408 1518 4472 etiam
1538 4429 1657 4494 magna
1676 4409 1838 4489 salacitas,
1862 4423 1899 4478 ut
1917 4413 2048 4480 dicunt:
2070 4414 2128 4479 sed
2151 4415 2280 4480 interea
2298 4413 2393 4478 maior

387 4490 537 4569 humani,
564 4489 666 4557 donec
696 4490 815 4556 electos
838 4512 914 4557 snos
935 4502 1110 4578 regeneret
1131 4496 1232 4560 Deus.
1277 4494 1367 4576 Quo·
1420 4495 1520 4575 prolis
1542 4494 1739 4561 sollicitudo:
1762 4497 1835 4563 ideo
1856 4520 1920 4564 uva
1941 4521 2000 4565 sua
2022 4501 2196 4578 occultant,
2226 4499 2292 4567 nisi
2315 4493 2393 4583 quod

387 4579 477 4644 niam
511 4598 589 4658 ergo
623 4577 714 4643 nulla
748 4583 798 4642 est
831 4577 956 4660 puritas
987 4581 1049 4646 nisi
1078 4601 1118 4646 ex
1148 4581 1266 4662 spiritu
1295 4579 1368 4660 Dei,
1420 4579 1557 4646 subinde
1580 4583 1679 4646 etiam
1701 4581 1802 4648 libido
1825 4587 1911 4670 cogit
1932 4586 2007 4652 illas
2030 4585 2136 4652 redire
2160 4587 2200 4652 ad
2224 4607 2342 4662 mares,
2364 4592 2394 4647 et

388 4663 580 4748 quantisper
610 4663 758 4729 homiues
790 4673 924 4729 manent
953 4667 988 4730 in
1018 4687 1077 4731 sua
1106 4677 1237 4747 natura,
1271 4665 1369 4731 corda
1421 4666 1466 4729 ita
1488 4686 1550 4730 uva
1572 4668 1707 4749 pariunt
1731 4668 1766 4732 in
1796 4669 1928 4736 illorum
1958 4686 2144 4757 conspectu.
2188 4673 2265 4738 Mus
2289 4681 2393 4737 autem

388 4771 502 4817 eorum
531 4749 629 4833 plana
656 4757 736 4814 sunt
765 4748 900 4814 fallaciis
929 4759 961 4814 et
988 4751 1167 4818 fraudibus.
1213 4751 1266 4817 Ita
1296 4750 1367 4833 pnl-
1421 4749 1475 4814 ubi
1499 4756 1606 4834 potest
1628 4773 1727 4818 ovum
1750 4776 1850 4821 unum
1874 4755 2129 4840 deprehendere,
2160 4758 2287 4842 frangit
2309 4753 2394 4841 pedi·

389 4835 574 4903 cherrimus
597 4833 753 4919 splendor
776 4834 860 4900 nihil
883 4835 972 4900 aliud
991 4845 1041 4903 est
1059 4857 1157 4920 qnam
1176 4836 1368 4921 hypocrisis,
1421 4837 1489 4901 bus.
1535 4837 1660 4921 Magna
1682 4859 1761 4924 ergo
1783 4851 1833 4906 est
1855 4841 2028 4910 difficultas
2050 4845 2086 4909 in
2116 4844 2226 4911 sobole
2260 4842 2393 4909 tuenda:

388 4944 471 5006 quae
494 4920 721 4990 abominabilis
745 4929 795 4986 est
817 4920 899 4987 Deo.
944 4922 1135 5008 Pergamus,
1420 4921 1496 5004 quia
1519 4934 1694 5006 antequam
1719 4947 1781 4992 ova
1804 4926 1924 4995 femina
1942 4929 2105 5011 excludat,
2128 4931 2189 4997 hoc
2208 4940 2267 5008 est,
2291 4927 2394 5013 pullus

1421 5028 1496 5071 suos
1519 5008 1674 5076 excludat
1696 5009 1737 5076 ab
1759 5013 1846 5094 ovis,
1876 5036 1973 5100 saepe
2002 5017 2189 5084 amaribus
2218 5015 2395 5099 deprehen·
2518 5023 2519 5064 1

478 5094 528 5160 11.
562 5093 683 5162 Perdix
713 5114 793 5176 quae
820 5099 999 5177 congregat,
1034 5098 1061 5158 el
1093 5115 1154 5160 noa
1177 5094 1283 5176 parit,
1313 5094 1369 5176 qui
1421 5091 1555 5158 duntur.
1599 5094 1672 5161 Nou
1696 5097 1810 5163 dubito
1833 5101 1914 5182 quin
1937 5103 1990 5169 hic
2023 5103 2067 5168 sit
2087 5104 2252 5188 genuinus
2283 5117 2395 5168 sensus

387 5179 468 5262 facit
489 5177 564 5265 (hoc
587 5190 646 5258 est,
670 5180 828 5264 acquirit,
858 5178 911 5244 vel
934 5178 1114 5266 comparat)
1143 5181 1292 5262 divitias,
1322 5179 1368 5245 id·
1421 5177 1615 5261 prophetae,
1651 5182 1735 5264 quod
1768 5181 1845 5248 dum
1874 5188 2021 5267 perdices
2058 5190 2106 5253 ita
2138 5188 2255 5255 ardent
2289 5205 2396 5252 amore

388 5285 448 5348 quc
468 5285 530 5330 noc
551 5267 585 5331 in
607 5267 725 5333 iudicio
748 5265 794 5352 (id
817 5273 877 5344 est,
907 5285 973 5331 non
998 5263 1096 5350 recte)
1123 5265 1158 5330 ic
1180 5265 1282 5331 medic
1304 5265 1368 5331 die·
1393 5294 1396 5327 ι
1421 5263 1541 5347 prolis,
1571 5267 1667 5332 simul
1691 5269 1788 5332 etium
1812 5272 1986 5351 rapiuntur
2014 5275 2048 5338 iu
2077 5274 2240 5341 diversam
2272 5283 2394 5358 partem
2518 5321 2519 5338 r

388 5371 463 5418 rum
480 5371 610 5419 sumum
629 5352 782 5436 relinquat
799 5353 884 5437 illas,
907 5357 936 5418 ct
957 5353 991 5417 ιἰι
1014 5352 1098 5416 scitu
1116 5371 1171 5417 suo
1188 5352 1247 5416 erit
1264 5349 1367 5416 sibili.
1393 5334 1396 5402 l
1421 5371 1481 5414 sua
1504 5349 1650 5416 libidine:
1675 5363 1707 5417 et
1730 5353 1806 5418 dum
1831 5355 1990 5442 colligunt
2005 5381 2077 5439 ova,
2101 5383 2171 5427 mas
2188 5357 2394 5445 perlucidior
2518 5411 2519 5424 r

1476 5577 1506 5634 b
