5134 6124
347 410 409 476 ιιι
1149 405 1535 496 Pnnnuaomouns
2282 403 2343 470 reo

344 596 506 663 homines.
550 595 635 662 Nam
669 596 746 679 qaia
777 595 832 662 hie
864 594 942 660 ordo
975 593 1067 661 nobis
1101 603 1177 660 ante
1210 594 1319 660 oeulos
1371 592 1519 660 attollere
1540 592 1657 677 oapita,
1680 612 1786 674 neque
1808 590 1906 658 etiem
1929 591 2070 674 possint:
2093 591 2202 656 inedia
2219 591 2344 659 soilieet

346 682 473 766 positus
496 689 556 760 est,
585 681 656 746 fieri
678 701 745 746 non
767 689 875 764 potest
897 679 1023 764 quoties
1044 680 1217 760 esurimus,
1240 682 1317 764 quin
1370 699 1408 746 ao
1422 679 1509 744 fame
1526 677 1640 765 attriti.
1663 675 1824 744 Videmus
1840 696 1918 760 ergo
1936 675 2014 760 qaid
2033 674 2207 760 intelligat,
2224 699 2342 760 nempe

346 767 433 834 oeuli
457 768 559 832 nostri
582 766 622 832 ad
653 767 798 833 tritioum
831 778 864 832 st
896 785 1015 849 panem
1048 786 1083 830 se
1116 774 1319 831 eonvertant.
1371 773 1498 830 tantam
1520 763 1588 828 fore
1607 763 1788 846 penuriam,
1811 770 1849 827 ut
1866 761 2015 827 homines
2037 763 2192 844 prostrati
2215 762 2343 828 denum·

348 851 451 935 Atqui
474 873 538 918 non
562 851 708 919 nasoitur
729 850 873 917 tritioum
889 851 951 916 nisi
967 871 1010 916 ex
1025 858 1131 916 terrae
1153 849 1318 916 foeeundi·
1370 848 1456 926 bant,
1477 859 1509 913 et
1528 846 1764 931 quodammodo
1785 855 1945 930 quaerant
1963 846 2025 914 sibi
2044 849 2208 915 tenebras:
2233 867 2343 931 qnem-

348 944 432 1003 tate:
469 944 559 1002 terra
594 945 703 1002 autem
744 957 809 1002 non
846 945 952 1020 potest
992 956 1033 1002 ax
1070 956 1104 1002 se
1141 935 1318 1019 quidquam
1371 934 1545 1002 admodum
1568 933 1639 999 fieri
1662 933 1753 1008 solet,
1784 932 1840 998 ubi
1862 932 1967 999 luosm
1996 931 2166 1018 fugitando
2188 933 2285 1018 proni
2307 935 2341 999 in

347 1042 492 1174 gignere,
525 1021 590 1086 nisi
620 1041 751 1089 sunoum
786 1028 819 1086 et
849 1021 997 1105 vigorem
1025 1043 1044 1087 a
1076 1021 1165 1094 eoelo
1198 1021 1317 1087 trahat.
1371 1027 1494 1086 terrum
1515 1019 1671 1084 iaoemus:
1698 1022 1857 1084 testamur
1879 1017 1965 1084 enim
1989 1026 2068 1084 tune
2090 1039 2149 1084 nos
2171 1020 2235 1085 frui
2257 1019 2342 1086 nolle

374 1109 404 1172 ie
437 1108 534 1173 etiam
569 1127 610 1172 ex
640 1106 775 1173 aduerso
809 1105 903 1187 dieit,
936 1104 1030 1171 Dabo
1063 1105 1159 1172 vobis
1192 1101 1319 1172 eoelum
1370 1105 1535 1172 eommuni
1556 1104 1639 1188 lues,
1666 1105 1744 1187 quia
1766 1102 1857 1170 nobis
1879 1101 1991 1168 odiosa
2013 1103 2065 1169 sit.
2111 1104 2156 1169 lit
2177 1105 2256 1172 hino
2277 1103 2341 1174 ola-

347 1211 496 1274 aeneam,
526 1196 560 1257 et
582 1202 702 1258 terram
730 1192 878 1258 ferream.
924 1189 1083 1256 Videmus
1114 1213 1149 1256 er
1173 1212 1192 1256 o
1219 1191 1319 1254 ratio·
1370 1190 1438 1256 rius
1461 1190 1576 1255 elisere
1597 1209 1771 1272 possumus
1793 1187 1878 1272 quod
1902 1187 1983 1270 dixi,
2011 1210 2129 1272 nempe
2151 1190 2342 1273 prophetam

348 1298 423 1343 nem
446 1275 544 1342 huius
568 1279 663 1356 roais,
692 1297 793 1361 quum
817 1275 1043 1342 Prodibitionea
1072 1212 1232 1359 propbeta
1261 1295 1319 1340 no·
1370 1275 1584 1342 vehementer
1616 1274 1739 1358 stylum
1772 1273 1937 1351 attollere,
1970 1295 2033 1357 quo
2066 1276 2171 1360 magis
2204 1275 2342 1344 Iudaeos

349 1363 454 1427 minat
476 1363 652 1429 sinnitatem
675 1361 765 1438 eseli,
797 1373 830 1427 et
856 1373 963 1426 terrae
991 1362 1215 1427 sterilitatem:
1244 1361 1320 1443 quia
1372 1361 1502 1439 affieiat,
1526 1359 1601 1425 dum
1620 1369 1801 1444 agnosount
1819 1379 1886 1424 non
1903 1359 1974 1425 fieri
1993 1360 2054 1426 hoa
2070 1361 2212 1426 natarali
2235 1361 2342 1446 aliqua

348 1457 436 1514 terra
464 1447 699 1530 quodammodo
721 1450 848 1516 viseera
869 1467 928 1514 sua
950 1445 1042 1513 nobis
1073 1448 1186 1530 aperit,
1220 1466 1319 1529 quum
1372 1445 1424 1512 vel
1447 1445 1612 1512 eommuni
1634 1465 1741 1524 eausa,
1764 1442 1848 1527 quod
1871 1453 1958 1508 terra
1977 1455 2044 1510 tam
2065 1447 2186 1512 sterilis
2204 1455 2264 1526 est,
2285 1447 2343 1514 sed

347 1531 588 1682 gigfnitdfiuges
610 1533 643 1597 in
656 1533 818 1683 'ubimulta
836 1541 964 1684 ueniret:
988 1532 1114 1684 ogetlium
1132 1533 1235 1633 etiam·
1250 1553 1320 1598 sese
1372 1550 1443 1680 :isse
1461 1532 1590 1682 silgiium
1610 1528 1862 1682 viiiiitaalilei.
1896 1530 2195 1681 P⁰⁸f⁰⁸.t³‘¹(ii¹¹⁰ssit³
2211 1529 2343 1682 glomer

371 1640 380 1681 r
409 1639 452 1682 an
477 1639 512 1696 1,
556 1637 632 1683 uum
655 1637 731 1682 :ne
790 1638 868 1686 uara
914 1639 947 1684 m
980 1637 999 1682 a
1072 1638 1161 1684 rram
1179 1638 1237 1682 urm
1262 1638 1319 1682 an·
1394 1637 1487 1682 eraso
1578 1635 1648 1682 osee
1719 1666 1726 1681 .
1817 1635 1847 1680 re
1880 1637 1921 1680 ex
1946 1637 2019 1680 rimi
2095 1639 2129 1682 es
2153 1637 2208 1682 era
2236 1639 2342 1697 onem,

348 1702 432 1767 dam.
479 1639 654 1770 Sioqetiam
679 1636 775 1770 Daui
791 1703 917 1771 eoelum
940 1711 973 1768 et
991 1712 1109 1769 terram
1128 1638 1266 1782 eohibeb
1288 1709 1321 1767 et
1372 1723 1448 1768 nam
1471 1701 1506 1766 in
1528 1701 1625 1768 rebus
1647 1700 1754 1766 dubiis
1783 1636 2194 1767 solemuspdeliberarepet
2215 1704 2342 1788 exangi-

349 1786 470 1852 oleudit
492 1787 725 1854 liberalitatem
748 1788 847 1867 illam,
877 1789 923 1854 ita
945 1797 981 1852 ut
1004 1788 1044 1853 ad
1068 1808 1128 1853 nos
1152 1808 1216 1853 non
1247 1809 1320 1871 per·
1373 1795 1441 1852 tare
1463 1786 1617 1852 remedia.
1657 1785 1720 1853 Ubi
1744 1793 1855 1852 autem
1878 1785 2086 1852 destituimur
2108 1787 2255 1868 oonsilio,
2285 1810 2344 1856 nea

348 1873 492 1938 veniant.
538 1873 634 1938 Nune
656 1873 810 1956 sequitur,
1372 1892 1446 1954 spes
1469 1870 1536 1936 ulla
1557 1871 1650 1938 nobis
1673 1880 1816 1956 apparet,
1848 1877 1927 1937 tuno
1955 1873 2198 1956 perrumpimus
2219 1875 2255 1938 in
2280 1873 2343 1940 ola·

1372 1979 1487 2023 mores.
1532 1956 1691 2022 Videmus
1721 1977 1799 2040 ergo
1827 1956 1888 2021 hue
1921 1957 1997 2040 poni
2025 1968 2178 2042 tanquam
2231 1959 2343 2025 'num

434 2043 463 2108 2.
488 2041 762 2126 tenerenturne,
785 2047 814 2108 et
829 2047 942 2124 portae
961 2045 1030 2110 eine
1052 2043 1229 2110 debilitatae
1250 2049 1322 2110 sant
1373 2046 1539 2109 extremae
1563 2041 1815 2125 desperationis:
1841 2041 1929 2124 qnod
1952 2043 2066 2110 sedicet
2087 2044 2203 2109 elamor
2246 2065 2343 2110 eroso·

348 2128 415 2215 (vel
438 2127 641 2214 dissipatae),
671 2127 853 2194 obtenebrati
875 2134 948 2194 sant
970 2130 1005 2194 in
1026 2134 1127 2196 terra:
1161 2128 1322 2213 (referunt
1373 2130 1474 2212 lpmae
1504 2128 1660 2194 asemdet:
1692 2129 1767 2210 quia
1801 2148 1863 2192 non
1899 2126 2066 2193 habebunt
2099 2129 2205 2195 looum
2235 2132 2341 2213 queri·

347 2213 479 2298 quidam
502 2212 542 2278 ad
565 2223 684 2298 portae,
711 2213 768 2279 sed
790 2214 876 2278 malo
898 2213 938 2279 ud
960 2215 1109 2282 homines
1132 2213 1266 2300 referre)
1295 2219 1323 2280 et
1373 2215 1506 2291 maniae,
1542 2221 1576 2278 ut
1597 2233 1692 2279 ouras
1718 2233 1795 2278 suas
1817 2221 1849 2277 et
1871 2212 1996 2279 dolores
2020 2213 2156 2296 quisque
2177 2214 2211 2279 in
2235 2217 2342 2280 sinum

348 2298 465 2367 elamor
487 2297 661 2364 Ienesatem
682 2298 837 2364 aseendit.-
1373 2298 1513 2382 proximi
1533 2297 1584 2362 sui
1602 2307 1765 2364 exoneret.
1799 2295 1864 2364 Sed
1883 2318 1997 2364 omnes
2015 2299 2194 2365 eiulabunt.
2224 2300 2343 2366 Postea

433 2385 464 2449 3.
486 2383 531 2448 Et
547 2403 691 2468 proceres
707 2403 814 2450 eoram
834 2383 908 2466 (hoo
925 2393 984 2464 est,
1001 2385 1057 2466 qui
1076 2383 1199 2467 pollent
1218 2384 1320 2468 digni·
1373 2384 1515 2462 subiioit,
1546 2379 1694 2450 Praeeree
1722 2403 1826 2448 eornm
1855 2383 1973 2448 :uident
1998 2385 2138 2466 plebeios
2167 2385 2209 2450 ad
2234 2406 2343 2468 aquas.

349 2470 427 2554 tate)
449 2470 602 2534 anteeant
622 2469 759 2534 minores
782 2467 933 2552 (honest,
956 2469 1104 2535 homines
1127 2468 1269 2551 plebeios
1289 2480 1323 2534 st
1355 2469 1508 2552 'Aliquid
1541 2469 1639 2532 etiam
1672 2468 1840 2534 insolitum
1874 2470 1980 2534 voluit
2016 2471 2176 2553 propheta
2212 2481 2342 2537 notare:

348 2552 584 2636 meroenarios)
614 2553 657 2618 ad
683 2573 802 2635 aquas:
830 2557 977 2618 veneant
1003 2553 1045 2619 ad
1074 2555 1233 2637 eiatenae,
1262 2575 1322 2620 non
1373 2554 1459 2636 quod
1482 2552 1605 2620 seilioet
1627 2553 1749 2638 magni,
1780 2554 1834 2637 qui
1864 2555 2038 2620 autoritate
2069 2555 2208 2636 praediti
2236 2567 2342 2639 erunt,

349 2641 530 2704 inuenerant
546 2657 656 2721 aquas,
678 2638 795 2703 reensi
811 2642 884 2702 sant
900 2657 968 2703 enm
985 2638 1073 2704 uasis
1089 2638 1238 2706 inanibus
1255 2639 1321 2724 (vel
1373 2638 1494 2722 vulgus
1516 2639 1693 2722 impellent,
1721 2647 1753 2704 et
1775 2652 1891 2722 nogent
1914 2639 1954 2704 ad
1978 2639 2193 2706 hauriendam
2216 2661 2343 2725 aquam.

349 2743 482 2791 reverse
511 2736 591 2788 sunt
618 2741 697 2789 vasa
724 2743 836 2787 eoram
867 2723 1001 2809 vanua),
1030 2725 1153 2804 eonsnai
1181 2731 1264 2808 sant,
1294 2730 1322 2791 et
1373 2723 1533 2790 Miserunt
1566 2744 1657 2806 ergo,
1691 2723 1816 2808 inquit,
1851 2744 1910 2806 pro
1944 2724 2080 2808 imperio
2114 2726 2251 2806 soilioet,
2287 2729 2343 2810 qui

351 2809 545 2886 nubserunt,
569 2813 597 2872 et
617 2813 803 2892 aperuerant
823 2812 917 2892 eaput
937 2829 1039 2876 suurn
1374 2819 1525 2894 poterant
1559 2809 1632 2875 aliis
1665 2809 1860 2893 praeripere,
1894 2811 2046 2876 miserant
2078 2831 2129 2876 eas
2157 2812 2200 2877 ad
2227 2832 2344 2894 aquae:

1373 2899 1535 2973 seaeant,
1568 2893 1693 2977 inquit,
1726 2895 1769 2960 ad
1800 2896 1953 2960 maternas
1986 2894 2057 2981 (per
2087 2907 2158 2964 nme
2191 2897 2344 2980 intelligit

436 2977 605 3061 Propheta
626 2977 679 3044 his
700 2979 811 3045 verbis
833 2979 1004 3062 signifieat,
1028 2979 1095 3044 fore
1118 2987 1242 3045 tantam
1265 3001 1321 3064 pe·
1373 2980 1478 3046 fossas
1508 2977 1748 3064 profundiores)
1779 2979 1841 3045 boe
1871 2991 1934 3060 est,
1967 2987 2113 3047 uerwrant
2142 2982 2182 3045 ad
2213 2993 2343 3064 puteos:

351 3065 492 3139 nariam,
526 3083 609 3146 quae
631 3064 674 3128 sit
697 3074 845 3146 apertum
876 3072 910 3129 et
939 3064 1065 3130 illustre
1095 3064 1226 3149 signum
1249 3065 1321 3129 vin·
1374 3063 1431 3130 alii
1452 3068 1587 3130 vertunt
1616 3065 1783 3130 oisternas.
1830 3061 1894 3131 Sed
1926 3064 2010 3150 quod
2039 3065 2079 3131 ad
2106 3087 2268 3132 summam
2297 3067 2344 3132 rei

352 3150 455 3216 diotae
471 3146 544 3215 Dei.
578 3148 663 3213 Nam
686 3148 714 3213 si
731 3149 861 3214 usitatis
882 3148 987 3214 modis
1010 3170 1068 3213 nos
1083 3149 1175 3214 Deus
1196 3151 1322 3233 puniat,
1375 3149 1525 3234 pertinet,
1555 3170 1622 3214 non
1645 3149 1779 3215 dubium
1809 3162 1859 3216 est
1887 3151 1966 3233 quin
1996 3152 2155 3234 propheta
2183 3153 2345 3237 signifieat

350 3235 546 3320 plerumque
578 3232 748 3300 referimus
782 3233 843 3299 hoe
877 3233 918 3298 ad
951 3234 1101 3299 fortuitos
1137 3255 1248 3301 ossus:
1290 3246 1322 3301 et
1374 3244 1532 3301 venturos
1554 3255 1624 3300 esse
1642 3233 1683 3299 ad
1702 3243 1818 3318 puteos
1839 3235 2119 3317 profundissimos.
2143 3239 2345 3321 quemadmo-

352 3320 498 3387 diabolus
529 3317 627 3384 etiam
658 3334 786 3400 semper
815 3327 952 3401 ooeupat
979 3327 1105 3384 mentes
1134 3327 1264 3384 nostras
1287 3321 1322 3384 in
1375 3320 1452 3385 dum
1475 3321 1545 3386 fieri
1575 3319 1657 3384 solet
1678 3319 1712 3384 in
1736 3341 1856 3405 magna
1882 3321 2035 3388 sieoitate.
2079 3323 2163 3388 Nam
2193 3333 2345 3390 areseunt

352 3406 459 3473 nausis
481 3402 700 3470 inferioribus.
745 3402 834 3487 Ergo
861 3403 1021 3487 propheta
1052 3402 1105 3470 hio
1134 3406 1323 3486 pronuntiat
1374 3404 1540 3471 interdum
1563 3403 1659 3470 multi
1689 3405 1803 3483 fontes,
1834 3406 1921 3488 putei
1950 3406 2048 3472 etiam
2070 3407 2105 3471 in
2128 3407 2258 3474 exoelso
2280 3408 2344 3486 siti,

352 3513 416 3557 non
439 3511 534 3574 posse
551 3508 621 3554 rem
639 3487 799 3554 insolitam
823 3487 961 3555 adseribi
984 3488 1187 3554 naturalibus
1209 3491 1324 3571 oensis,
1374 3490 1430 3556 sed
1459 3491 1493 3554 in
1516 3489 1658 3554 vallibus
1686 3500 1800 3555 manet
1827 3489 1950 3573 aliquid
1980 3490 2143 3558 humoris:
2178 3491 2250 3558 ideo
2278 3491 2345 3558 illio

352 3585 389 3643 ut
407 3575 546 3642 terrain
566 3581 690 3639 tantam
710 3575 880 3656 penariam
899 3572 1030 3655 ineidat,
1053 3575 1109 3640 sed
1129 3594 1199 3641 esse
1217 3585 1323 3640 extra·
1374 3575 1480 3642 solent
1510 3574 1637 3640 hauriri
1665 3594 1783 3657 aquae:
1814 3574 1930 3642 deinde
1959 3587 2036 3642 sunt
2066 3576 2166 3662 aliqui
2192 3577 2282 3660 putei
2303 3599 2344 3643 ex

352 3661 552 3726 ordinarium
583 3656 712 3742 aliquod
741 3656 897 3725 iudieium
919 3658 993 3726 Dei.
1037 3659 1130 3727 Haeo
1158 3661 1240 3726 ratio
1263 3670 1322 3738 est,
1374 3659 1490 3744 quibus
1513 3679 1597 3743 aqua
1620 3671 1776 3744 perpetuo
1798 3661 1951 3740 enaturit,
1982 3682 2088 3746 neque
2119 3683 2265 3746 unquam
2288 3683 2344 3728 ex·

352 3765 410 3812 our
432 3755 479 3811 tot
501 3744 616 3830 liguris
645 3751 765 3810 utatur.
809 3745 944 3810 Poterat
976 3744 1105 3828 quidem
1137 3766 1202 3811 uno
1224 3746 1323 3812 verbo
1374 3745 1528 3814 hauritur
1549 3743 1607 3810 illa
1630 3746 1787 3811 fertilitas.
1832 3746 1948 3812 Voluit
1976 3747 2078 3830 igitur
2106 3746 2266 3832 propheta
2287 3769 2344 3812 no·

352 3832 537 3912 exprimere
570 3829 797 3914 gravissimam
831 3831 899 3895 fore
927 3831 961 3895 in
989 3839 1077 3898 terra
1106 3831 1232 3896 famen:
1266 3832 1323 3896 sed
1375 3843 1445 3897 tare
1468 3829 1550 3896 tales
1572 3837 1698 3912 puteos.
1736 3829 1890 3896 Venerunt
1912 3852 1998 3916 ergo,
2021 3832 2137 3915 inquit,
2167 3833 2210 3898 ad
2225 3837 2344 3915 pamm,

352 3916 412 3981 vix
434 3916 630 3982 nentesimus
660 3916 797 3998 quisque
825 3914 941 3982 fuisset
970 3925 1078 3981 motus
1106 3916 1246 4000 simplici
1269 3917 1324 3981 illo
1376 3917 1493 4001 quibus
1526 3916 1684 4000 putabant
1716 3936 1810 3998 posse
1844 3917 1904 3983 sibi
1937 3937 2056 3999 squam
2092 3917 2344 3984 subministrari.

353 4019 511 4069 sermons.
556 4000 722 4083 Propheta
743 4001 855 4084 igitur,
884 4007 920 4066 ut
941 4001 1119 4150 surrigeret
1147 4012 1323 4085 stuporem,
1375 4001 1475 4081 Dieit,
1503 4001 1575 4067 Non
1597 4003 1778 4067 invenenat
1799 4021 1909 4086 aquas,
1937 4003 2055 4068 reuerai
2075 4008 2149 4069 sant
2169 4022 2238 4068 enm
2260 4003 2345 4070 noeis

353 4085 599 4152 vehementiore
623 4085 708 4170 stylo
732 4106 811 4151 usus
833 4091 899 4152 est:
929 4084 1002 4151 ideo
1046 4087 1116 4166 init,
1150 4085 1252 4152 Lanit
1274 4087 1324 4151 Ie·
1376 4087 1445 4153 sais
1467 4086 1623 4170 inanibus,
1653 4091 1711 4152 aut
1734 4088 1854 4152 vannis.
1900 4086 1996 4151 Nune
2018 4087 2233 4171 perspicimus
2263 4086 2346 4172 qaod

353 4171 469 4238 badad.
516 4169 712 4254 Quanquam
736 4170 776 4235 de
799 4172 908 4237 futuro
941 4179 1086 4253 tempore
1109 4170 1207 4237 verba
1235 4172 1323 4248 fauit,
1376 4172 1455 4249 dixi,
1485 4190 1602 4254 nempe
1632 4171 1826 4254 prophetam
1849 4171 1902 4238 hin
1925 4192 2102 4255 ooargasre
2124 4173 2268 4255 stuporis
2291 4173 2346 4239 Iu·

352 4277 442 4322 mors
457 4267 566 4321 tamen
582 4254 844 4335 suostaliorum,
861 4255 1072 4342 praeteritum
1088 4263 1217 4340 tempus
1233 4277 1325 4322 usur·
1377 4257 1483 4334 danos,
1514 4255 1596 4338 qaod
1620 4277 1686 4319 non
1708 4257 1853 4320 sentiant
1873 4255 1984 4323 Deum
2006 4257 2068 4322 sibi
2089 4277 2160 4324 esse
2183 4259 2346 4336 infestum,

353 4353 408 4425 pat
431 4339 637 4408 oertitudinis
660 4360 773 4407 eausa:
796 4343 959 4426 signifieat
980 4351 1091 4406 tamen
1114 4341 1237 4407 lustum
1256 4342 1324 4406 fure
1377 4340 1431 4406 ubi
1454 4349 1591 4404 naturae
1614 4339 1700 4418 ordo,
1731 4341 1785 4423 qui
1810 4353 1965 4424 perpetuo
1993 4343 2094 4408 fluere
2121 4343 2270 4427 debebat,
2300 4344 2346 4408 sio

352 4429 387 4493 in
411 4425 571 4492 Isbudah.
616 4426 745 4504 Postea,
768 4425 883 4493 Portae
904 4429 972 4493 eins
1007 4427 1122 4509 inquit,
1151 4425 1325 4492 debilitatae
1377 4427 1495 4492 definit.
1530 4423 1636 4509 Saepe
1658 4428 1852 4508 contingunt
1875 4427 2047 4508 siccitates,
2070 4449 2150 4511 quas
2173 4429 2206 4492 in
2230 4429 2346 4513 pleris-

352 4517 441 4593 snnt,
477 4510 528 4577 vel
563 4509 746 4593 dissipatae.
798 4475 1011 4597 Synsodoobe
1044 4521 1094 4578 est
1126 4512 1160 4575 in
1194 4513 1324 4576 nomine
1376 4533 1439 4595 que
1467 4511 1545 4578 loeis
1574 4511 1724 4592 sequitur
1754 4530 1913 4593 aquarum
1945 4513 2099 4578 defeatur.
2143 4513 2269 4579 Verum
2291 4513 2346 4578 ubi

352 4605 537 4683 portarum:
562 4595 658 4662 urbes
679 4597 766 4662 enim
789 4597 948 4681 designat.
994 4595 1060 4664 Sed
1083 4618 1181 4681 qaum
1206 4594 1325 4662 iudioia
1377 4597 1485 4663 nullus
1515 4605 1632 4680 puteus
1662 4616 1779 4679 aquam
1808 4600 1963 4680 suggerit,
1998 4596 2052 4663 nbi
2083 4600 2181 4664 etiam
2212 4601 2245 4664 in
2267 4600 2345 4665 loeis

352 4685 494 4751 solerent
515 4681 661 4748 exeroeri
683 4683 717 4746 in
736 4683 847 4765 portis,
871 4682 991 4748 stillio
1010 4694 1118 4749 essent
1142 4683 1324 4764 frequentes
1376 4682 1612 4748 humidissimis
1635 4703 1675 4745 ne
1696 4689 1790 4764 gutta
1812 4683 1942 4764 quidem
1966 4683 2138 4768 reperitur,
2160 4683 2237 4750 bino
2260 4684 2346 4749 oolli-

352 4769 524 4835 hominum
555 4775 752 4845 eonveutus,
786 4768 858 4833 ideo
887 4768 964 4833 dioit
993 4778 1103 4852 portas
1131 4767 1324 4853 redigendas
1376 4789 1453 4852 gere
1476 4776 1612 4852 oportet,
1646 4766 1754 4831 Deum
1788 4767 1995 4834 maledixisse
2027 4769 2155 4853 populo,
2189 4771 2244 4852 qui
2269 4791 2344 4834 nus·

352 4876 423 4923 esse
445 4855 479 4919 in
503 4851 727 4930 solitudinem,
760 4853 807 4918 ita
837 4858 874 4917 nt
895 4855 954 4919 vix
984 4855 1229 4938 unusquispiam
1259 4853 1325 4918 illio
1376 4876 1473 4938 quam
1507 4853 1624 4936 repetit
1656 4860 1786 4936 potum:
1821 4853 1912 4918 nulla
1944 4855 2030 4918 enim
2064 4855 2100 4918 in
2133 4865 2226 4939 parte
2255 4855 2346 4920 Deus

353 4943 517 5024 appareat.
563 4939 675 5004 Tertio
698 4937 865 5022 adiungit,
895 4937 1090 5006 obtenebrati
1110 4943 1182 5004 eant
1204 4937 1245 5005 ad
1267 4943 1323 5004 ter·
1377 4939 1543 5005 liberalius
1577 4938 1643 5022 egit
1675 4959 1748 5004 oum
1783 4940 1918 5022 mundo,
1953 4961 2048 5022 quam
2077 4941 2111 5004 in
2142 4947 2229 5023 potu.
2274 4939 2344 5004 Iam

353 5047 440 5108 rane,
468 5024 520 5090 vel
550 5025 659 5091 affecti
687 5029 767 5088 sunt
794 5044 950 5101 moerore,
978 5043 1037 5108 per
1059 5024 1325 5090 translationem:
1377 5047 1442 5092 non
1465 5026 1573 5110 agitur
1596 5023 1635 5089 de
1660 5025 1751 5090 vino:
1785 5024 1841 5089 sed
1865 5025 2014 5091 videmus
2038 5033 2073 5090 ut
2095 5025 2201 5091 fontes
2231 5037 2345 5108 sponte

352 5110 484 5195 propria
507 5117 616 5175 tamen
640 5110 721 5175 haee
743 5119 792 5174 est
816 5109 907 5175 verbi
929 5107 1136 5194 significatio,
1167 5109 1252 5193 quod
1278 5111 1324 5177 ab·
1377 5111 1498 5194 passim
1529 5111 1726 5176 sestariant:
1756 5109 1872 5175 deinde
1895 5121 1931 5175 ut
1953 5111 2043 5176 fluvii
2073 5110 2276 5192 perlustrent
2297 5131 2345 5176 re·

353 5195 501 5262 tenebrati
524 5201 638 5260 essent:
669 5194 763 5262 dioit:
795 5195 837 5260 ad
858 5200 990 5260 taram:
1023 5194 1115 5278 quasi
1138 5195 1259 5262 diaeret
1280 5197 1325 5262 sie
1377 5199 1498 5281 gisnes.
1545 5195 1596 5260 Ad
1620 5198 1699 5261 haee
1722 5195 1811 5278 putei
1840 5195 1999 5261 industria
2025 5197 2194 5261 hominum
2217 5195 2345 5262 fodiun-

353 5282 532 5366 proieotum
556 5280 597 5344 iri
621 5290 657 5347 at
679 5281 806 5348 iaoeaut
828 5281 861 5346 in
886 5279 1029 5364 pulvere,
1058 5300 1162 5361 neque
1184 5281 1325 5346 audeant
1350 5257 1353 5331 l
1377 5291 1445 5347 tar:
1470 5291 1546 5348 sunt
1569 5283 1666 5346 etiam
1690 5283 1848 5345 cisternae
1865 5280 1904 5344 'in
1928 5283 2046 5363 quibus
2069 5289 2254 5348 asservatur
2277 5281 2347 5364 plu-
