5158 6124
350 459 419 528 423
1161 454 1547 524 Paaaaaomoaas
1678 525 1682 532 ,
2287 461 2353 526 424

353 672 456 738 opera
483 649 640 717 adversas
661 646 782 723 Deam,
813 650 847 709 et
874 643 997 710 luerint
1025 641 1190 708 manifesti
1217 641 1326 708 hostes
1465 642 1516 708 15.
1539 641 1709 725 Propterea
1729 645 1776 710 sio
1796 643 1874 710 dicit
1891 643 2029 710 Ieioood
2045 647 2238 712 motuum
2256 667 2352 731 saper

355 759 423 806 non
445 743 575 800 tantam
598 734 740 816 pietatis,
760 728 818 797 sed
838 729 949 813 legum
968 727 1123 792 omnium.
1157 725 1325 806 Quantam
1378 727 1456 814 (vel,
1478 729 1518 794 ad
1549 728 1719 811 propbetas
1738 729 1831 808 istae,
1859 728 1939 794 Eoos
1955 749 2008 813 eoo
2028 730 2136 796 oibobo
2157 750 2210 797 eos
2230 735 2349 798 omori-

354 824 395 890 ad
429 822 530 888 verba
562 827 697 902 speetat,
731 817 809 881 diait
841 814 1056 913 eeureperiaaa
1085 813 1261 912 (atuimtem
1291 813 1327 877 ia
1377 814 1483 879 tudine
1527 824 1610 893 eat,
1624 833 1769 914 venenq,
1799 814 1856 878 alii
1877 825 2027 914 vertunt,
2055 815 2231 901 absynthia
2253 803 2348 894 mtbz

347 907 515 1073 attii
536 900 1093 1055 ,ittttrntttltttltl
1120 917 1327 1080 tritt?
1377 899 1441 1066 til
1457 898 2350 1068 111113111111101111111113111111ἰὲ1

353 1078 513 1144 salsitatis
530 1074 692 1159 adiungit,
718 1071 871 1154 Quoniam
891 1069 1007 1134 settim
1020 1066 1272 1150 propooaoernt
1292 1087 1328 1132 m
1377 1069 1528 1146 noxiam,
1562 1081 1594 1134 et
1617 1071 1831 1146 virulentam,
1864 1080 1899 1135 et
1920 1069 2152 1155 mortiferamlt
2185 1073 2350 1154 eponae

353 1162 452 1242 Boot,
476 1165 505 1226 et
526 1179 632 1228 errore
651 1157 780 1242 tornat
799 1154 956 1240 papalum
977 1152 1091 1220 Israel.
1136 1151 1174 1220 Si
1197 1162 1325 1216 tantam
1378 1174 1428 1220 eos
1449 1157 1542 1237 aquia
1562 1157 1679 1233 versem,
1708 1154 1778 1242 (alii
1799 1164 1944 1234 vertant,
1974 1155 2071 1222 fellis:
2106 1156 2251 1224 diximus
2272 1157 2350 1222 alibi

354 1249 498 1330 deipsis
526 1245 681 1329 loquutus
713 1250 799 1308 esset
821 1240 987 1317 Ieremias,
1019 1236 1107 1303 haud
1140 1237 1238 1303 dubie
1269 1258 1327 1303 ex·
1379 1239 1419 1306 de
1440 1239 1503 1306 hao
1533 1260 1611 1306 vaoe
1632 1240 1739 1326 atti),
1767 1241 1916 1322 quoniam
1944 1261 1965 1306 o
1989 1241 2151 1324 prophetia
2172 1242 2350 1308 Ierusalem

353 1340 545 1418 apparasset
571 1329 703 1395 illoram
731 1329 869 1392 arimen:
900 1323 958 1390 aad
979 1325 1057 1406 qnia
1078 1323 1212 1406 opponit
1240 1322 1328 1405 ipsos
1377 1345 1500 1408 messa
1522 1331 1566 1391 eet
1586 1327 1734 1407 impietas
1754 1327 1789 1392 ia
1810 1329 1904 1392 totam
1924 1331 2053 1392 terram

355 1416 582 1496 deterioribus,
610 1423 783 1480 oontentas
806 1422 856 1478 est
877 1409 1037 1475 fatuitatis
1059 1409 1205 1474 nomine:
1236 1408 1327 1490 quasi

355 1505 495 1579 diaerat,
528 1501 567 1567 Si
600 1501 674 1582 quis
706 1499 794 1581 ipsos
827 1516 973 1562 seorsum
1006 1494 1198 1572 oonsiderat,
1230 1501 1328 1557 arunt
1463 1495 1529 1562 Hie
1552 1515 1665 1561 versas
1686 1497 1817 1578 proprie
1839 1494 1991 1578 dirigiam
2012 1495 2048 1560 ia
2063 1494 2238 1578 prophotas
2256 1497 2350 1580 regni

354 1588 486 1671 quidem
516 1585 679 1667 seelerati‚
713 1589 747 1648 et
780 1603 845 1648 non
876 1588 1029 1664 poteraut
1060 1579 1139 1645 satis
1172 1578 1327 1643 atrooiter
1378 1579 1536 1664 Iehadah,
1557 1582 1654 1648 stanti
1676 1601 1717 1646 ex
1739 1583 1804 1646 fine
1826 1580 2007 1664 oolligitur:
2028 1591 2061 1646 et
2075 1581 2124 1646 ita
2138 1583 2350 1648 aonfirmatar

354 1674 481 1755 puniri:
515 1691 632 1737 veram
662 1669 689 1734 si
722 1669 757 1734 in
789 1665 1063 1749 eomparatiouem
1087 1665 1219 1731 veniant
1251 1684 1325 1729 eam
1379 1667 1552 1748 expositio,
1585 1687 1682 1749 qaam
1706 1677 1865 1749 sequutus
1886 1686 1976 1743 sam,
2009 1686 2128 1748 nempe
2149 1667 2236 1748 qaod
2259 1667 2350 1732 Deae

353 1757 523 1842 prophetis
555 1753 716 1834 Iahadah,
749 1762 846 1819 erant
877 1751 959 1816 latai
992 1748 1161 1827 duntaxat,
1190 1748 1243 1814 vel
1275 1749 1326 1812 in·
1379 1752 1505 1833 eulpam
1528 1751 1667 1816 aliorum
1688 1761 1853 1829 extenuet,
1876 1750 1952 1815 dam
1968 1750 2111 1832 loquitur
2125 1752 2166 1816 de
2182 1752 2350 1834 prophetia

354 1843 461 1926 sipidi.
507 1843 597 1924 Ergo
620 1841 666 1905 sio
687 1837 809 1904 resolvi
831 1836 927 1902 debet
948 1835 1071 1918 oapula,
1107 1836 1150 1899 Ira
1166 1833 1328 1916 propitatio
1379 1835 1611 1921 lerosolymae,
1643 1835 1699 1918 qni
1728 1836 1791 1902 sibi
1819 1836 2017 1919 arrogabant
2046 1836 2121 1918 plus
2155 1837 2349 1904 sauatitatia.

352 1930 478 2012 quidem
502 1927 671 1992 Samariae
689 1923 759 1990 violi
778 1922 972 2005 fatuitatem:
1001 1919 1096 1985 aliter
1118 1939 1196 1985 vero
1218 1921 1254 1984 iu
1275 1939 1326 1984 se·
1378 1922 1575 1986 Pronuntiat
1596 1931 1707 1986 antem
1729 1941 1892 1987 venenam
1922 1921 1988 1986 illis
2015 1921 2083 1986 fore
2113 1941 2173 2003 pra
2199 1921 2287 2002 aibo,
2316 1929 2351 1988 et

351 2014 468 2096 quenti
491 2012 646 2087 membro,
679 2009 733 2074 aed
762 2010 798 2074 ia
825 2005 989 2090 prophetia
1021 2005 1229 2088 Ieroaolymoe
1257 2004 1328 2070 eidi
1378 2005 1422 2070 fel
1449 2028 1506 2089 pro
1536 2017 1629 2090 potu:
1663 2007 1755 2089 quasi
1782 2006 1922 2086 ditaret,
1955 2007 2027 2090 Ego
2054 2008 2143 2090 ipsas
2172 2026 2350 2089 persequar

346 2099 554 2181 pravitatem:
592 2092 799 2160 adversative
834 2092 992 2175 legendus
1028 2101 1078 2156 est
1114 2089 1167 2154 hia
1203 2091 1326 2166 amaus,
1378 2092 1467 2156 amni
1489 2113 1609 2175 genere
1630 2112 1820 2174 poenarum.
1854 2091 1924 2156 Neo
1945 2089 2081 2156 dubium
2103 2101 2155 2158 est
2169 2093 2247 2174 quin
2263 2095 2363 2158 idem·

352 2185 444 2267 prior
477 2203 554 2248 vera
586 2202 645 2264 per
677 2177 929 2245 aanuessionem.
986 2177 1029 2242 Ia
1054 2175 1217 2258 propterte
1249 2195 1327 2257 erga
1378 2177 1543 2260 exprimat
1571 2176 1658 2260 qaod
1687 2197 1793 2259 nuper
1820 2174 1905 2254 dixi,
1938 2196 2057 2258 nempe
2090 2198 2238 2242 mensam
2269 2177 2352 2260 ipsis

353 2267 563 2350 Ierosoipmae
590 2266 659 2330 aidi
682 2264 882 2347 pravitatem.
926 2261 1094 2345 Sequitur,
1122 2260 1327 2326 Adulterium
1378 2262 1446 2327 tore
1467 2263 1503 2328 in
1525 2263 1687 2344 laqueum.
1722 2261 1859 2343 Semper
1881 2262 1969 2326 enim
1992 2262 2085 2346 impii
2102 2263 2293 2328 existimant
2314 2284 2352 2328 se

347 2357 521 2436 perpetrat,
542 2356 571 2416 et
593 2349 732 2416 amitttat
752 2350 788 2414 t'ra
807 2348 948 2431 (adama.
993 2348 1195 2428 Interpretes
1216 2345 1326 2410 existi·
1376 2347 1460 2413 elabi
1481 2368 1576 2430 paese
1597 2347 1665 2413 sais
1687 2348 1821 2413 artibus.
1861 2346 1953 2412 Deos
1974 2366 2016 2412 ex
2038 2347 2186 2430 opposita
2206 2368 2351 2430 pronau-

352 2448 445 2502 mant
468 2457 538 2504 esee
561 2435 778 2501 mutationem
801 2433 940 2499 numeri.
985 2430 1052 2499 Sed
1081 2431 1157 2513 qnid
1187 2431 1213 2494 si
1243 2431 1324 2494 rele-
1378 2434 1446 2514 tiat‚
1469 2433 1618 2515 quamvis
1641 2441 1755 2514 parata
1774 2433 1818 2498 sit
1839 2432 1919 2514 ipsis
1941 2451 2071 2511 mensa,
2101 2431 2183 2498 nibil
2211 2432 2279 2499 illio
2301 2453 2351 2498 re·

353 2536 471 2588 rantur
492 2521 576 2588 istae
597 2520 681 2584 dnae
703 2539 800 2584 voees
822 2517 861 2581 ad
885 2515 1063 2600 papalum?
1092 2516 1181 2598 quasi
1204 2514 1326 2580 diaes-et
1377 2518 1627 2599 parturus,.nisi
1650 2538 1812 2583 venenam
1835 2531 1903 2582 tam
1926 2517 1962 2580 in
1982 2515 2063 2595 uibo,
2086 2538 2183 2599 qaam
2206 2517 2242 2582 in
2261 2526 2350 2598 patu.

353 2606 521 2683 Ieremias,
551 2604 588 2672 Si
612 2605 684 2687 qais
706 2603 750 2668 sit
779 2601 917 2678 adulter,
950 2604 979 2667 si
1009 2601 1081 2684 qais
1108 2598 1326 2664 ambulaverit
1377 2602 1462 2667 Nam
1495 2603 1592 2670 sioati
1625 2602 1702 2668 filiis
1734 2603 1796 2669 Dei
1830 2613 1864 2666 et
1896 2601 2033 2668 sinaeris
2068 2603 2138 2667 aias
2170 2601 2350 2669 aultoribas

351 2693 387 2756 tn
410 2691 549 2769 lallaoia,
570 2691 634 2756 hoa
655 2697 713 2764 est,
743 2688 772 2753 si
800 2687 874 2771 qais
902 2688 945 2752 sit
973 2685 1212 2762 fraudulentas,
1241 2683 1327 2749 robo-
1377 2689 1463 2752 mala
1490 2688 1526 2752 in
1556 2688 1693 2753 salutem
1726 2697 1915 2763 vertantur,
1947 2689 1994 2753 sio
2021 2688 2120 2752 etiam
2152 2688 2278 2770 impiis,
2312 2709 2350 2754 ao

351 2781 427 2843 rom
447 2796 563 2842 mortae
583 2773 805 2858 improborum.
851 2773 896 2836 Et
918 2783 1005 2839 uerte
1026 2790 1142 2837 sensas
1166 2769 1220 2834 hio
1236 2769 1326 2834 vide·
1378 2771 1543 2838 saeloratis
1573 2772 1643 2837 aiae
1674 2770 1951 2854 aautemptoribae
1982 2792 2115 2839 neeesse
2154 2785 2204 2839 ast
2240 2772 2350 2838 amnia

352 2871 407 2928 tur
429 2881 500 2928 esse
521 2861 650 2926 reatiar.
690 2857 844 2924 Ostendit
865 2857 968 2942 igitar
985 2855 1141 2922 Ieremias
1162 2854 1327 2937 quomodo
1378 2855 1490 2922 aedera
1512 2858 1548 2922 in
1571 2858 1762 2939 pernioiem,
1796 2858 1904 2923 eibum
1927 2857 2069 2937 soilioet,
2102 2866 2133 2921 et
2155 2866 2283 2939 potam,
2316 2867 2350 2922 et

351 2956 508 3028 saperent
530 2946 700 3029 impietate
723 2944 803 3008 alias
825 2942 1009 3026 prophetae,
1031 2961 1148 3024 nempe
1169 2939 1325 3022 quoniam
1379 2942 1475 3020 viam,
1496 2953 1529 3008 et
1551 2942 1706 3024 quidquid
1737 2943 1803 3007 tale
1832 2953 1891 3009 est.
1937 2940 2095 3024 Sequitur
2123 2963 2239 3021 eausa,
2268 2943 2350 3024 qaod

351 3030 408 3096 abi
426 3031 540 3096 rident
557 3031 702 3114 grassari
717 3028 759 3093 ab
778 3050 844 3093 aaa
862 3038 953 3111 parte
971 3026 1140 3109 adulteria,
1162 3025 1203 3090 ab
1222 3025 1325 3090 altera
1376 3029 1491 3094 eoilioet
1512 3047 1639 3111 opressa
1659 3028 1702 3092 tit
1722 3029 1867 3109 impietas
1896 3028 1932 3092 ira
1959 3033 2056 3094 totam
2083 3031 2199 3093 terram
2227 3049 2249 3094 a
2272 3047 2349 3110 pro·

352 3125 463 3179 autem
496 3115 646 3191 fraudes,
681 3113 814 3195 rapinas
846 3123 880 3178 et
911 3113 1069 3195 periuria,
1101 3110 1324 3176 dissimulant:
1371 3112 1476 3193 plaetie
1497 3112 1688 3180 Immolem:
1720 3113 1837 3196 quibas
1859 3113 1968 3178 verbis
1990 3113 2078 3190 diait,
2108 3114 2196 3196 ipsos
2217 3127 2349 3180 autores

350 3219 460 3282 neque
478 3199 514 3264 id
537 3209 676 3272 tantam,
702 3195 760 3262 sed
782 3199 964 3281 susoipinnt
984 3196 1202 3280 patrooiniam
1224 3195 1324 3261 saele-
1376 3218 1447 3264 esse
1467 3201 1612 3264 omnium
1634 3197 1812 3278 maloram,
1844 3199 1891 3262 ita
1913 3213 1949 3262 at
1970 3218 2048 3280 prae
2069 3199 2150 3281 ipsis
2173 3197 2350 3280 prophetae

352 3295 511 3366 ratarum,
533 3292 567 3348 et
588 3283 742 3348 roborant
760 3301 879 3347 manns
896 3280 1129 3364 improbarum,
1151 3291 1184 3346 et
1201 3279 1326 3346 addunt
1379 3281 1546 3349 Samariae
1569 3285 1694 3366 possint
1715 3283 1840 3350 denseri
1862 3282 1969 3364 aliqua
1991 3304 2033 3347 ex
2050 3295 2143 3366 parte
2159 3283 2246 3349 insti.
2279 3283 2348 3350 Neo

352 3367 523 3435 aadaaiam
545 3387 700 3450 perverso
726 3366 838 3432 furori.
882 3366 967 3431 Nam
991 3373 1027 3431 ut
1049 3370 1156 3430 matus
1178 3364 1325 3430 debilitat
1377 3388 1456 3433 vero
1477 3369 1615 3434 dublum
1645 3379 1694 3433 est
1723 3369 1801 3452 quin
1830 3367 1956 3432 duriter
1983 3379 2113 3450 aaaepta
2141 3368 2239 3434 faerit
2268 3367 2350 3433 haee

352 3473 481 3535 manas,
502 3453 551 3519 ita
573 3455 673 3518 etiam
697 3451 903 3518 vareonndia.
947 3450 1058 3532 Quam
1075 3470 1152 3534 ergo
1174 3449 1227 3515 isti
1251 3469 1324 3530 pro·
1376 3451 1532 3520 dost-rina.
1564 3452 1630 3520 Sed
1653 3453 1802 3520 videmus
1822 3473 1887 3534 qua
1901 3453 2093 3518 nenessitate
2107 3453 2206 3518 fuerit
2220 3463 2350 3522 coaetus

351 3539 471 3623 phetae
493 3551 560 3606 tam
582 3537 706 3620 pudore
723 3557 822 3619 qaam
845 3546 933 3602 metu
957 3535 1133 3602 tolerarent
1154 3534 1270 3616 impios
1292 3544 1325 3598 et
1376 3537 1532 3603 Ieremias
1553 3539 1601 3604 sie
1622 3539 1727 3622 loqui:
1750 3557 1869 3620 nempe
1891 3539 2043 3620 quoniam
2067 3537 2174 3604 adbaa
2195 3537 2349 3602 manebat

351 3625 535 3704 seeleratoa,
564 3621 750 3690 roborabant
773 3623 916 3705 ipsoram
942 3642 1063 3704 moue,
1089 3620 1152 3686 hoa
1179 3629 1238 3697 est,
1268 3618 1324 3682 da·
1379 3621 1511 3687 laoerna
1525 3623 1589 3687 Dei
1603 3623 1832 3708 lerosolymae,
1852 3623 1949 3690 sioati
1964 3621 2113 3705 pluribus
2128 3623 2205 3688 loeis
2221 3624 2349 3706 dieitur,

352 3711 433 3775 bant
454 3711 532 3792 ipsis
554 3709 628 3792 plus
650 3707 798 3788 fiduoiae,
831 3719 870 3773 ut
901 3730 936 3775 se
969 3706 1105 3773 liberine
1137 3715 1170 3770 et
1201 3705 1325 3770 maiore
1377 3726 1439 3772 neo
1470 3728 1604 3790 prorsus
1637 3711 1800 3775 exstinota
1831 3718 1902 3774 erat
1933 3707 1992 3772 lux
2025 3727 2125 3773 sanae
2163 3705 2349 3774 doetrinae:

350 3794 485 3860 liuentia
506 3794 704 3878 proiiaerant
731 3792 773 3858 ad
795 3813 891 3858 omne
914 3793 1046 3858 malam.
1093 3791 1143 3857 Ne
1170 3795 1325 3856 revertan-
1377 3791 1612 3875 profitebantur
1634 3813 1669 3858 se
1690 3809 1833 3876 perstare
1855 3794 1890 3858 in
1909 3791 2095 3859 obedienda
2109 3793 2200 3876 legia,
2222 3793 2351 3858 interea

350 3883 403 3948 tur
424 3879 557 3962 quiaque
578 3900 600 3944 a
615 3878 741 3945 melitite
766 3897 836 3958 aaa,
865 3879 979 3960 iuquit.
1024 3877 1097 3942 Hoa
1118 3875 1160 3941 ad
1182 3875 1325 3958 expliaa·
1377 3887 1472 3942 erant
1493 3877 1566 3944 aliis
1585 3877 1687 3944 multo
1709 3880 1846 3962 peiores,
1868 3878 2021 3961 quoniam
2042 3877 2168 3942 soilioet
2190 3899 2255 3944 non
2278 3890 2351 3944 tan-

350 3965 475 4031 tionem
499 3964 646 4030 additum
669 3975 728 4030 est.
772 3963 858 4028 Nam
887 3964 973 4029 siout
995 3961 1071 4040 dixi,
1095 3961 1148 4027 vel
1169 3960 1235 4026 Dei
1257 3981 1324 4026 me·
1377 3974 1446 4028 tum
1469 3974 1642 4045 corruptas
1664 3973 1736 4031 erat
1757 3964 1820 4028 Dei
1842 3964 1950 4028 oultns
1971 3961 2006 4025 in
2033 3963 2170 4045 templo,
2201 3973 2235 4028 et
2257 3963 2349 4040 urbe,

351 4061 417 4128 tas,
440 4050 494 4116 vel
516 4048 687 4114 homiuum
712 4048 908 4116 serenandis
925 4047 1049 4131 frangit
1063 4047 1209 4128 ipsarum
1227 4045 1325 4111 auda·
1376 4047 1433 4113 aed
1456 4049 1575 4132 passim
1598 4049 1781 4132 regnabant
1801 4048 1971 4124 adulteria,
1994 4047 2133 4127 fraudes,
2160 4049 2294 4130 rapinae
2316 4057 2351 4113 et

350 4135 453 4202 aiam:
475 4135 532 4200 abi
552 4147 660 4202 autem
679 4135 924 4211 oonfirmantar,
947 4140 1026 4198 tana
1043 4140 1270 4213 perrumpunt,
1292 4143 1325 4196 et
1377 4133 1441 4198 alia
1462 4155 1584 4218 genera
1605 4135 1772 4200 saelorum.
1817 4131 1930 4214 Addit,

350 4241 423 4286 sese
444 4219 608 4286 obdurant
630 4216 671 4284 ad
693 4217 952 4286 obstinationem.
998 4214 1049 4282 Ne
1071 4237 1148 4300 ergo
1169 4221 1326 4280 revertan-

349 4310 404 4372 tur
425 4306 558 4387 quiaque
579 4326 601 4372 a
621 4304 749 4370 molitio
775 4324 843 4369 etto.
887 4302 1034 4368 Tandem
1057 4300 1197 4379 subiioit,
1220 4299 1327 4365 Ertmt
1464 4303 1514 4368 16.
1547 4302 1600 4368 Sia
1621 4304 1697 4368 dioit
1719 4302 1859 4368 Iehooala
1888 4303 2093 4381 eaerfflaam,
2128 4302 2179 4369 Ne
2207 4304 2350 4370 audiatis

350 4389 431 4456 mitt
452 4409 557 4456 manee
578 4397 728 4470 toaqoom
747 4388 894 4472 Sodoma,
916 4394 945 4454 et
964 4388 1149 4454 intonare
1170 4387 1238 4452 mus
1258 4390 1325 4450 tart-
1376 4389 1465 4454 oerbo
1482 4387 1724 4470 prophetarum,
1755 4390 1812 4470 qai
1828 4388 2018 4470 prophetant
2037 4387 2138 4454 vobis:
2171 4407 2350 4455 evanescere

351 4495 450 4559 quom
473 4473 658 4541 Gomorrha.
702 4473 864 4540 Videmus
893 4474 1047 4555 restringi
1077 4469 1163 4537 hana
1192 4479 1324 4535 senten·
1373 4473 1495 4555 fociant
1514 4473 1580 4552 ipsi
1600 4493 1671 4553 aaa,
1698 4474 1849 4540 oieiooem
1869 4474 1972 4538 cordia
1996 4473 2050 4538 sui
2078 4473 2261 4554 loquuntur,
2288 4491 2351 4538 aaa

351 4561 434 4626 Sam
456 4560 498 4626 ad
521 4562 609 4627 aives
632 4559 863 4643 lerosolymae.
907 4558 998 4624 Dioit
1028 4577 1106 4640 erga
1130 4555 1220 4619 Deae
1251 4575 1323 4636 pro·
1375 4578 1413 4623 ee
1433 4579 1485 4624 ore
1507 4555 1645 4624 Ielsoooe.

317 4656 322 4666 '
351 4647 470 4731 phetas
490 4645 564 4710 illua
587 4643 711 4711 similes
733 4645 802 4709 lore
825 4642 1013 4720 Sodomitis,
1037 4655 1070 4706 at
1091 4641 1179 4708 aives
1202 4640 1325 4706 leroso-

351 4733 464 4818 lymae
495 4731 564 4796 iore
596 4729 717 4796 similes
748 4728 873 4795 oivIbus
895 4726 1109 4794 Gomorrhae.
1153 4725 1227 4790 Hoa
1259 4745 1323 4790 uon
1461 4728 1554 4794 Haeo
1575 4727 1675 4792 etiam
1697 4727 1844 4794 daotrina
1866 4729 1973 4811 potuit
1993 4726 2099 4792 videri
2126 4728 2287 4810 asperior,
2316 4735 2351 4792 et

352 4817 451 4884 debet
472 4827 600 4882 tantam
624 4813 664 4880 de
686 4814 862 4880 soeleribos
883 4813 1035 4897 intelligi,
1056 4811 1113 4877 sed
1136 4810 1176 4876 de
1205 4830 1323 4893 poena:
1376 4815 1511 4896 gravim
1546 4812 1709 4878 offendere
1743 4812 1869 4879 animos
1909 4811 2036 4897 papali,
2079 4833 2181 4894 qaum
2222 4819 2351 4877 vetaret

353 4904 448 4985 qnasi
483 4902 620 4984 diaeret,
653 4919 719 4964 non
753 4899 826 4981 plus
862 4902 1058 4981 sperandam
1096 4918 1166 4962 essa
1200 4896 1325 4978 veniae,
1376 4897 1532 4964 Ieremias
1554 4896 1667 4962 audire
1689 4897 1870 4963 doetrinam
1900 4897 2145 4981 prophetarum.
2190 4896 2351 4963 Oonaedit

352 5007 451 5070 qaam
475 4986 662 5063 Sodomitis,
685 4985 840 5066 qnoniam
861 4984 902 5049 ad
920 4993 1103 5048 extremam
1126 5001 1228 5064 usque
1249 5000 1324 5062 pro·
1377 4983 1463 5047 enim
1487 4982 1553 5047 illle
1574 4983 1797 5064 propheticam
1822 5004 1956 5060 nomen,
1989 4981 2074 5065 qaod
2102 5003 2233 5048 eaerum
2265 4993 2349 5048 arat:

353 5074 544 5139 sanaverint
565 5072 649 5137 iram
672 5069 745 5150 Dei,
771 5079 809 5134 ut
830 5070 896 5134 iam
918 5068 983 5134 illis
1012 5087 1145 5150 pareere
1174 5075 1325 5149 nequeat.
1376 5069 1501 5134 interea
1524 5076 1632 5134 autam
1655 5068 1798 5134 detrahit
1820 5068 1883 5134 illie
1905 5068 2022 5148 fidem,
2051 5078 2084 5132 et
2110 5065 2239 5132 abdioat
2259 5069 2350 5132 omni

353 5158 453 5225 Naue
474 5159 631 5241 sequitur,
1377 5151 1546 5235 dignitate.
1577 5152 1652 5218 Non
1675 5153 1819 5236 loquitur
1840 5153 1880 5218 de
1903 5155 2016 5238 magis,
2040 5153 2091 5218 vel
2109 5154 2350 5235 impostoribus,

1378 5239 1432 5319 qui
1461 5237 1562 5303 alieni
1590 5250 1698 5304 essent
1726 5260 1746 5303 a
1773 5238 1892 5320 populo
1919 5237 2000 5304 Dei:
2034 5261 2098 5304 naa
2132 5237 2277 5320 loquitur
2309 5237 2351 5304 de

1378 5325 1552 5408 Aegyptiis
1574 5324 1627 5391 vel
1641 5323 1826 5403 Chaldaeis,
1848 5322 1900 5389 vel
1921 5323 2099 5390 similibus:
2124 5343 2190 5388 uon
2207 5324 2351 5406 loquitar
