5134 6124
338 443 402 510 335
1152 435 1540 505 PRAELEOI'IONES
2285 435 2350 500 336

340 632 441 698 ctiam
461 629 572 713 aliqua
594 626 854 705 existimatione,
883 633 918 691 ct
945 625 1054 709 aliqua
1081 627 1189 710 specie
1212 627 1317 694 virtu·
1372 637 1466 710 porta
1488 627 1570 694 boec
1591 627 1654 692 init
1682 625 1847 710 superior,
1880 646 1996 693 versus
2026 623 2185 692 orientem
2216 621 2348 689 scilicet.

338 727 422 784 tum.
468 714 628 780 Videmus
650 723 761 778 antem
784 710 944 796 quomodo
966 731 1042 777 eum
1065 711 1215 778 diabolus
1231 713 1318 778 abri·
1371 711 1461 778 Dioit
1478 717 1604 794 puteos
1626 711 1717 780 illam
1738 717 1891 794 specum
1914 712 1949 778 in
1971 712 2079 778 oedem
2101 709 2240 792 Isboooe,
2272 729 2350 794 qno-

340 804 419 888 piot.
455 801 548 868 Haec
570 799 721 882 exempla
743 798 919 882 diligenter
939 798 1127 880 expendere
1149 799 1318 865 convenit:
1371 797 1461 862 niam
1485 803 1615 882 practer
1636 799 1757 864 atrium
1780 807 1877 864 erunt
1905 798 1942 864 in
1971 805 2041 864 toto
2067 797 2207 863 circuitu
2234 795 2348 879 templi

341 890 418 973 quia
438 887 603 971 contingit
624 884 790 951 interdum
813 893 850 948 ut
870 885 905 947 in
928 883 1064 950 ecclesia
1078 883 1142 950 Dei
1165 885 1317 950 exorisn·
1371 883 1476 950 multa
1514 883 1647 949 atriola:
1695 883 1972 967 quemadmodum
2010 881 2092 950 satis
2135 891 2248 948 notum
2287 889 2346 948 cst.

341 983 397 1041 tur
418 995 451 1039 m
496 974 530 1037 ni
553 971 734 1038 tumultus:
767 978 801 1034 et
821 969 877 1052 qni
901 968 1020 1035 debent
1043 990 1114 1036 asse
1136 970 1317 1036 moderato·
1372 968 1542 1054 Sequitur,

343 1081 415 1142 ros,
447 1058 497 1124 ili
518 1058 668 1124 ferantur
689 1076 801 1134 casco,
836 1063 868 1120 et
901 1057 994 1137 quasi
1027 1056 1153 1122 rabioso
1181 1057 1317 1139 impetu.

340 1145 519 1214 Possumus
541 1153 620 1209 tunc
642 1143 814 1220 labascerc,
837 1150 871 1206 et
891 1161 1024 1224 prorsus
1047 1143 1147 1207 etism
1169 1139 1318 1208 concide·
1457 1141 1487 1206 3.
1517 1140 1562 1208 Et
1582 1143 1697 1208 ooeidr't
1712 1142 1868 1225 presidis
1889 1141 1956 1228 (die
1978 1140 2134 1222 crastino)
2158 1143 2192 1203 at
2212 1138 2349 1205 edaceet

342 1241 396 1298 ret
422 1231 504 1297 fides
534 1240 663 1296 nostra:
697 1229 759 1294 nisi
789 1235 1019 1294 succurrerent
1047 1227 1129 1292 hacc
1157 1227 1318 1308 exempla,
1373 1225 1522 1294 Pboeaur
1550 1227 1721 1294 reanum
1750 1250 1766 1294 e
1793 1249 1929 1296 carcere:
1960 1233 1990 1294 et
2021 1227 2103 1294 dicit
2134 1223 2348 1306 ciIeremt'us,

341 1337 426 1401 quoe
448 1317 675 1383 demonstrant
696 1313 776 1379 olim
797 1315 896 1380 etism
919 1321 1063 1378 tenmtoe
1080 1313 1179 1380 luisse
1194 1312 1319 1391 fideles,
1373 1312 1448 1378 Non
1469 1313 1615 1380 Placatur
1635 1315 1754 1380 vomuit
1774 1313 1913 1382 chooolr
1934 1335 2043 1384 nomm
2059 1317 2156 1394 ἰιιιιιιι,
2178 1311 2234 1378 esd
2243 1311 2350 1394 polius

341 1414 376 1470 st
397 1403 608 1470 exercitatam
631 1400 732 1466 luisse
753 1420 866 1466 eorum
897 1398 994 1464 fidem
1025 1397 1183 1466 eiusmodi
1214 1408 1318 1464 certa-
1372 1404 1521 1466 ἰοννονειιι
1543 1399 1688 1482 auduus.

341 1489 496 1556 minibus.
540 1486 611 1554 Noc
633 1505 873 1569 supervacuum
896 1491 947 1549 cst
969 1485 1055 1568 quod
1077 1483 1213 1562 dicitur,
1244 1484 1318 1551 Per·

342 1575 439 1642 casui
467 1572 614 1640 Phossar
641 1573 812 1638 Ieremiom
834 1570 1029 1653 prophetam.
1074 1569 1112 1637 Si
1141 1571 1321 1654 quemlibet
1457 1570 1533 1635 Non
1556 1570 1692 1637 dubium
1714 1577 1765 1638 est
1786 1573 1864 1656 quin
1887 1573 2037 1639 Pbsssnr
2059 1569 2141 1635 alios
2162 1589 2204 1634 ex
2232 1567 2347 1633 ordine

342 1660 483 1744 evulgo
504 1659 738 1741 percussisset,
772 1656 886 1723 luisset
914 1657 976 1722 hoc
1005 1659 1109 1742 magis
1140 1657 1318 1734 tolerabile,
1372 1654 1565 1722 sacerdotali
1599 1659 1781 1738 vocaverit,
1815 1659 1869 1741 qui
1903 1658 2124 1742 disquirerent
2156 1653 2271 1720 melius
2307 1652 2347 1719 de

343 1765 530 1829 quanquam
553 1764 685 1827 semper
705 1741 877 1826 indignum
908 1743 1070 1827 gravitate
1098 1743 1207 1809 officii.
1252 1742 1320 1810 Sed
1373 1762 1480 1808 causa.
1525 1741 1605 1808 Fuit
1627 1743 1731 1827 igitur
1751 1746 1918 1827 speciosus
1939 1744 1995 1810 hio
2023 1741 2130 1809 oolor:
2161 1740 2252 1823 qussi
2280 1759 2348 1805 non

342 1831 400 1898 ubi
422 1831 469 1897 ita
490 1829 657 1898 insolescit
679 1829 838 1896 adversus
860 1827 924 1894 Dei
945 1849 1094 1909 servum,
1121 1841 1155 1894 et
1178 1832 1233 1912 qui
1255 1830 1322 1912 pri·
1373 1827 1474 1894 vellet
1496 1835 1619 1894 tamma
1641 1848 1702 1894 neo
1730 1829 1853 1897 indicto
1883 1849 1982 1898 causa
2010 1828 2168 1893 damnare
2197 1835 2348 1891 sanctum

342 1916 395 1982 die
416 1915 544 1983 obierat
565 1915 792 2000 propheticum
815 1935 944 1992 munus,
973 1914 1034 1982 boo
1056 1915 1165 1981 minus
1188 1935 1323 1981 excusa·
1372 1914 1577 1999 prophetam
1622 1912 1689 1980 Sed
1721 1914 1863 1983 brevitor
1892 1927 2022 1982 tantum
2053 1923 2166 1978 narrat
2193 1910 2349 1976 Ieremias

343 2002 411 2069 bile
439 2011 500 2070 est.
550 2002 640 2086 Ilrgo
668 2001 749 2068 haec
778 2000 876 2066 etiam
904 2001 1151 2068 circumstantia
1178 2000 1322 2067 notanda
1372 2023 1407 2066 se
1435 2001 1534 2066 luisse
1562 2001 1716 2066 eductum
1745 2023 1788 2068 ex
1820 2023 1959 2070 carcerc.
2003 2001 2137 2066 Interea
2168 1996 2351 2080 colligimus

344 2099 408 2166 est,
443 2086 529 2172 qnod
557 2108 656 2154 ausus
684 2086 783 2152 luerit
810 2086 961 2153 sueardus
986 2086 1041 2152 ille
1063 2095 1234 2170 percutere
1256 2087 1320 2152 Dei
1373 2107 1441 2152 non
1462 2087 1563 2151 luisse
1585 2086 1773 2166 dimissum,
1805 2089 1882 2171 quia
1904 2095 2039 2156 vocatus
2061 2094 2111 2150 est
2133 2086 2166 2150 in
2195 2101 2349 2164 eonspec-

344 2173 547 2257 prophetem.
592 2173 664 2240 Iam
686 2173 842 2257 sequitur,
869 2173 957 2254 Quod
985 2174 1138 2240 mulcetue
1162 2172 1260 2255 fuerit
1281 2173 1321 2238 ab
1373 2179 1445 2238 tum
1466 2171 1622 2252 Pbaseur,
1653 2187 1688 2236 ut
1711 2171 1779 2239 illie
1808 2173 1967 2241 rationum
1991 2170 2139 2240 vaticinii
2161 2170 2213 2235 sui
2236 2167 2351 2233 redde·

344 2261 414 2342 ipso
438 2259 593 2326 laenas
613 2260 648 2326 in
669 2278 831 2326 carcerem
866 2257 933 2325 Sed
955 2258 1133 2325 notandum
1157 2269 1208 2324 est
1222 2259 1319 2324 ctiam
1373 2268 1433 2326 ret.
1477 2257 1603 2323 Verum
1625 2258 1681 2324 hio
1702 2259 1845 2324 ostendit
1867 2260 2041 2344 propheta,
2071 2278 2107 2323 se
2137 2276 2243 2338 noque
2265 2254 2349 2318 frao-

344 2344 436 2424 illud,
458 2346 540 2429 quod
562 2345 706 2424 audierit,
729 2347 920 2429 priusquam
943 2345 989 2410 ita
1010 2346 1192 2428 impetuoso
1206 2353 1321 2411 contra
1374 2355 1454 2422 tum,
1476 2364 1582 2426 neque
1604 2343 1808 2410 debilitatum
1831 2346 1932 2412 fnisse
1954 2346 2075 2428 animo,
2105 2341 2259 2426 quamvis
2282 2349 2348 2406 tam

343 2432 453 2515 ipsum
475 2431 671 2516 insurgeret.
717 2430 842 2496 Debuit
862 2438 950 2496 certe
971 2431 1097 2497 moveri
1126 2430 1185 2495 tali
1207 2431 1321 2497 vatici·
1373 2428 1607 2498 contumeliose
1640 2430 1754 2496 fuisset
1787 2441 1954 2498 tractatus.
2011 2428 2223 2499 Sustinucrat
2263 2427 2349 2491 anim

345 2518 417 2584 nio:
451 2515 538 2599 quod
559 2517 697 2598 insanit,
731 2524 764 2583 et
786 2536 852 2581 non
882 2514 1009 2580 dubitat
1042 2517 1172 2582 allicere
1200 2516 1320 2582 iniuria
1374 2514 1528 2599 colaphos
1550 2529 1585 2581 ct
1607 2517 1759 2582 verbera:
1783 2515 1901 2583 deinde
1922 2518 2029 2583 fuerat
2050 2515 2200 2582 inclusus
2222 2512 2255 2576 in
2278 2531 2353 2577 car-

344 2601 542 2687 prophetam
575 2601 656 2680 Dei,
695 2602 774 2668 hinc
807 2611 943 2684 apparet
975 2611 1098 2684 quanta
1131 2601 1175 2667 sit
1206 2622 1321 2667 eornm
1372 2623 1455 2668 cere.
1506 2599 1635 2668 Scimus
1664 2603 1818 2685 ingenuis
1848 2604 1975 2670 naturis
2003 2602 2085 2668 tales
2114 2598 2252 2666 iniurias
2279 2616 2352 2662 esse

344 2687 529 2771 stupiditas,
557 2688 614 2772 qui
636 2686 737 2754 semel
757 2686 983 2753 obduruerunt
1004 2686 1045 2752 sd
1067 2686 1133 2752 Dei
1154 2694 1322 2770 contemp·
1372 2689 1421 2752 ita
1442 2686 1585 2765 acerbas,
1615 2696 1652 2752 ut
1672 2689 1740 2754 lere
1761 2689 1912 2755 concidat
1931 2689 1960 2756 si
1983 2686 2062 2771 qnid
2085 2686 2185 2752 fuerit
2209 2682 2351 2750 virtutis.

344 2783 425 2840 tum.
469 2773 556 2840 Nam
578 2774 678 2839 ctiam
699 2774 857 2857 pessimos
878 2792 1022 2856 quosque
1041 2771 1255 2844 terrebitDei
1270 2773 1319 2837 iu·
1373 2773 1476 2855 Atqui
1497 2792 1557 2838 suo
1579 2773 1729 2855 exemplo
1751 2795 1811 2839 nos
1833 2774 1926 2840 docet
1948 2774 2115 2853 Ieremias,
2145 2791 2210 2837 non
2234 2767 2353 2836 debere

345 2859 467 2926 dicium
505 2858 560 2924 ubi
600 2859 824 2925 denuntietur.
886 2858 1035 2926 Phassur
1078 2869 1187 2926 antem
1229 2858 1322 2924 audit
1373 2858 1477 2923 minui
1501 2867 1648 2924 nostram
1670 2861 1899 2945 onustandam,
1928 2861 2078 2944 quamvis
2101 2855 2244 2924 mundus
2265 2853 2350 2920 mul·

344 2945 519 3012 Ieremiam
541 2943 793 3012 denuntiantem
821 2943 899 3027 quid
927 2944 1113 3010 immineat:
1146 2955 1181 3010 et
1209 2955 1321 3010 tamen
1375 2945 1417 3010 tis
1438 2944 1567 3027 probris
1589 2965 1648 3010 nos
1670 2955 1800 3025 oneret,
1830 2967 1868 3013 ac
1898 2948 1966 3012 lere
1988 2944 2113 3012 obruat.
2157 2941 2352 3010 'Ponendum

345 3031 428 3096 adeo
452 3051 518 3096 non
541 3037 702 3114 movetur,
724 3039 762 3096 ut
783 3030 942 3115 mugisse
957 3032 1061 3114 magis
1076 3051 1147 3098 sese
1163 3030 1320 3112 proiiciat.
1373 3030 1478 3115 igitur
1511 3040 1579 3111 est,
1618 3030 1877 3116 magnitudinem
1910 3033 2015 3099 animi
2049 3051 2114 3097 non
2148 3028 2265 3094 debere
2299 3023 2353 3090 vel

288 3127 290 3130 ’
347 3113 461 3194 Quum
484 3135 562 3199 ergo
583 3116 629 3180 ita
652 3117 910 3198 intemperanter
933 3117 1000 3181 ruit
1021 3125 1138 3183 contra
1159 3116 1223 3182 Dei
1247 3136 1321 3199 pro·
1374 3115 1557 3195 concidere,
1590 3115 1642 3182 vel
1664 3116 1817 3182 imminui
1838 3118 1874 3183 in
1896 3119 2002 3184 servis
2025 3118 2105 3197 Dei,
2138 3112 2353 3200 quantumvis

344 3198 489 3349 abatem,
512 3200 622 3266 audito
638 3202 708 3267 eius
722 3220 883 3281 sermone,
906 3200 1141 3285 hincapparet,
1164 3201 1323 3268 diaBolico
1375 3203 1486 3285 iniquo
1506 3211 1539 3267 et
1561 3200 1715 3285 probrose
1738 3209 1919 3270 tractentur
1940 3225 1960 3268 a
1982 3202 2114 3270 mundo
2159 3201 2246 3266 Nam
2263 3198 2352 3264 Iere-

386 3303 457 3350 rors
496 3285 596 3351 luisse
636 3306 770 3368 prorsus
806 3297 1025 3352 excaecatum.
1082 3285 1190 3354 Simul
1223 3289 1323 3353 etiam
1355 3289 1459 3354 -mias
1492 3308 1644 3372 egressus
1677 3310 1696 3354 e
1728 3309 1858 3356 carcerc
1890 3289 1995 3356 multo
2034 3288 2169 3354 liberius
2209 3285 2353 3370 loquitur

345 3367 494 3436 videmus
516 3369 580 3437 Dsi
602 3377 842 3455 contemptores
870 3370 1006 3438 miscere
1032 3370 1139 3439 lucem
1170 3372 1324 3438 tenebris.
1376 3393 1474 3456 quam
1504 3379 1612 3439 antea.
1655 3374 1773 3458 Neque
1802 3381 1912 3442 tamen
1940 3384 2012 3442 erat
2040 3385 2134 3441 extra
2162 3370 2351 3456 periculum.

346 3453 462 3554 Voluit
484 3455 574 3521 enlm
594 3455 742 3522 Phassur
760 3468 872 3540 tegere
891 3476 985 3522 snam
1000 3457 1203 3540 impietatem
1218 3456 1325 3524 colore
1376 3457 1538 3524 Crescunt
1559 3460 1661 3524 animi
1683 3460 1738 3526 ubi
1761 3462 1834 3546 quis
1857 3462 1979 3544 potitus
2002 3461 2137 3528 victoria
2158 3466 2265 3542 potest
2280 3465 2353 3524 tuto

346 3540 471 3624 aliquo:
495 3551 529 3606 et
550 3540 623 3607 ideo
644 3541 783 3609 coniecit
804 3542 977 3608 Ieremiam
991 3543 1026 3608 in
1042 3563 1218 3610 carcerem.
1252 3543 1326 3608 Hoc
1377 3556 1411 3608 et
1432 3565 1547 3611 secure
1571 3545 1733 3613 insultare
1763 3548 1832 3613 suis
1861 3548 2020 3614 hostibus.
2065 3548 2167 3629 Atqui
2197 3542 2353 3612 Ieremias

347 3628 437 3692 enim
470 3625 567 3692 modo
600 3635 740 3692 testatus
771 3636 822 3694 est
853 3647 889 3694 se
926 3628 1010 3695 velle
1050 3648 1245 3714 cognoscere
1284 3626 1325 3692 de
1377 3628 1484 3695 adhuc
1517 3639 1588 3695 orat
1620 3633 1787 3714 captivus,
1828 3652 2017 3717 quanquam
2051 3632 2186 3698 eductus
2216 3637 2303 3702 esset
2334 3649 2355 3693 s

347 3729 463 3793 causa,
496 3714 573 3795 quia
603 3711 763 3795 postridie
796 3733 871 3779 eum
900 3712 1015 3779 eduxit
1043 3735 1223 3781 coarcere.
1267 3712 1325 3780 Sic
1376 3734 1517 3781 carcere.
1562 3715 1698 3781 Poterat
1725 3720 1814 3784 enirn
1844 3721 1941 3802 paulo
1973 3728 2047 3802 post
2076 3718 2195 3784 iterum
2226 3714 2353 3793 coniioi,

348 3816 426 3882 ergo
459 3797 552 3881 impii
581 3818 711 3882 semper
737 3799 972 3882 integumentis
1000 3819 1094 3866 snam
1123 3799 1325 3882 impietatem
1376 3811 1410 3865 et
1433 3799 1536 3866 multo
1557 3799 1722 3869 crudelius
1744 3805 1878 3871 tractari
1900 3826 2000 3889 quarn
2021 3811 2110 3870 ante.
2155 3801 2222 3870 Ssd
2246 3821 2356 3884 neque

348 3891 509 3948 conantur
530 3885 714 3951 involvere:
738 3884 797 3950 scd
819 3883 903 3949 nihil
917 3885 1099 3967 proficiunt.
1131 3885 1325 3969 Hypocrieie
1377 3886 1498 3951 iniuria
1520 3905 1618 3968 quam
1642 3908 1816 3972 perpessus
1838 3900 1897 3971 est,
1920 3912 2025 3974 neque
2048 3898 2155 3955 matus
2177 3889 2274 3954 etiam
2298 3906 2354 3950 uo·

348 3967 437 4034 enim
460 3968 607 4036 Phsssur
629 3971 728 4036 nimis
750 3969 811 4035 luit
832 3990 959 4053 crassa,
992 3968 1071 4036 dum
1094 3971 1265 4037 larentiam
1289 3972 1325 4035 in
1377 3991 1437 4036 vso
1459 3972 1676 4039 contumeliae
1698 3977 1806 4057 ipsum
1829 3975 1982 4054 deterret,
2005 3976 2086 4060 quin
2109 3975 2209 4041 libere
2232 3973 2355 4038 denun-

348 4073 512 4122 caroarem
534 4056 687 4134 coniecit,
721 4065 758 4121 ut
787 4063 902 4139 postea
929 4067 1058 4122 vocaret
1086 4055 1128 4122 ad
1155 4055 1324 4122 dicendam
1377 4059 1438 4124 tiet
1477 4057 1543 4122 Dei
1582 4058 1741 4126 iudicium
1779 4060 1879 4144 impio
1918 4061 2087 4129 sacerdoti.
2150 4059 2239 4126 uelis
2275 4076 2355 4143 ergo

348 4158 496 4206 oausam:
531 4141 607 4223 quia
639 4141 704 4206 ism
737 4143 846 4224 ipsum
881 4151 1095 4224 percusserat.
1145 4142 1326 4208 Insolentia
1377 4144 1633 4228 magnanimitas
1656 4145 1749 4212 decet
1777 4168 1891 4213 omnes
1913 4147 1979 4213 Dei
2009 4168 2140 4228 servos,
2170 4166 2287 4230 nempe
2318 4153 2356 4209 ut

348 4226 452 4376 qqitnr
474 4224 531 4300 illa
554 4226 703 4308 superior
726 4227 860 4294 tollebat
879 4247 1010 4292 omnem
1030 4228 1189 4294 rationem
1204 4228 1325 4294 iudicii.
1379 4250 1443 4294 non
1465 4229 1668 4310 erubescant,
1692 4253 1796 4315 neque
1818 4235 1917 4298 ctiam
1940 4234 2142 4310 mollescant,
2166 4230 2218 4298 vel
2240 4231 2354 4297 debili-

351 4311 1165 4464 ..td”tillulldtltdllltl.tl
1182 4313 1326 4466 “llll
1378 4315 1648 4482 dilaturi
1674 4337 1780 4468 llll
1802 4319 1944 4471 lull
1958 4318 2180 4471 stellet
2198 4316 2357 4468 llil?

349 4481 481 4565 qnidam
505 4448 639 4548 vertuirt
659 4482 864 4565 compedem,
897 4483 953 4548 alii
975 4484 1123 4567 cippum,
1157 4492 1190 4548 et
1211 4485 1327 4548 existi·
1379 4483 1541 4568 pericula:
1569 4451 1633 4552 sed
1649 4425 1811 4572 intriipide
1833 4499 1973 4590 pergant
1994 4427 2029 4556 ib
2051 4510 2151 4557 cursu
2174 4489 2225 4554 sui
2247 4487 2355 4553 officii.

348 4576 444 4634 mant
465 4567 565 4633 luisse
587 4567 677 4652 ligna
698 4569 787 4633 inter
810 4589 847 4634 sc
863 4579 1041 4652 compacta,
1065 4569 1112 4635 sio
1127 4577 1165 4633 ut
1180 4570 1326 4634 foramen
1379 4567 1532 4636 Secundo
1555 4572 1737 4639 nomndum
1759 4586 1818 4653 est,
1843 4578 1905 4644 Der
1927 4575 2120 4660 prophetam
2136 4575 2190 4640 hic
2205 4573 2357 4639 claudere

349 4674 452 4720 unum
475 4651 596 4718 collum
618 4653 809 4733 includeret,
832 4651 950 4720 deinde
965 4655 1029 4720 alis
1044 4654 1107 4720 duo
1124 4653 1328 4720 includerent
1378 4655 1489 4721 oculos
1511 4656 1553 4722 ad
1575 4658 1781 4740 splendorem
1804 4661 1897 4729 illum
1919 4659 2129 4728 sacerdotalis
2151 4659 2270 4741 officii,
2299 4659 2356 4742 qni

349 4761 478 4807 manus.
523 4737 590 4806 Sed
613 4741 724 4806 nescio
745 4759 790 4805 an
819 4737 882 4804 hoc
903 4741 1084 4807 conveniat.
1127 4740 1217 4806 Dicit
1239 4741 1327 4806 enim
1379 4742 1498 4825 alioqui
1526 4752 1653 4826 poterat
1681 4745 1810 4812 obstare
1840 4750 2012 4831 quominus
2040 4747 2270 4830 pronuntiaret
2292 4745 2355 4809 Dei

349 4826 404 4894 hie
426 4825 593 4905 Ieremias,
616 4825 716 4892 luisse
738 4837 854 4894 noenu
876 4825 910 4889 in
930 4833 1023 4908 porta
1038 4825 1214 4892 Beniamin
1230 4847 1327 4910 supe·
1379 4827 1543 4894 iudicium.
1575 4829 1620 4894 lllt
1642 4829 1703 4896 boc
1726 4831 1902 4916 diligenter
1924 4832 2105 4898 notandum
2128 4839 2188 4898 est
2222 4831 2356 4896 Scimus

350 4913 447 4978 riore.
490 4911 564 4979 Hoc
585 4917 676 4979 csrte
697 4930 804 4994 nequo
826 4911 866 4976 de
896 4911 1120 4994 oompedibus,
1155 4933 1258 4995 neque
1287 4912 1328 4977 de
1379 4913 1467 4978 enim
1489 4913 1607 4996 impios
1629 4935 1758 4998 semper
1780 4918 1881 4984 latere
1905 4918 1966 4983 sub
1994 4919 2113 4984 larris:
2147 4915 2356 5000 quemadmo-

350 4998 484 5078 oatenis,
507 5019 611 5081 nsque
634 4997 674 5065 de
697 4997 791 5080 cippo
813 4995 980 5062 commode
1002 5007 1112 5078 posset
1133 4998 1326 5080 praedicari.
1380 4997 1457 5064 dum
1480 5017 1565 5081 papa
1594 4999 1691 5066 hodie
1720 5022 1793 5067 oum
1825 5010 1893 5070 toto
1925 5003 1980 5069 illo
2013 5003 2128 5087 putido
2158 5002 2245 5068 clero
2278 5003 2356 5084 quid

351 5081 510 5166 Sequitur
531 5103 609 5168 ergo
631 5084 733 5150 fuisse
757 5083 866 5167 potius
895 5082 1000 5147 locum
1029 5085 1177 5148 carceris.
1222 5083 1329 5148 Vocat
1380 5082 1468 5149 aliud
1496 5084 1659 5164 obtendit,
1689 5108 1786 5169 quam
1817 5110 1938 5155 nomen
1969 5089 2122 5156 ecclesiae
2152 5086 2355 5156 catholicae?

345 5173 473 5251 portam
493 5167 678 5254 Beniamin,
707 5189 791 5253 quse
815 5167 970 5234 tendebat
991 5167 1032 5231 ad
1059 5169 1182 5234 tribum
1206 5169 1328 5234 Benia·
1379 5177 1413 5234 et
1436 5178 1631 5252 perpetuum
1653 5172 1894 5241 sacerdotium?
1925 5182 1959 5239 et
1981 5175 2191 5258 apostolicam
2215 5173 2358 5256 dignita-

351 5254 431 5320 min.
469 5252 601 5322 Scimus
621 5257 712 5322 enirn
733 5263 858 5339 partem
878 5273 976 5318 unam
992 5252 1212 5337 lerosolymae
1227 5253 1328 5318 fuisso
1380 5254 1466 5319 tem?
1511 5254 1610 5326 Oerte
1642 5257 1791 5324 Phaesur
1824 5267 1895 5326 erat
1928 5282 1969 5326 ex
2003 5260 2118 5326 ordine
2150 5257 2357 5327 sacerdotali.

351 5339 544 5407 attributam
576 5342 817 5409 Beniaminitis.
872 5338 966 5406 Duae
999 5337 1162 5404 habebant
1199 5347 1327 5422 portas:
1380 5341 1463 5406 'Iota
1485 5343 1647 5426 scriptura
1669 5343 1747 5427 quid
1769 5347 1813 5413 sit
1835 5357 1973 5430 papatus
2002 5369 2069 5412 non
2100 5346 2267 5422 meminit,
2298 5365 2360 5410 nec
