5118 6136
202 411 265 478 585
477 473 485 488 ,
895 409 943 474 IN
966 408 1214 474 luauutntt.
1257 409 1356 476 csP.
1380 404 1513 471 XXIX.
2143 414 2207 478 586

202 599 293 664 11555
316 599 475 682 555551515
497 594 645 680 55551515,
666 594 828 659 51555505
849 593 1010 674 aedificent
1031 593 1064 658 15
1089 591 1180 658 etat-
1233 611 1331 673 quam
1354 615 1374 657 a
1396 614 1487 658 mera
1515 594 1581 659 Dei
1610 595 1726 678 gratia.
1777 594 1875 676 Quod
1904 597 1996 662 iubet
2025 599 2107 680 51115
2137 603 2208 667 5515

201 685 292 767 daeo,
313 683 417 750 1505105
434 682 587 764 plantent,
612 678 1018 761 551555550555555051,
1037 681 1181 762 55555551
1234 679 1516 763 05515555550555,
1538 679 1675 760 5151155
1694 702 1773 746 suos
1793 682 1871 748 dore
1891 689 2034 766 5555555,
2065 687 2125 752 500
2147 699 2207 764 555,

199 769 286 852 filios
307 770 443 851 5151155
464 788 501 834 05
517 769 549 834 si
565 770 663 832 555551
679 764 772 831 dorni.
807 764 921 829 Noluit
939 765 1069 846 quidem
1089 763 1181 828 Deus
1233 785 1274 828 ex
1297 764 1444 846 legitimo
1466 777 1602 831 naturae
1624 766 1747 844 055155,
1774 768 1852 850 5515
1881 766 1962 832 11155
1992 781 2078 835 esset
2107 772 2207 838 nimis

202 856 330 921 animos
352 875 487 922 suorum
511 873 581 918 esse
604 852 729 916 defixos
751 853 785 914 in
809 848 991 916 Chaldaea:
1022 851 1180 932 551550-
1233 861 1480 933 praeposterum
1512 863 1551 915 nt
1579 850 1801 918 adolaseentes
1829 862 1863 918 05
1891 853 2020 936 5551155
2046 877 2105 939 550
2133 857 2206 921 libi·

201 943 268 1007 tius
288 942 432 1024 oportuit
453 941 542 1023 ipsos
559 957 689 1020 semper
708 937 852 1002 intentos
870 957 941 1002 esse
958 937 999 1001 ad
1023 933 1180 1000 reditum:
1233 934 1309 1000 dine
1330 936 1392 1000 sibi
1415 947 1582 1002 accersant
1604 937 1656 1002 vel
1684 958 1820 1020 sponsos
1843 939 1894 1003 501
1924 961 2069 1023 sponsas
2115 942 2208 1008 Deus

201 1028 260 1095 sed
293 1048 395 1110 nsque
428 1025 469 1090 ad
509 1024 609 1090 finem
651 1023 861 1107 septuaginta
894 1042 1057 1086 annorum
1091 1021 1182 1085 Deus
1233 1041 1312 1104 ergo
1335 1022 1389 1086 hio
1411 1023 1555 1104 loquitur
1577 1044 1618 1088 ex
1641 1027 1807 1088 eommuni
1830 1025 1952 1109 regula,
1984 1047 2084 1109 quum
2115 1029 2207 1093 iubet

202 1114 329 1196 quietos
358 1133 429 1178 esse
457 1111 571 1190 501515,
603 1120 637 1174 55
670 1129 733 1174 505
758 1109 884 1192 agitare
917 1107 977 1172 505
1005 1106 1057 1171 551
1086 1105 1179 1189 11105,
1233 1107 1453 1173 550105055555
1476 1127 1539 1173 505
1567 1108 1663 1174 511555
1691 1110 1844 1193 00510551
1871 1112 2080 1176 matrimonio
2108 1134 2206 1196 qnam

201 1198 258 1265 555
283 1198 418 1281 perinde
440 1215 538 1279 55555
560 1217 612 1260 555
638 1215 723 1270 5555,
753 1213 791 1260 50
812 1193 840 1259 51
863 1203 974 1257 555555
1000 1195 1034 1256 15
1064 1194 1179 1274 555515.
1233 1191 1387 1258 mandato
1409 1203 1597 1276 parentum:
1624 1193 1749 1278 puellas
1771 1197 1868 1260 etiam
1891 1217 1957 1260 non
1980 1196 2104 1262 nubere
2128 1200 2206 1265 viris

202 1283 373 1365 Quantum
396 1282 438 1348 55
460 1303 552 1365 spem
573 1281 677 1365 151555
703 1280 831 1354 5551505,
861 1277 953 1344 11555
976 1279 1080 1343 501515
1109 1277 1179 1341 illo·
1233 1278 1297 1342 nisi
1319 1279 1435 1360 quibus
1458 1278 1552 1344 datae
1575 1281 1708 1346 fuerint.
1753 1281 1899 1346 Tandem
1922 1281 2022 1362 addit,
2045 1283 2205 1366 1115115511

201 1390 276 1435 rum
299 1379 427 1434 mentes
450 1389 521 1432 esse
543 1385 718 1448 snspensas
741 1364 782 1430 55
811 1376 941 1445 tempus
970 1363 1180 1429 liberationis.
1232 1364 1350 1428 50551551
1382 1365 1456 1439 11115,
1491 1371 1518 1430 51
1545 1385 1583 1430 aa
1615 1367 1815 1450 minuamini,
1849 1389 1887 1433 ae
1920 1369 1949 1432 ei
1981 1369 2104 1434 5155555
2138 1384 2206 1435 tam

202 1455 401 1540 Pugnabant
423 1453 529 1536 primo
555 1453 680 1517 intuitu
710 1451 798 1515 inter
826 1470 870 1526 se,
901 1471 1019 1532 nempe
1041 1448 1180 1514 Iudaeos
1232 1449 1367 1532 longum
1390 1451 1459 1514 lore
1481 1450 1588 1514 exsilii
1611 1461 1739 1534 tempus
1762 1463 1799 1516 ut
1828 1454 2016 1536 generanda
2042 1463 2129 1520 esset
2156 1477 2205 1521 so·

202 1540 387 1624 transigere
410 1549 539 1621 tempus
560 1537 768 1620 septuaginta
790 1556 952 1601 annorum
971 1535 1180 1600 5051555555
1232 1533 1336 1612 50155,
1371 1536 1433 1599 5151
1467 1534 1590 1601 5511555
1621 1539 1734 1604 statim
1767 1538 1914 1604 55110555.
1969 1540 2061 1606 11555
2094 1553 2205 1606 autem

202 1626 376 1711 indigenae
408 1625 496 1690 illius
530 1623 606 1707 loei,
637 1635 669 1688 et
702 1642 871 1704 nunquam
903 1621 1061 1686 mutanda
1095 1629 1180 1684 05505
1233 1620 1294 1686 505
1316 1620 1487 1702 expressit,
1510 1622 1587 1704 quia
1608 1623 1738 1689 nolebat
1759 1623 1952 1690 intereidare
1974 1646 2078 1709 genus
2101 1626 2205 1692 Abra·

201 1710 378 1778 habitatio:
403 1721 435 1775 et
458 1721 569 1775 tamen
588 1720 711 1775 ereotos
729 1727 859 1790 semper
876 1720 1073 1788 exspeotare.
1113 1703 1178 1772 Sed
1233 1705 1304 1771 555.
1350 1706 2005 1792 151555150555501055115555505515,
2036 1733 2136 1795 quum
2159 1713 2206 1778 ita

202 1797 284 1863 5550
307 1796 371 1861 550
393 1797 489 1861 simul
513 1796 635 1878 optime
652 1794 866 1876 quadrabant.
905 1792 977 1856 1105
999 1793 1086 1856 enim
1110 1802 1179 1856 5555
1232 1791 1328 1875 10555
1351 1811 1406 1858 005
1428 1793 1564 1874 expulit,
1587 1815 1625 1860 55
1646 1795 1675 1860 51
1697 1795 1861 1860 abdiearet
1883 1796 2085 1862 haereditate
2105 1819 2205 1880 quam

202 1884 427 1948 testimonium
446 1881 649 1946 obedientiae
669 1899 770 1960 quum
789 1887 1004 1962 agnoseerent
1025 1897 1060 1942 se
1082 1878 1178 1941 55551-
1231 1876 1296 1943 11115
1319 1878 1511 1960 promiserat
1532 1878 1599 1944 1055
1621 1892 1828 1963 perpetuam:
1851 1890 1962 1946 tamen
1981 1881 2034 1946 hio
2051 1883 2205 1948 solatium

201 1969 274 2052 5551
296 1988 398 2032 manu
422 1967 494 2040 Dei,
517 1979 550 2031 et
570 1965 618 2030 155
640 1965 781 2029 11555555
802 1984 838 2028 50
855 1964 1051 2029 50511005ου5
1076 1982 1179 2044 55555
1231 1962 1380 2043 adhibet,
1413 1985 1513 2046 quum
1546 1965 1621 2030 5515
1653 1987 1709 2031 505
1738 1967 1921 2051 propagari.
1973 1968 2088 2050 Neque
2117 1970 2205 2034 enim

201 2054 243 2118 ad
267 2053 310 2118 10
332 2073 445 2118 55505.
492 2051 576 2133 Spes
596 2061 705 2116 autem
733 2050 875 2127 illorum,
906 2048 1177 2131 quemadmodum
1231 2059 1383 2132 poterant
1415 2068 1453 2114 50
1480 2070 1552 2116 esse
1581 2051 1691 2116 animo
1721 2051 1785 2116 nisi
1807 2051 1917 2118 oeulos
1939 2053 2137 2122 direxissent
2164 2052 2206 2118 ad

200 2159 308 2222 nuper
328 2138 434 2223 attigi,
456 2137 570 2204 debuit
592 2156 723 2202 manere
741 2135 774 2200 in
794 2155 961 2216 suspenso,
985 2135 1032 2200 ita
1054 2146 1091 2200 ut
1113 2155 1178 2198 non
1231 2154 1321 2215 spem
1345 2134 1476 2200 5551555
1522 2135 1611 2219 11550
1632 2147 1767 2220 gustum
1790 2137 1932 2220 aliquem
1963 2138 2096 2220 praebet
2127 2161 2206 2205 suas

201 2225 409 2307 agitarentur
423 2223 659 2306 inquietudine,
678 2233 736 2287 555
750 2223 877 2287 1555055
894 2221 1004 2302 511550
1026 2239 1178 2302 5550555·
1231 2220 1481 2302 55150515055155,
1515 2240 1616 2302 quum
1639 2233 1808 2289 55555005
1837 2223 1940 2289 minui
1970 2223 2205 2291 1505515555.

201 2321 273 2376 tur:
296 2309 352 2375 sed
375 2311 422 2373 ita
441 2309 661 2392 transigerent
678 2327 751 2372 oum
771 2307 889 2372 animis
907 2307 985 2383 suis,
1008 2304 1177 2370 ferendum
1231 2306 1377 2371 Tandem
1400 2305 1559 2390 adiungit,

204 2417 276 2462 esse
299 2394 464 2475 exsilium,
493 2395 687 2477 quantisper
709 2391 782 2456 1150
811 2392 969 2474 placaret:
1004 2401 1038 2456 55
1066 2401 1177 2455 tamen

201 2482 323 2548 bonam
346 2501 416 2545 5550
438 2501 529 2563 spem
548 2479 682 2555 5551555,
703 2478 799 2543 modo
816 2486 1043 2560 exspeotarent
1061 2476 1103 2541 10
1120 2497 1177 2540 an·
1318 2476 1347 2539 1.
1377 2475 1421 2540 Et
1442 2478 1582 2556 5555515
1605 2497 1715 2558 paoem
1741 2477 1831 2543 55515
1862 2480 1905 2545 ad
1932 2499 2028 2562 quam
2057 2481 2206 2547 1555515511

201 2589 271 2646 505,
295 2567 373 2649 5515
394 2566 441 2630 515
462 2565 536 2630 Deo
558 2566 695 2647 plaoeat.
729 2563 769 2628 In
788 2561 849 2628 500
866 2565 968 2645 151505
985 2573 1178 2646 argumento
1229 2581 1283 2626 505
1304 2561 1378 2626 illue
1400 2560 1469 2645 (ssd
1487 2561 1645 2648 abundat)
1665 2568 1693 2627 st
1713 2569 1797 2629 orate
1813 2563 2107 2649 5505015505055,
2128 2568 2206 2648 5515

202 2673 291 2717 nuno
316 2661 466 2716 versatur
484 2651 640 2715 ieremias
660 2669 758 2732 quum
778 2649 865 2724 dioit,
888 2649 1049 2729 oedifionte
1064 2648 1178 2724 505505,
1230 2648 1266 2710 ia
1282 2667 1362 2729 5555
1382 2648 1451 2712 5155
1470 2648 1531 2713 erit
1551 2648 1638 2714 00515
1652 2668 1734 2730 505.

201 2744 229 2803 et
245 2736 434 2802 inhabitate:
446 2736 586 2818 51051015
600 2735 712 2818 bonos,
727 2739 755 2799 51
768 2729 913 2799 medus
925 2733 1049 2816 15555555
1062 2753 1178 2798 eorum.

201 2823 288 2890 Nam
313 2823 367 2887 hio
389 2833 478 2887 totns
500 2841 609 2886 sermo
631 2822 747 2886 referri
769 2819 864 2885 debet
892 2820 931 2884 ad
961 2832 1092 2902 tempus
1121 2839 1177 2882 ex·
1316 2817 1413 2882 Ultra
1431 2817 1639 2901 progreditur
1657 2818 1824 2898 Ieremias,
1847 2840 1963 2904 nempe
1980 2820 2122 2887 Iudaeos
2143 2822 2205 2890 550

201 2908 277 2975 51111.
322 2909 442 2974 Ρο5555
465 2907 636 2972 55555155
667 2904 825 2988 loquetur,
855 2915 892 2969 55
915 2903 1096 2969 videbimus
1119 2923 1177 2968 550
1231 2904 1303 2986 1555
1326 2902 1490 2968 555555505
1512 2903 1612 2968 fuisse
1634 2902 1848 2988 Babylonem,
1871 2915 1910 2971 55
1931 2915 2049 2990 sponte
2066 2908 2203 2974 subiioe·

200 2995 281 3059 loeo.
328 2989 393 3060 Sed
417 2992 531 3058 Iudaei
552 3012 619 3057 non
640 3001 795 3074 poterant
811 2990 988 3072 quidquam
1009 2991 1084 3054 boni
1107 3009 1177 3071 spe·
1229 3001 1304 3053 rent
1326 3009 1361 3053 ee
1384 2989 1520 3069 imperio
1549 2988 1637 3072 55515
1658 2988 1948 3070 Nabuohadneaer,
1978 2992 2076 3074 idque
2105 3001 2204 3060 testa·

201 3101 293 3145 rare:
307 3078 382 3144 nisi
403 3080 543 3144 luissent
562 3077 732 3160 oompoeiti
755 3075 794 3141 ad
818 3075 984 3140 ferendam
1008 3075 1176 3141 005550510-
1231 3086 1301 3138 tum
1334 3073 1479 3139 15555055
1511 3074 1609 3138 etiam
1643 3075 1712 3141 suis
1750 3077 1910 3158 preoibus.
1965 3077 2040 3142 Non
2074 3088 2203 3144 tantum

200 3187 288 3248 nem,
317 3172 350 3230 et
372 3185 408 3229 55
435 3166 505 3247 1555
534 3165 631 3228 etiam
662 3162 856 3244 probassent
885 3181 919 3226 se
949 3182 1014 3225 nou
1044 3161 1177 3225 55110055
1228 3159 1319 3225 iubet
1350 3180 1405 3224 eos
1435 3159 1596 3241 patienter
1625 3161 1711 3224 15555
1744 3181 1882 3244 poenam
1912 3162 1975 3228 sibi
2004 3163 2203 3246 impositam,

201 3251 438 3318 eorreetionem
462 3251 522 3315 sibi
552 3250 749 3330 impositam.
798 3245 954 3312 Videmus
984 3265 1177 3328 5550500·
1228 3244 1284 3312 sed
1308 3242 1546 3311 551555515505
1569 3246 1795 3313 esseviotori:
1818 3268 1878 3312 nee
1900 3257 2029 3313 tantum
2049 3255 2140 3314 vetat
2160 3271 2203 3316 ne

201 3336 298 3402 modo
332 3357 399 3400 non
433 3335 583 3400 50550505
611 3333 769 3398 Ieremias
798 3332 938 3397 1555005
969 3331 1009 3396 55
1037 3330 1175 3408 delitias,
1228 3332 1297 3398 sint
1318 3328 1472 3409 seditiosi,
1494 3329 1551 3396 555
1574 3352 1617 3396 ex
1638 3331 1749 3397 auimo
1771 3332 1818 3396 ita
1837 3332 1908 3398 vult
1930 3354 2001 3399 esse
2022 3333 2203 3417 obsequen·

201 3443 263 3489 neo
285 3421 422 3488 suadeat
443 3421 511 3485 illis
538 3430 578 3485 ut
605 3441 676 3486 sese
705 3419 899 3501 demergant
926 3418 961 3482 in
993 3416 1175 3482 Chaldaea:
1227 3428 1288 3495 555,
1312 3427 1349 3482 55
1369 3419 1458 3483 11055
1476 3416 1568 3482 555515
1585 3417 1629 3481 515
1645 3429 1844 3500 spontaneae
1863 3438 1975 3485 eorum
1994 3419 2202 3486 subiectionis

201 3518 272 3573 erat
294 3508 380 3572 enim
402 3506 519 3572 lertilis
541 3507 631 3590 regio
653 3514 686 3570 55
713 3524 859 3570 amoena.
904 3504 979 3569 Non
1003 3524 1080 3586 ergo
1101 3523 1175 3568 sua·
1228 3516 1261 3568 at
1282 3502 1494 3568 obedientiae.
1540 3499 1650 3581 Quum
1678 3502 1764 3580 dieit,
1802 3503 1947 3584 0505515
1969 3525 2081 3586 parem
2101 3505 2202 3590 55515,

201 3591 259 3658 505
280 3598 318 3658 55
334 3593 401 3658 11110
424 3592 561 3657 50110550
587 3600 697 3675 agant,
727 3589 789 3656 sibi
811 3589 1013 3672 indulgeant,
1040 3600 1074 3653 et
1095 3587 1176 3654 obli·
1229 3590 1330 3672 poseit
1351 3588 1413 3654 hoo
1435 3587 1475 3651 de
1495 3586 1648 3670 prsoibus
1667 3589 1797 3671 exponi.
1833 3589 1918 3655 Nam
1942 3603 2017 3658 unt
2040 3591 2202 3674 signifieat

201 3679 370 3744 viseautur
392 3680 526 3760 patriae,
548 3678 702 3742 minime:
724 3674 782 3740 sed
803 3676 975 3759 restringit
996 3674 1086 3741 huno
1107 3695 1175 3740 ser·
1228 3695 1325 3758 saepe
1355 3684 1469 3756 optare
1497 3683 1530 3737 et
1562 3675 1704 3756 preoari:
1738 3675 1795 3740 555
1828 3675 1891 3741 500
1922 3675 1992 3742 1050
2023 3676 2202 3754 eommode,

200 3783 331 3829 monem
355 3763 396 3848 55
427 3772 557 3846 tempus
586 3763 793 3845 captivitatis,
822 3760 883 3826 500
912 3773 970 3837 555,
1000 3759 1041 3824 55
1072 3779 1176 3824 50505
1228 3758 1450 3835 meoiudicio,
1474 3778 1675 3840 exponemus
1698 3759 1738 3824 55
1759 3759 1868 3826 555510
1889 3760 2019 3843 populi:
2042 3783 2080 3826 ao
2101 3761 2131 3828 si
2152 3762 2201 3827 51-

200 3849 420 3934 septuaginta.
454 3849 516 3913 1110
537 3849 641 3932 151555
664 3859 810 3929 tempore
831 3845 903 3910 vult
924 3846 988 3909 1551
1010 3844 1176 3911 (15515555
1227 3859 1315 3910 earet
1336 3844 1473 3909 1555505
1496 3842 1613 3909 555555
1638 3854 1798 3927 qnantum
1826 3846 1863 3909 iu
1890 3867 1925 3912 se
1955 3847 2026 3926 erit,
2056 3847 2201 3913 studium

201 3949 234 4000 et
257 3938 326 4000 eine
348 3933 527 3999 eommodis
549 3932 683 4016 perinde
706 3933 792 3996 5551
816 3951 882 3997 non
906 3931 1175 4010 sesentexenles,
1228 3950 1324 3996 suurn
1367 3928 1576 4013 impendere,
1619 3951 1662 3995 ne
1702 3931 1781 4013 quid
1820 3931 1952 3996 adversi
1991 3933 2202 3998 monarebias

199 4019 258 4087 sed
280 4020 413 4086 oriundi
436 4040 478 4084 ex
507 4019 564 4083 illo
585 4019 664 4084 1000.
707 4016 748 4082 In
771 4037 866 4099 quem
895 4015 1017 4080 finem?
1047 4036 1114 4080 nou
1137 4026 1177 4081 55
1228 4014 1416 4082 5551551555
1455 4015 1588 4080 5001555
1644 4015 1730 4081 Nam
1774 4014 1947 4082 sublinitur
1986 4016 2084 4100 paulo
2116 4026 2202 4101 5055,

200 4126 273 4172 5555
296 4105 640 4189 5550555515555150,
663 4104 720 4168 555
743 4123 785 4166 55
815 4101 1046 4167 tumultuando
1075 4101 1176 4166 01155-
1221 4101 1408 4182 prmomim'.
1453 4101 1570 4166 Posset
1597 4099 1729 4183 quidem
1759 4103 1863 4183 repeti
1891 4103 2004 4166 eadem
2038 4103 2203 4170 sententia

200 4191 318 4256 555555
332 4191 451 4268 115555,
469 4200 503 4255 55
518 4189 757 4271 quodammodo
773 4187 1022 4271 praecluderent
1044 4187 1174 4253 ianuam
1228 4186 1355 4252 dnobus
1377 4186 1505 4253 verbis:
1534 4185 1591 4252 sed
1614 4187 1642 4251 si
1664 4189 1738 4269 quis
1764 4207 1834 4252 rem
1864 4189 1999 4272 propius
2027 4190 2202 4270 expendat,

200 4278 272 4343 5155
294 4277 429 4360 5555155,
451 4277 528 4358 quia
550 4274 805 4357 exepeotaudum
832 4284 902 4338 erat
931 4281 1062 4356 tempus
1091 4272 1175 4356 5505
1228 4272 1323 4338 155115
1355 4272 1453 4348 mihi,
1493 4280 1532 4336 ut
1564 4273 1695 4355 opinor,
1737 4273 1936 4349 subeoribet,
1974 4273 2060 4355 quod
2094 4276 2202 4358 priore

199 4362 256 4428 ille
286 4363 424 4427 finierat.
469 4361 555 4426 Nam
586 4361 641 4427 ubi
671 4361 799 4445 agimur
828 4359 1020 4442 praeeipites
1049 4360 1176 4425 1555050
1229 4356 1374 4423 membro
1395 4359 1504 4424 iubeat
1524 4357 1685 4439 propheta
1706 4358 1796 4441 ipsos
1825 4379 1896 4423 5555
1923 4358 2007 4424 5505
2036 4361 2107 4442 5051
2133 4361 2201 4424 Ν5-

200 4448 364 4528 desiderii,
385 4445 623 4530 quodammodo
645 4446 833 4529 repellimus
850 4442 914 4508 Dei
936 4445 1084 4528 gratiam,
1108 4464 1175 4509 non
1228 4443 1466 4522 55055550555,
1500 4454 1533 4508 55
1566 4444 1636 4508 5155
1669 4444 1887 4510 monarehiae.
1946 4444 2092 4526 05055115
2123 4466 2202 4528 ergo

198 4535 345 4617 patimur
375 4532 492 4598 deinde
520 4542 560 4597 ut
591 4541 667 4616 agat
701 4540 798 4614 prout
826 4529 927 4596 55055.
971 4529 1036 4596 Ubi
1066 4542 1175 4595 antem
1220 4550 1342 4612 550555.
1387 4530 1528 4595 Nomine
1549 4528 1639 4612 paois
1660 4529 1890 4612 intelliguntur
1908 4532 2018 4594 omnia
2036 4549 2200 4613 prospera,

200 4620 359 4703 eripimus
381 4620 412 4684 ei
434 4622 486 4685 155
508 4639 615 4694 suum,
644 4627 678 4682 et
700 4616 882 4695 arbitrium,
911 4614 1044 4697 5551555
1066 4627 1116 4681 555
1138 4635 1175 4682 55
1227 4614 1502 4699 quemadmodum
1533 4613 1613 4678 satis
1641 4625 1753 4679 notum
1784 4623 1844 4680 est.
1892 4615 1996 4681 Porro
2026 4637 2093 4680 non
2124 4635 2200 4679 oon·

200 4707 230 4772 51
260 4705 424 4770 nollemus
457 4705 632 4770 admittere
659 4704 728 4768 eius
758 4703 907 4786 gratiam.
952 4701 1025 4766 Hoe
1053 4701 1174 4766 laetum
1228 4711 1338 4766 tentus
1359 4712 1407 4766 est
1430 4699 1703 4778 externostudio,
1726 4699 1947 4766 5055515505
1969 4701 2068 4765 etism
2091 4706 2201 4766 eoram

199 4801 288 4858 55555
309 4792 372 4856 5151
395 4790 520 4855 5155055
542 4789 664 4873 5510515
682 4799 716 4852 55
735 4786 923 4870 tranquillis
940 4787 1059 4851 animis
1081 4787 1175 4852 tulis·
1227 4787 1299 4851 Deo
1321 4786 1457 4868 precari,
1487 4793 1526 4849 55
1547 4803 1703 4868 55055055
1725 4796 1758 4850 55
1788 4786 1925 4852 feliciter
1954 4784 2105 4851 snooedat
2131 4787 2201 4868 5551

200 4886 276 4944 5055
297 4878 331 4941 15
355 4876 522 4942 Chaldaea
549 4895 651 4958 usque
684 4871 725 4938 ad
757 4883 887 4954 tempus
920 4871 982 4936 sibi
1015 4872 1176 4937 divinitus
1229 4871 1413 4954 babylonio,
1435 4891 1553 4954 nempe
1575 4891 1678 4953 05550
1700 4872 1740 4936 55
1770 4872 1870 4936 finem
1900 4871 2017 4936 exsilii.
2060 4869 2201 4954 Semper

200 4964 395 5048 praefixum.
429 4961 526 5026 Nune
546 4973 696 5026 tenemus
710 4977 895 5024 sermonem
914 4957 1090 5042 prophetae
1108 4978 1175 5023 non
1228 4958 1315 5022 euim
1337 4958 1500 5022 tenendus
1521 4962 1573 5023 est
1602 4977 1721 5040 seopns
1748 4957 1935 5041 prophetae.
1980 4955 2077 5022 Unde
2107 4956 2200 5022 oolli-

199 5059 348 5132 speotare
371 5047 434 5112 nisi
457 5046 497 5110 55
521 5057 649 5129 tempus
671 5044 795 5110 exsilii:
820 5054 971 5108 tenemus
993 5045 1092 5108 etiam
1110 5065 1176 5109 non
1227 5043 1344 5126 gimus,
1367 5063 1433 5107 non
1455 5041 1551 5108 aliter
1573 5043 1742 5108 hortatum
1764 5044 1863 5108 151550
1878 5041 2009 5107 exsules
2030 5043 2071 5106 ad
2093 5042 2200 5108 15555-

200 5134 337 5200 tendere
359 5133 393 5197 in
416 5131 517 5196 alium
538 5132 639 5196 finem
661 5131 724 5196 nisi
748 5139 876 5195 utsese
900 5130 971 5194 1100
992 5129 1175 5208 5551101555,
1228 5129 1305 5193 dum
1328 5129 1444 5210 iugum
1470 5129 1559 5212 regis
1588 5127 1754 5212 babylonii
1784 5148 1884 5211 quam
1912 5147 1972 5209 pro
2000 5128 2201 5211 055515155515
2274 5183 2278 5192 .

199 5231 235 5287 55
256 5222 304 5286 155
330 5217 490 5302 patientia
517 5237 577 5282 505
604 5217 779 5284 055555555
807 5235 842 5280 se
872 5234 950 5281 5555
978 5215 1176 5297 poenitentia
1228 5227 1382 5295 tempore,
1423 5214 1500 5297 quia
1531 5214 1593 5281 hoe
1624 5223 1695 5280 erat
1726 5233 1910 5298 repugnare
1942 5211 2026 5290 Deo,
2058 5214 2087 5279 si
2120 5212 2202 5296 qnid

200 5326 273 5373 esse
294 5311 409 5381 taetus,
432 5302 626 5370 5155515550
647 5324 712 5369 505
733 5300 865 5367 aliunde
882 5320 1014 5383 sperare
1036 5299 1176 5366 reditum
1227 5309 1349 5364 temere
1372 5305 1564 5379 tentassent,
1593 5311 1626 5365 et
1650 5309 1787 5366 eatenus
1809 5299 1995 5382 praeeipere
2018 5310 2054 5364 ut
2075 5299 2202 5384 plaeide
