5134 6124
388 451 448 516 187
1190 445 1576 516 Puouuuoutouus
2320 447 2376 512 188

383 639 477 705 Deus
499 638 646 704 animum
675 637 715 702 ad
746 637 819 704 illos
849 655 914 702 nou
947 635 1093 703 adiioiet:
1125 636 1205 714 imo,
1238 635 1355 718 inquit,
1410 644 1489 702 suut
1510 655 1648 718 poenas,
1680 637 1760 720 quia
1788 656 1843 702 eos
1873 634 2052 718 profligabo
2080 643 2218 700 eterra.
2263 632 2378 700 Postea
2448 693 2450 699 ,

385 724 481 791 Nuuo
512 723 724 790 recordabitur
751 723 969 804 iniquitatum,
1001 727 1030 786 et
1060 719 1201 786 outuou
1229 725 1356 802 poetata
1410 721 1557 804 subiioit,
1590 721 1701 788 Mam
1730 741 1828 804 quum
1856 719 2066 786 umuooaurt
2093 737 2155 784 uou
2180 718 2313 784 oudiom
2339 717 2379 784 od

384 809 533 892 ipsorum
576 809 617 874 In
640 828 778 888 summa,
801 807 894 873 dooot
916 811 1040 872 tautam
1070 806 1264 889 gravitatem
1287 825 1356 871 seo·
1409 806 1574 873 olomuem
1596 827 1718 886 mum,
1750 813 1779 874 et
1799 825 1895 889 quum
1924 803 2088 870 obtulerint
2114 802 2323 884 soorifieiuua
2354 809 2379 870 ot

384 895 489 961 lerum
512 896 640 960 esseio
662 893 873 978 popaloillo,
903 901 1027 958 utnon
1049 892 1094 958 sit
1116 892 1206 956 loeus
1228 891 1355 958 miseri·
1410 891 1592 958 oblationem
1613 891 1735 978 (unta),
1757 912 1819 958 uou
1836 889 1969 973 puoto
1989 889 2069 954 mibi
2083 889 2119 955 iu
2133 888 2209 955 illio.
2242 888 2379 954 Minime

384 980 511 1046 eordiae
533 979 608 1045 Dei.
651 981 772 1046 Postea
792 978 933 1056 subiicit,
1412 976 1545 1042 dubium
1567 988 1617 1042 ost
1650 981 1729 1061 quin
1761 976 1961 1063 perstringat
1994 976 2199 1058 hypooritas,
2234 975 2290 1056 qui
2322 975 2379 1040 etsi

1412 1063 1508 1128 vanui
1531 1073 1626 1129 erant
1647 1065 1736 1130 omni
1758 1063 1959 1140 sinceritate,
1990 1070 2101 1125 tamon
2123 1058 2230 1124 adhue
2252 1060 2380 1141 profite-

472 1149 522 1214 11.
552 1149 597 1216 Et
617 1150 700 1216 diait
719 1148 799 1214 mibi
821 1147 971 1228 Isbouuta
1006 1147 1055 1212 Ne
1076 1167 1146 1212 ores
1167 1148 1201 1212 iu
1221 1148 1357 1230 motum
1412 1147 1532 1213 bantur
1553 1169 1589 1213 sa
1610 1159 1681 1214 ass'e
1703 1150 1766 1214 Dei
1789 1147 1942 1224 oultores,
1973 1158 2006 1211 at
2027 1145 2211 1222 saorilioiis‚
2239 1154 2274 1208 at
2301 1144 2380 1210 ieiu-

380 1236 494 1318 poputi
513 1235 610 1301 buius
631 1237 666 1300 iu
686 1235 797 1300 bouum
819 1233 894 1319 (hoo
915 1242 975 1311 est,
997 1244 1033 1298 ut
1054 1232 1278 1316 benefaciam).
1411 1233 1494 1311 niis,
1533 1233 1669 1317 aliisque
1703 1234 1849 1300 externis
1886 1231 2100 1299 eaeremoniis
2139 1229 2293 1296 volabant
2323 1230 2380 1295 hee

472 1321 523 1386 12.
560 1321 661 1404 Qum
682 1320 904 1402 meorum,
938 1339 991 1403 eqo
1023 1337 1085 1383 uou
1116 1319 1285 1383 muudum
1313 1319 1357 1385 od
1412 1328 1568 1384 testatum
1591 1341 1670 1384 osse.
1716 1321 1805 1386 Dioit
1826 1320 1928 1403 igitur
1951 1337 2017 1382 non
2039 1316 2108 1383 iore
2130 1335 2165 1382 se
2193 1315 2380 1396 propitium,

385 1405 549 1474 atomum
570 1425 692 1482 sorau,
722 1411 751 1471 et
779 1426 893 1488 quum·
908 1404 1074 1470 obtulerint
1104 1402 1297 1484 saeuorum
1329 1409 1359 1468 et
1412 1404 1464 1469 vol
1487 1404 1695 1486 exorabilem,
1718 1406 1868 1488 quamvis
1889 1404 2044 1479 ieiunant,
2067 1409 2242 1484 preoontur
2256 1406 2291 1464 at
2305 1399 2380 1464 offe-

385 1491 579 1570 ottalanus,
601 1511 653 1576 eqo
672 1511 734 1556 uou
748 1489 862 1556 bobobo
877 1495 1006 1574 protum
1043 1495 1095 1554 est
1108 1487 1195 1554 idom
1210 1488 1356 1566 verbum,
1412 1497 1487 1554 rant
1526 1490 1685 1556 saorifieia
1714 1493 1820 1556 omnis
1853 1488 1992 1573 generis.
2049 1487 2128 1564 Dixi
2171 1484 2252 1550 haee
2284 1484 2382 1551 verba

384 1575 508 1642 inillis
531 1575 760 1660 nonplaoebit
784 1575 883 1654 mihi,
912 1596 980 1640 noo
1009 1575 1173 1658 potabor,
1204 1594 1271 1639 nou
1301 1594 1357 1638 ero
1411 1577 1542 1657 proprie
1564 1575 1660 1658 dirigi
1685 1575 1724 1640 ad
1747 1577 1943 1660 hypocritas.
1987 1573 2073 1638 Nam
2102 1571 2224 1638 sumus
2253 1581 2382 1636 sontem

384 1660 575 1747 propitius):
607 1663 756 1744 quoniam
777 1661 813 1726 iu
832 1660 952 1744 plodio,
980 1661 1016 1726 iu
1035 1661 1127 1743 faute,
1155 1663 1284 1741 otperto
1305 1679 1358 1743 eqo
1413 1661 1491 1724 tiam
1514 1660 1605 1726 illam
1628 1681 1761 1727 manare
1783 1662 1897 1740 fixam,
1929 1659 2036 1724 Deum
2067 1677 2137 1722 esse
2166 1655 2381 1739 propinquum

384 1765 563 1813 momorum
583 1766 643 1814 ooo.
1412 1745 1573 1825 omuibus,
1595 1746 1652 1828 qui
1674 1768 1748 1812 oum
1771 1747 1933 1823 invooant,
1957 1742 2013 1810 sad
2037 1741 2241 1810 inveritate.
2286 1739 2383 1822 Quis·

1411 1832 1484 1914 quis
1505 1851 1582 1916 ergo
1606 1832 1715 1897 Deum
1738 1853 1820 1916 puro
1840 1831 1938 1898 eorde
1960 1831 2107 1905 invooat,
2138 1827 2209 1893 fieri
2239 1846 2306 1892 nou
2329 1845 2382 1908 po·

470 1916 584 1982 Primo
608 1925 697 1983 vetat
717 1918 810 1982 Deus
831 1915 1025 1999 prophetam
1048 1935 1142 1982 orare
1156 1936 1216 1998 pro
1231 1915 1357 1998 populo,
1412 1924 1493 1995 test,
1527 1917 1606 1999 quin
1636 1918 1776 2000 gratiam
1806 1919 1966 2000 impetret.
2010 1913 2095 1979 Nam
2125 1911 2204 1977 alibi
2230 1910 2291 1978 hoo
2313 1909 2383 1976 Deo

385 2001 659 2085 quemadmodum
691 2004 783 2086 prius
819 2002 917 2066 otiam
959 2000 1111 2067 vidimus.
1166 1999 1358 2067 Tenendum
1412 2009 1567 2084 tanquam
1590 2001 1809 2086 inseparabile
1831 2001 1997 2079 tribuitur,
2028 1997 2114 2082 quod
2137 1996 2292 2062 exaudiat
2313 2015 2383 2078 pre·

385 2095 497 2152 autem
520 2086 607 2169 quod
629 2097 710 2154 tuno
731 2088 810 2187 dixi,
840 2086 957 2152 debore
978 2087 1065 2152 hano
1086 2087 1284 2152 seutentiam
1306 2087 1358 2150 in·
1411 2107 1474 2152 aes.
1520 2086 1801 2168 Quemadmodum
1828 2107 1906 2173 erge
1937 2094 2073 2153 vooatur
2099 2082 2209 2161 Deus,
2242 2085 2290 2146 ita
2319 2100 2383 2144 non

386 2171 491 2321 tellig'
513 2170 553 2236 de
575 2172 698 2239 exsilio.
742 2172 831 2255 Quia
852 2190 932 2258 argo
953 2171 1019 2236 iam
1042 2171 1128 2255 apud
1151 2193 1185 2237 sa
1208 2171 1358 2237 deorova·
1412 2180 1520 2255 potest
1541 2193 1662 2239 exuere
1684 2173 1766 2238 illud
1788 2173 1873 2258 quod
1896 2173 1930 2237 in
1961 2172 2032 2236 aius
2061 2169 2204 2234 essentia
2232 2165 2384 2248 quodam·

384 2266 438 2322 rat
493 2278 512 2323 e

386 2342 508 2408 vetitus
541 2341 604 2409 luit
635 2343 796 2428 propheta
827 2364 936 2421 orare,
969 2341 1121 2424 quoniam
1155 2341 1358 2409 immutabile
1412 2341 1553 2409 ostendit
1574 2342 1659 2408 nihil
1680 2345 1843 2410 sinoarum
1864 2364 1936 2410 esse
1958 2343 1993 2406 iu
2016 2338 2151 2425 populo:
2184 2338 2264 2421 quia
2285 2337 2384 2402 otiam

385 2434 457 2494 erat
477 2426 559 2492 illud
582 2428 758 2494 deoretum.
794 2429 870 2494 Non
892 2428 993 2512 igitur
1013 2426 1154 2510 simplex
1175 2435 1227 2494 est
1249 2428 1359 2511 prohi·
1412 2428 1441 2493 si
1461 2429 1609 2495 ieiuuent
1630 2438 1663 2496 ot
1684 2439 1876 2512 probentur,
1906 2449 1944 2496 aa
1965 2427 2104 2492 offerant
2129 2423 2306 2500 auaritiam,
2337 2431 2384 2486 ta-

383 2513 484 2595 bitio,
517 2514 611 2595 quasi
634 2534 701 2579 ooo
723 2513 853 2580 liouorit
875 2512 1053 2597 prophetae
1086 2513 1215 2578 veniam
1244 2533 1264 2578 a
1286 2511 1358 2579 Deo
1411 2533 1489 2578 men
1511 2533 1576 2579 non
1600 2535 1678 2581 vore
1700 2515 1808 2598 ipsum
1830 2514 1954 2582 oolaot:
1988 2508 2261 2594 quemadmodum
2292 2507 2384 2590 prius

384 2597 513 2680 preoari
534 2597 586 2664 vel
605 2600 705 2664 totius
723 2599 834 2682 populi
852 2599 991 2675 nomina,
1015 2597 1068 2665 vel
1085 2596 1201 2664 saltam
1220 2597 1358 2683 piorum,
1413 2597 1499 2678 dixi,
1530 2619 1594 2664 non
1617 2620 1713 2683 possa
1733 2599 1839 2684 magis
1861 2602 1949 2682 ipsos
1970 2615 2090 2663 exuam
2113 2593 2272 2658 malitiam
2302 2611 2384 2675 quae

385 2682 443 2765 qui
465 2683 641 2750 restabant.
675 2684 788 2750 Potuit
808 2684 894 2750 enim
916 2682 1077 2767 propheta
1099 2702 1193 2748 orare
1211 2704 1269 2766 pro
1289 2692 1358 2749 toto
1413 2683 1517 2749 infixa
1538 2692 1608 2750 arat
1628 2689 1666 2749 in
1687 2705 1799 2752 eorum
1820 2684 1982 2761 medullis,
2005 2701 2103 2765 quam
2126 2678 2288 2760 Aethiops
2309 2697 2384 2760 pos-

383 2766 506 2852 populo
527 2768 563 2832 in
586 2788 721 2853 gauere,
753 2790 870 2852 nempe
891 2777 928 2833 ut
950 2769 1041 2833 Deus
1062 2769 1233 2851 temporali
1255 2788 1359 2852 poena
1414 2778 1464 2834 set
1486 2777 1613 2836 mutare
1635 2769 1762 2852 pellam,
1786 2771 1838 2836 vol
1862 2770 2021 2853 panthera
2043 2764 2188 2832 maoulas
2211 2783 2304 2828 suas:
2339 2761 2384 2826 sie

384 2859 568 2930 oonteutos,
588 2853 705 2920 saltem
722 2855 851 2920 miseris
870 2853 936 2920 illis
954 2863 1111 2936 parceret,
1131 2853 1236 2937 quoad
1254 2861 1357 2920 aetor-
1414 2854 1511 2919 etiam
1544 2853 1688 2920 ostendit
1716 2855 1777 2922 hoe
1805 2855 1891 2932 loeo,
1924 2852 2075 2938 quamvis
2103 2859 2256 2933 satagant
2275 2848 2384 2912 Deum

383 2956 463 3002 nam
491 2938 606 3004 vitam.
657 2937 786 3006 Deinde
814 2941 921 3022 potuit
947 2938 1046 3005 etiam
1075 2959 1170 3005 oraro
1198 2960 1258 3024 pro
1283 2939 1357 3005 reli·
1413 2939 1542 3022 plaoare
1564 2950 1701 3006 externa
1716 2941 1923 3023 professione,
1945 2937 2029 3005 nihil
2045 2947 2153 3002 tumau
2169 2954 2240 3000 esse
2255 2943 2385 3016 praeter

383 3022 479 3104 qniis.
526 3021 658 3090 Solebat
679 3026 767 3091 onim
790 3046 903 3091 semen
925 3023 1055 3107 aliquod
1077 3045 1211 3090 manera
1242 3045 1358 3109 quam·
1414 3024 1641 3092 mendaoium:
1662 3026 1802 3109 ideoque
1823 3027 1935 3092 irritos
1956 3025 2024 3090 iore
2051 3023 2197 3104 ipsorum
2229 3028 2385 3084 oonatus:

513 2278 552 2323 us
580 2259 737 2341 populum
766 2259 881 2324 eiioore
910 2279 929 2324 e
958 2268 1045 2322 terra
1074 2257 1252 2340 promissa,
1286 2255 1359 2322 ideo
1411 2256 1507 2323 modo
1530 2258 1668 2337 residet,
1702 2279 1819 2343 nempe
1848 2265 1883 2322 ut
1904 2276 2015 2340 prusa
2035 2253 2194 2320 emutat.
2240 2249 2308 2318 Sed
2331 2251 2383 2316 hio

286 3149 289 3156 -
384 3108 435 3173 vis
464 3107 643 3174 oeoultum:
674 3111 740 3175 imo
771 3112 840 3193 ipso
869 3120 940 3175 orat
968 3129 1054 3176 auus
1082 3131 1100 3175 a
1129 3110 1264 3194 populo:
1297 3131 1359 3176 nee
1414 3111 1491 3193 quia
1522 3111 1695 3194 profanant
1728 3133 1845 3177 nomen
1868 3111 1948 3190 Dei,
1981 3129 2082 3192 qaum
2115 3108 2161 3171 ita
2194 3123 2304 3171 erasse
2339 3102 2386 3166 illi

384 3190 509 3258 seiabat
540 3193 633 3258 modo
666 3195 793 3278 aliquos
826 3193 934 3260 adhno
967 3215 1138 3276 superesse
1171 3216 1266 3261 veros
1294 3195 1359 3261 Dei
1414 3196 1628 3262 mentiuntur.
1673 3197 1766 3264 Haeo
1794 3218 1924 3263 summa
1953 3203 2012 3262 est
2065 3190 2161 3274 Quod
2190 3199 2301 3256 autem
2333 3187 2385 3252 hio

383 3276 542 3355 oultores,
573 3277 630 3342 sed
652 3277 793 3345 habebat
839 3276 974 3344 uosdam
997 3280 1191 3358 familiares,
1221 3301 1359 3363 quorum
1415 3302 1571 3365 expressa
1593 3284 1631 3348 fit
1654 3284 1777 3348 montio
1800 3283 1929 3362 ieiunii,
1957 3280 2035 3346 hine
2058 3284 2209 3361 apparot,
2237 3275 2336 3341 etiam
2359 3274 2386 3337 si

407 3362 489 3428 latas
510 3361 592 3428 satis
613 3371 780 3446 eomperta
800 3299 850 3428 illi
880 3371 961 3429 erat.
1004 3363 1079 3429 Non
1109 3385 1187 3449 orgo
1215 3367 1359 3449 praeoise
1414 3365 1498 3431 nihil
1531 3366 1616 3432 desit
1649 3369 1757 3451 quoad
1798 3377 1970 3434 externum
2008 3361 2234 3447 splendorem,
2275 3370 2385 3424 amau

419 3467 478 3512 eus
499 3447 639 3514 exolusit
659 3468 774 3515 omnes
797 3451 867 3515 eius
889 3468 1015 3532 preoes:
1049 3448 1106 3515 sad
1135 3450 1196 3515 hoo
1222 3451 1358 3516 restrin·
1413 3449 1525 3516 Deum
1547 3473 1675 3535 sempor
1697 3455 1858 3537 respioore
1881 3452 1990 3529 fidem,
2011 3445 2286 3534 quomadmodum
2301 3443 2386 3510 vidi·

385 3533 475 3618 gitur
496 3532 537 3598 ad
559 3553 697 3615 monam
719 3535 842 3614 exsilii,
872 3553 957 3616 quae
984 3554 1060 3599 mox
1087 3533 1270 3620 infligenda
1291 3546 1361 3600 erat
1415 3557 1489 3600 mus
1510 3538 1615 3619 oapite
1638 3539 1760 3621 quinto.
1806 3536 1898 3603 Deus
1921 3556 1999 3623 ergo
2022 3555 2088 3600 non
2117 3541 2266 3597 moratur
2292 3527 2387 3621 quid·

385 3618 516 3702 populo.
559 3617 633 3684 Nisi
654 3618 740 3685 bauo
762 3620 1041 3686 oiroumstantiam
1065 3628 1223 3702 tenemus,
1252 3629 1361 3703 posset
1415 3619 1493 3703 quid
1515 3641 1634 3704 magno
1657 3623 1691 3687 in
1714 3625 1817 3706 pretio
1839 3628 1891 3688 ost
1912 3620 2001 3707 apud
2022 3621 2187 3694 hominos,
2221 3626 2254 3680 ot
2276 3625 2388 3680 movet

386 3701 491 3768 videri
512 3703 594 3770 haee
619 3703 795 3788 prohibitio
824 3703 973 3770 absurda.
1018 3703 1150 3772 Soimus
1179 3709 1267 3771 euim
1299 3705 1360 3772 hoo
1414 3707 1549 3772 animos.
1594 3705 1728 3788 Quare?
1750 3728 1827 3774 uam
1850 3707 1983 3790 rospioit
2004 3705 2101 3771 fidem
2124 3701 2241 3769 eordis.
2285 3699 2388 3764 Fides

386 3807 458 3852 esse
479 3790 690 3873 praeeipuam
712 3789 801 3855 inter
822 3790 927 3856 offitia
949 3790 1104 3871 raritatis,
1126 3799 1164 3856 ut
1181 3790 1285 3856 simus
1303 3791 1360 3857 alii
1414 3790 1481 3857 illio
1504 3791 1661 3875 aeoipitur
1681 3813 1740 3876 pro
1761 3795 1957 3878 integritate.
2003 3789 2059 3858 Sia
2081 3808 2159 3874 argo
2180 3784 2388 3851 abominatur

387 3890 446 3955 pro
469 3872 542 3938 aliis
563 3886 678 3941 mutuo
701 3875 832 3941 sollieiti
853 3895 961 3940 eoram
983 3875 1071 3952 Deo,
1100 3884 1133 3940 et
1154 3876 1202 3942 ita
1223 3877 1360 3960 quisquo
1415 3877 1507 3942 Deus
1528 3897 1583 3942 oor
1605 3877 1727 3961 duplex
1749 3886 1783 3944 at
1804 3898 2006 3960 perversum,
2029 3884 2068 3940 ut
2091 3873 2292 3958 hypooritae,
2324 3889 2388 3952 quo

388 3957 539 4040 praeibas
560 3959 630 4024 suis
651 3958 857 4027 sommendat
878 3959 1018 4024 salutem
1041 3960 1182 4027 fratrum
1213 3982 1359 4027 suorum.
1415 3962 1530 4026 maiori
1553 3961 1680 4028 fervore
1714 3964 1864 4028 feruntur
1894 3961 1935 4028 ad
1968 3982 2045 4028 suas
2077 3955 2316 4033 eaeremoniis,
2353 3975 2389 4019 eo

386 4041 501 4107 Noluit
523 4043 625 4126 igitur
648 4043 740 4110 Deus
761 4044 954 4129 prophetam
985 4047 1125 4127 spoliare
1156 4047 1218 4112 hoo
1245 4055 1359 4112 sanato
1416 4048 1520 4130 magis
1541 4068 1616 4112 oum
1639 4057 1828 4130 provooont.
1872 4049 2060 4113 Poterimus
2090 4043 2215 4128 proaari
2244 4039 2389 4124 quotidie

386 4138 420 4193 et
441 4126 539 4193 laudo
568 4127 666 4213 digno
695 4129 830 4210 affeetu,
864 4131 920 4212 qui
953 4131 1136 4197 ueoessario
1168 4132 1360 4197 eoniunetus
1415 4130 1539 4196 Deum:
1573 4143 1683 4198 tamen
1716 4153 1781 4199 non
1814 4133 2033 4199 ieiunabimus
2062 4127 2217 4215 quotidie.
2262 4126 2389 4191 Varum

387 4221 437 4278 est
459 4233 533 4279 eum
555 4213 692 4295 pietate:
725 4215 783 4280 sod
803 4215 913 4280 voluit
942 4214 1113 4280 ostendere
1139 4215 1207 4280 iam
1235 4216 1361 4282 trustra
1415 4214 1545 4299 quidam
1568 4225 1626 4292 est,
1650 4239 1761 4300 praees
1783 4239 1853 4284 osse
1876 4220 1980 4302 magis
2001 4218 2149 4282 intentas
2174 4212 2253 4277 dum
2275 4231 2389 4278 sumus

388 4298 441 4380 agi
464 4317 583 4375 seoum,
614 4308 651 4363 ut
671 4318 713 4381 po
739 4299 791 4364 ulo
813 4301 960 4366 remittat
983 4320 1119 4382 poenam
1146 4300 1248 4379 illam,
1277 4322 1360 4385 quas
1415 4299 1535 4366 ieiuni:
1574 4301 1631 4367 sed
1665 4313 1773 4369 tamen
1807 4305 1897 4368 Deus
1931 4325 1996 4368 non
2027 4303 2157 4385 flagitat
2196 4296 2389 4381 quotidiana

387 4389 460 4448 orat
481 4385 668 4448 eonstituta.
735 4383 863 4450 idemus
885 4405 963 4469 orgo
985 4386 1129 4468 primum
1150 4385 1211 4450 sub
1227 4387 1360 4451 nomina
1415 4385 1551 4451 ieiunia:
1585 4388 1675 4469 atqui
1699 4386 1784 4453 idam
1809 4388 1912 4474 exigit
1934 4408 2045 4472 preaes
2073 4397 2141 4450 tam
2170 4383 2387 4466 vespertinas,

388 4466 501 4552 populi
518 4488 583 4531 non
599 4469 704 4534 intelli
729 4470 913 4552 iainqulos,
935 4471 1012 4552 quia
1027 4470 1178 4537 manebat
1193 4470 1359 4536 residuum
1416 4491 1512 4552 quam
1535 4474 1727 4540 matutinas:
1751 4476 1815 4539 imo
1835 4473 1973 4558 siugulis
1995 4472 2085 4537 horis
2100 4469 2175 4536 vult
2195 4488 2257 4534 nos
2280 4487 2388 4534 assur·

387 4551 519 4636 aliquod
541 4573 671 4619 semen:
705 4490 823 4620 deiude
857 4553 1006 4620 uidemus
1039 4576 1106 4620 non
1136 4554 1268 4620 extendi
1298 4555 1360 4621 hoo
1415 4576 1492 4638 gere
1514 4553 1555 4620 ad
1576 4557 1816 4641 implorandam
1838 4560 1989 4644 gratiam.
2025 4556 2151 4622 Verum
2174 4551 2229 4618 ubi
2252 4554 2388 4619 aonias·

386 4637 428 4704 ad
451 4644 621 4703 aeternam
642 4639 798 4717 salutem,
832 4639 889 4705 sad
913 4641 1021 4723 potius
1043 4638 1161 4708 dabore
1190 4640 1292 4722 aooipi
1321 4639 1361 4705 de
1416 4640 1505 4724 gitur
1537 4642 1695 4708 ieiunium
1727 4664 1801 4708 oum
1834 4645 2001 4724 praeibas,
2042 4653 2120 4707 tune
2154 4659 2267 4722 praees
2300 4641 2388 4722 ipsae

388 4722 561 4806 temporali
584 4743 698 4806 poena.
730 4726 776 4788 Et
797 4724 1091 4791 demonstrativum
1114 4745 1291 4808 pronomen
1314 4725 1362 4790 in·
1413 4725 1520 4809 magis
1541 4732 1621 4792 sunt
1647 4729 1765 4794 seriae:
1798 4726 2070 4810 quomadmodum
2100 4727 2170 4791 fieri
2200 4724 2309 4808 solor,
2335 4723 2389 4789 ubi

388 4808 476 4875 dieat
497 4815 730 4892 oontomptum‚
754 4808 806 4875 vol
827 4807 1012 4875 fastidium:
1035 4811 1127 4892 quasi
1143 4808 1274 4887 diooret,
1297 4810 1359 4886 He,
1416 4811 1466 4876 vel
1489 4811 1622 4894 aliquod
1649 4810 1824 4879 disorimon
1853 4815 1968 4890 instat,
2002 4813 2056 4878 vel
2089 4809 2219 4894 aliquod
2251 4819 2389 4892 apparot

387 4892 560 5062 telle
576 4894 766 5045 tttltl.
783 4895 1361 5064 ttlltettttettt,tltttl
1415 4895 1817 5049 tulatltttttl
1831 4895 2388 5051 qllttlt”ttttltltt‘t

389 5061 508 5161 dignus
530 5074 590 5130 ost.
636 5065 689 5133 Ita
710 5085 812 5149 quum
834 5065 912 5131 dioit
933 5049 1044 5144 balab,
1074 5067 1107 5130 in
1138 5067 1269 5145 bonum,
1299 5063 1361 5130 hoe
1416 5067 1524 5131 nimus
1546 5066 1714 5146 ieiunium,
1736 5078 1774 5133 ut
1795 5005 1898 5134 alerius
1920 5033 2026 5153 magii
2048 5067 2148 5134 soluti
2171 5074 2204 5132 at
2220 5002 2388 5134 liberulis

390 5157 489 5213 enam
511 5150 626 5214 referri
648 5150 689 5215 ad
710 5149 863 5216 exsilium
886 5149 996 5216 debat:
1020 5151 1081 5216 hoo
1103 5159 1162 5228 ost,
1185 5149 1236 5216 Ne
1252 5171 1362 5233 speres
1415 5150 1689 5233 adprobandum.
1729 5152 1858 5219 Deinde
1880 5154 2039 5219 ieiunium
2061 5155 2161 5220 etiam
2183 5155 2317 5237 siguum
2340 5167 2388 5220 est

389 5232 477 5314 quod
498 5235 599 5300 semol
622 5237 708 5319 apud
730 5257 783 5302 ma
802 5236 959 5303 eonstitui
974 5234 1013 5301 da
1028 5236 1091 5301 hoo
1105 5235 1233 5319 populo,
1256 5236 1363 5301 averti
1416 5236 1667 5319 depredationis,
1702 5237 1778 5303 dum
1812 5239 1953 5304 latemur
1984 5259 2043 5304 nos
2076 5261 2146 5306 ease
2177 5259 2250 5306 reos
2280 5260 2388 5305 eoram

389 5338 484 5402 posse
516 5319 591 5385 ullis
625 5320 784 5405 praeibas.
834 5319 971 5386 Dabunt
1003 5320 1107 5406 igitur
1139 5342 1220 5405 quas
1253 5321 1362 5386 meriti
1415 5319 1504 5386 Deo:
1528 5329 1561 5386 ot
1583 5322 1631 5386 ita
1652 5322 1752 5387 otiam
1775 5325 1830 5405 qui
1849 5334 2031 5406 poooaruut,
2054 5327 2212 5410 somogia
2232 5325 2387 5390 exstimu-
