5134 6124
394 427 455 494 lto
1194 421 1577 490 Pannhouuloutos
2321 420 2380 486 176

391 615 473 698 qnod
494 615 636 698 spemin
657 613 816 680 mendacio
833 614 982 694 posuerit,
1011 611 1072 676 hoc
1095 625 1152 687 ast,
1183 609 1268 692 qnod
1300 608 1362 676 sibi
1499 610 2041 689 obtumescentem:
2061 613 2140 688 ticos,
2172 609 2382 692 aquationem

393 701 601 768 accersirent
634 698 710 764 hino
743 697 819 762 inde
852 718 955 764 vanas
987 695 1137 764 fiducias:
1175 705 1207 763 et
1238 695 1364 760 interea
1412 697 1608 764 scortationis
1627 704 1699 762 tuac
1718 716 1815 776 snper
1834 701 1953 762 noca
1973 697 2010 761 in
2030 714 2107 777 apro
2126 693 2203 771 uidi,
2224 693 2382 760 menoa-

393 808 460 853 non
491 785 673 869 respexerit
705 783 747 849 ad
781 783 898 865 Deam,
931 785 997 848 imo
1030 783 1195 864 putaverit
1228 799 1263 844 sa
1297 779 1363 844 lora
1414 783 1511 848 tiones
1531 787 1618 848 tneo:
1638 803 1697 848 occ
1718 781 1775 847 libi
1790 782 1981 848 Ierusalem:
2001 800 2064 846 non
2080 777 2282 844 monoteta
2297 785 2382 862 post·

394 878 514 954 tutam,
536 890 637 952 quum
661 869 751 934 Dans
773 881 859 934 asam
885 868 1042 933 intensus.
1088 867 1130 932 Et
1152 866 1225 931 ideo
1248 865 1364 928 adiun·
1414 867 1495 934 boo?
1517 887 1676 950 quousque
1696 867 1821 934 mbae?

395 959 453 1042 git,
486 957 536 1022 on
557 954 652 1022 oblite
672 974 705 1020 ca
725 955 796 1018 mei.
840 953 930 1019 Pieri
957 954 1046 1020 enim
1076 972 1142 1016 non
1173 961 1299 1034 poterat
1327 958 1365 1014 ιιι

394 1042 509 1108 Iudaei
531 1041 671 1106 salntem
701 1048 850 1122 peterent
871 1039 924 1102 vel
948 1039 989 1104 ab
1012 1037 1193 1122 Aegyptiis,
1217 1036 1268 1100 vel
1292 1034 1365 1100 aliis
1501 1037 1566 1102 Hic
1589 1037 1736 1120 pluribus
1761 1037 1867 1103 vorbis
1897 1036 2088 1119 exsequitur
2115 1034 2272 1119 propheta
2299 1034 2383 1116 quod

395 1128 540 1211 profanis
564 1125 725 1210 gentibue,
748 1124 800 1188 rel
823 1124 920 1190 enam
944 1126 984 1190 ab
1007 1124 1099 1190 idolis
1122 1124 1200 1201 suis,
1223 1121 1285 1187 nisi
1309 1120 1364 1186 ab·
1417 1135 1492 1188 aute
1515 1124 1595 1199 dixi,
1626 1144 1741 1206 nempe
1771 1122 1925 1208 populum
1955 1125 2039 1187 iuste
2066 1120 2177 1203 puniri
2199 1143 2218 1186 a
2241 1119 2322 1196 Deo,
2352 1133 2385 1183 et

395 1215 480 1280 iacto
511 1212 593 1277 Deo.
655 1209 693 1276 si
732 1209 817 1274 enim
850 1210 912 1275 hoc
947 1208 1045 1291 probe
1078 1208 1193 1275 luisset
1224 1207 1364 1272 infixum
1416 1209 1548 1291 quidem
1578 1211 1626 1274 ita
1651 1209 1804 1293 graviter,
1833 1209 1983 1292 quoniam
2012 1228 2079 1272 non
2108 1228 2173 1271 uno
2201 1205 2237 1270 in
2266 1225 2386 1290 genera

396 1318 509 1365 eornm
532 1295 708 1374 mentibus,
730 1296 837 1361 Deum
860 1295 980 1361 babere
1002 1315 1113 1360 curam
1141 1293 1254 1358 salutis
1283 1292 1366 1374 ipso·
1416 1297 1525 1362 Deum
1548 1300 1792 1377 provocaverat,
1818 1305 1855 1360 nt
1878 1293 2028 1362 diximus.
2058 1291 2114 1358 aad
2143 1291 2199 1356 din
2226 1301 2260 1356 et
2287 1291 2384 1356 obsti-

395 1404 479 1467 tum,
512 1381 599 1448 hand
627 1379 723 1446 dubie
752 1381 899 1448 conteuti
927 1381 1065 1448 tunsam
1092 1381 1161 1445 eiua
1192 1377 1365 1462 praesidio.
1418 1391 1492 1446 nata
1522 1380 1707 1461 perstiterat
1740 1381 1774 1443 iu
1804 1380 1872 1446 suis
1904 1377 2090 1446 sceleribus.
2150 1377 2255 1441 Porro
2286 1397 2385 1458 quum

396 1472 488 1553 Ergo
513 1468 588 1533 binc
610 1468 715 1549 potuit
736 1466 937 1549 ingratitudo
959 1486 1070 1532 eorum
1092 1465 1250 1540 convinci,
1280 1461 1365 1545 quod
1417 1468 1528 1532 variae
1550 1476 1659 1530 assent
1681 1465 1841 1532 scelernm
1862 1465 1994 1547 species,
2048 1462 2185 1546 rophata
2214 1483 2280 1527 non
2308 1483 2386 1526 enu-

396 1557 443 1622 ita
465 1554 707 1635 transfugerent
728 1551 769 1616 ad
791 1572 866 1634 spes
881 1552 1186 1633 rauasetimpias:
1208 1549 1366 1631 quiahoc
1418 1563 1522 1617 marat
1546 1571 1658 1616 omnes
1686 1550 1747 1616 hoc
1774 1550 1852 1617 loon.
1898 1549 1982 1615 Nam
2012 1485 2088 1615 aiibi
2120 1545 2261 1614 vidimus
2287 1546 2387 1612 luisse

396 1653 468 1708 erat
489 1638 647 1722 derogare
668 1636 862 1703 tantundem
885 1636 966 1712 Deo,
990 1645 1024 1702 et
1045 1637 1216 1703 detrahere
1238 1656 1279 1700 ax
1297 1635 1367 1699 eins
1419 1658 1484 1703 non
1500 1645 1628 1701 tantum
1644 1635 1770 1700 deditos
1785 1633 2084 1718 superstitionibus,
2102 1633 2159 1699 sed
2175 1633 2274 1699 etiam
2289 1633 2388 1696 luisse

397 1725 557 1809 potentia,
597 1725 690 1806 qnasi
724 1743 788 1787 nou
822 1723 984 1788 sufficerat
1017 1722 1057 1786 ad
1090 1743 1145 1787 eos
1178 1721 1365 1786 servandos.
1418 1736 1452 1788 st
1474 1731 1679 1799 scortatores,
1712 1731 1746 1786 at
1775 1720 1927 1798 ebriosos,
1960 1729 1993 1786 et
2025 1719 2170 1785 addictos
2200 1715 2326 1799 rapinis
2355 1727 2388 1780 et

396 1811 494 1878 Nunc
515 1809 670 1892 sequitur,
946 1882 949 1888 ,
1420 1808 1600 1874 violentiis:
1640 1828 1754 1872 verum
1787 1807 1841 1872 hic
1873 1815 1999 1872 tantum
2034 1804 2074 1870 da
2106 1802 2389 1885 superstitionibus

1418 1896 1563 1977 ipsorum
1585 1892 1741 1975 loquitur,
1771 1891 1855 1974 qnod
1879 1891 2001 1957 scilicet
2023 1890 2142 1956 reiecto
2166 1887 2237 1952 Deo
2259 1888 2390 1970 sequuti

482 1980 533 2046 26.
557 1978 600 2044 Et
620 1979 714 2044 niem
732 1998 784 2062 epo
802 1977 923 2044 nndobo
945 1978 1009 2064 (rel
1029 1973 1277 2060 discooperiam)
1298 1975 1368 2057 fim-
1420 1980 1542 2046 luerint
1563 1998 1622 2043 sua
1644 1977 1740 2043 idola.
1785 1976 1869 2041 Nam
1900 1997 1957 2058 per
1985 1975 2146 2042 adulteria
2177 1973 2264 2038 haud
2293 1971 2390 2038 dubie

397 2067 487 2132 brios
508 2070 580 2132 tuos
606 2065 641 2128 in
667 2063 782 2146 facicm
805 2069 892 2129 lnam
918 2063 1028 2149 (super
1058 2061 1173 2128 taciem
1201 2060 1314 2146 tuam),
1342 2065 1370 2126 et
1419 2064 1641 2147 metaphorice
1663 2064 1825 2147 significat
1846 2059 2053 2127 idololatrias.
2091 2058 2203 2143 Neque
2226 2059 2312 2124 enim
2336 2057 2391 2122 hic

397 2151 567 2234 ospicidno
587 2150 760 2233 iprtominio
786 2155 842 2215 tna
869 2148 989 2234 (potest
1009 2149 1109 2214 etiam
1138 2147 1172 2211 in
1196 2149 1369 2230 praeterito
1421 2151 1564 2233 loquitur
1585 2148 1625 2212 de
1647 2147 1852 2226 scortatione,
1875 2167 1958 2231 quae
1981 2156 2091 2213 tamen
2113 2143 2250 2209 nimiam
2274 2163 2390 2292 regna·

397 2249 543 2320 tempore
565 2236 684 2317 exponi
707 2235 761 2299 hio
783 2253 913 2299 vemas:
935 2235 1164 2318 sedquoniam
1181 2231 1369 2298 vaticinium
1424 2235 1477 2300 bat
1497 2236 1532 2299 in
1557 2233 1676 2317 populo
1702 2234 1775 2299 illo:
1808 2231 1865 2298 sad
1898 2243 2026 2298 tantum
2061 2241 2191 2298 accusat
2222 2249 2307 2312 popu
2324 2249 2391 2306 um,

398 2333 457 2400 aet,
480 2320 553 2388 ideo
576 2341 641 2386 non
664 2320 778 2387 insisto
801 2319 928 2386 curiose
949 2319 982 2384 in
1003 2318 1111 2386 verbis
1132 2328 1191 2384 aut
1212 2318 1247 2381 in
1270 2316 1371 2402 sylla·
1421 2321 1498 2404 quia
1519 2320 1699 2385 desciverat
1722 2317 1761 2384 ad
1783 2318 1902 2401 impios
1924 2326 1956 2383 at
1984 2336 2156 2400 perversos
2185 2314 2302 2380 cultus.
2348 2313 2392 2378 Et

399 2407 465 2474 his:
495 2405 552 2472 sed
574 2426 705 2470 sensum
729 2404 892 2470 duntaxat
914 2405 1065 2488 respicio:
1096 2423 1281 2487 quanquam
1304 2423 1370 2468 nou
1421 2407 1486 2472 huc
1508 2407 1607 2472 etiam
1629 2415 1754 2488 spectat
1775 2404 1861 2486 quod
1884 2402 1984 2480 addit,
2009 2401 2165 2468 Hinnitns
2184 2404 2262 2466 tnos.
2307 2398 2393 2463 Nam

399 2493 486 2558 male
507 2493 605 2558 etiam
624 2491 807 2566 conveniet,
828 2491 857 2556 si
873 2502 1039 2556 vertamus
1055 2491 1090 2554 in
1110 2503 1254 2571 tempore
1299 2508 1371 2552 rae·
1422 2492 1498 2557 alibi
1520 2491 1618 2556 etiam
1637 2491 1757 2555 scimus
1771 2488 1833 2554 hac
1848 2487 2062 2554 similitudine
2080 2484 2236 2568 probrose
2253 2483 2394 2567 exprimi

400 2579 506 2656 terito,
529 2575 624 2660 qnasi
646 2575 806 2659 propheta
829 2575 869 2640 de
892 2596 927 2641 re
949 2578 1014 2642 iam
1037 2575 1122 2640 iacta
1144 2509 1305 2658 dimetati.
1423 2577 1583 2642 furiosam
1605 2574 1697 2640 illum
1719 2576 1887 2658 impetum,
1911 2596 1973 2657 quo
1989 2571 2200 2655 rapiebantur
2214 2569 2330 2635 Iudaei
2353 2567 2394 2634 ad

1422 2683 1484 2729 aua
1512 2663 1678 2745 figmenta.
1729 2659 1904 2745 Significat
1932 2657 2059 2742 quidam
2089 2654 2255 2722 interdum
2283 2653 2394 2719 exsul·

485 2746 666 2813 Continuat
687 2767 779 2811 snam
803 2745 999 2813 doctrinam:
1026 2744 1114 2829 qnod
1134 2744 1258 2811 scilicet
1278 2741 1371 2810 Deus
1423 2762 1510 2813 tare:
1545 2766 1620 2812 uam
1654 2744 1790 2811 verbnm
1818 2731 1881 2814 bnt
1915 2756 1964 2811 ast
1998 2743 2173 2808 exsultare.
2229 2738 2296 2807 Sed
2331 2739 2394 2818 hic,

399 2853 465 2898 non
489 2833 561 2898 sine
583 2830 761 2898 iustissima
783 2852 880 2898 causa
902 2842 968 2897 tam
995 2851 1129 2898 severus
1151 2832 1193 2896 sit
1215 2828 1370 2896 adversus
1423 2830 1695 2916 quemadmodum
1719 2831 1815 2896 ctiam
1838 2852 1908 2914 cap.
1932 2829 1951 2896 8
1976 2829 2129 2907 vidimus,
2155 2827 2313 2908 accipitur
2335 2844 2394 2908 pro

399 2917 566 3002 populum.
606 2915 721 3000 Neque
742 2917 829 2982 anim
848 2917 1077 3001 postulandum
1101 2917 1173 2999 init,
1197 2921 1234 2980 nt
1256 2915 1370 2980 mitius
1423 2920 1565 2984 hinnitu.
1609 2917 1698 2982 Dicit
1720 2937 1807 3000 ergo,
1835 2915 2006 2982 Adulterio
2028 2920 2082 2980 tuo
2103 2919 2132 2978 ct
2150 2909 2292 2978 tinnitos
2313 2915 2393 2975 loos.

400 3013 521 3086 ageret,
544 3023 644 3086 quum
667 3002 816 3085 populus,
839 3023 878 3068 eo
900 3003 1028 3080 reiecto,
1051 3001 1099 3069 sic
1114 3012 1283 3085 raperetur
1298 3009 1371 3083 post
1423 3004 1497 3072 Hoc
1519 3016 1628 3070 antem
1651 3003 1748 3086 longe
1770 3001 1897 3086 turpius
1915 3013 1972 3074 est.
1996 3020 2094 3083 qnam
2110 3001 2137 3065 si
2153 2997 2289 3063 dixisset
2303 2995 2395 3077 cupi·

401 3109 504 3152 vanas
525 3087 689 3152 fiduciae·
714 3087 782 3170 Epo
799 3109 926 3169 quoqne,
948 3089 1062 3172 inquit.
1107 3088 1193 3153 Nam
1212 3085 1371 3170 particula
1424 3089 1551 3156 ditatas.
1596 3085 1728 3154 Scimus
1750 3085 1837 3152 anim
1859 3086 2051 3170 exaggerari
2075 3085 2136 3150 hac
2153 3082 2396 3165 comparatione

401 3185 440 3242 m
464 3170 596 3238 denotat
611 3170 734 3253 aliquid
751 3187 922 3238 mutuam:
945 3175 1036 3255 qnasi
1055 3171 1186 3252 diceret,
1206 3173 1277 3257 ligo
1295 3192 1372 3254 quo-
1424 3177 1562 3241 crimsn:
1592 3172 1680 3256 qaod
1702 3171 1826 3238 scilicet
1850 3193 1916 3237 non
1939 3190 2061 3237 resana
2082 3169 2177 3234 modo
2200 3179 2234 3234 et
2264 3177 2397 3232 tantum

400 3277 464 3340 qne
497 3257 585 3321 vices
618 3275 707 3322 meas
740 3255 881 3322 habebo:
916 3277 991 3322 nam
1025 3257 1108 3323 ratio
1141 3257 1223 3322 mihi
1255 3266 1305 3322 ast
1334 3257 1371 3321 in
1424 3261 1570 3326 hamana
1586 3259 1780 3341 intemperie
1800 3259 1987 3341 flagrarent,
2011 3251 2284 3339 quemadmodum
2302 3250 2396 3318 adul·

402 3361 513 3418 manu,
543 3359 608 3423 qua
635 3360 687 3404 ma
716 3340 867 3407 ulciscar:
901 3343 995 3424 qnasi
1023 3343 1154 3419 diceret.
1184 3343 1256 3425 Ego
1286 3350 1371 3407 reta·
1425 3347 1486 3410 teri
1509 3353 1583 3428 post
1604 3355 1711 3412 scorta
1735 3364 1795 3408 sua
1816 3342 1967 3408 feruntur
1988 3341 2044 3407 sed
2066 3338 2153 3424 quod
2176 3349 2285 3405 assem
2305 3337 2397 3402 aimi-

401 3427 488 3494 liabo
520 3425 606 3492 hanc
638 3438 730 3491 tuam
763 3426 1047 3510 ingratitudinem:
1082 3449 1159 3492 nam
1192 3427 1287 3491 sicuti
1320 3446 1373 3490 me
1425 3430 1473 3496 les
1506 3431 1605 3511 equis,
1633 3430 1686 3495 val
1717 3429 1829 3494 tauris.
1873 3427 2041 3494 Adulterio
2070 3426 2171 3511 igitur
2192 3429 2296 3490 tnaet
2325 3421 2398 3487 diro·

401 3512 637 3596 contempsisti,
665 3513 711 3577 ita
740 3532 801 3595 ego
825 3523 857 3575 te
879 3533 1041 3595 exponam
1063 3513 1190 3596 probro,
1220 3521 1252 3576 et
1280 3510 1373 3594 iguo·
1424 3516 1512 3581 ntus
1532 3521 1609 3580 taos.
1654 3513 1792 3592 Deinde,
1813 3513 2033 3597 copiteticncrn,
2054 3511 2171 3596 iuquit,
2192 3509 2398 3575 scortationis

402 3599 533 3665 miniae.
579 3596 705 3662 Fuerat
733 3597 822 3662 enim
846 3597 936 3664 Deus
964 3596 1099 3680 indigna
1128 3607 1256 3680 spretus
1278 3615 1297 3659 a
1319 3595 1374 3659 ln·
1426 3605 1504 3664 tnnc.
1557 3599 1640 3664 Nam
1670 3613 1729 3666 not
1758 3599 1811 3664 hic
1841 3598 1999 3684 accipitur
2028 3617 2086 3680 pro
2116 3595 2329 3678 rogitatione:
2365 3603 2399 3660 et

404 3684 502 3762 dacis,
525 3704 626 3767 quum
649 3681 685 3746 in
707 3683 777 3748 eina
799 3683 905 3748 locum
932 3683 1170 3748 substituerent
1193 3681 1375 3766 Aegyptios
1427 3685 1507 3750 haec
1529 3696 1578 3748 est
1608 3685 1739 3767 propria
1762 3684 1850 3750 vocis
1880 3683 2084 3768 significatio.
2129 3681 2301 3765 Accipitur
2324 3681 2398 3762 qni·

403 3781 522 3834 staua
550 3767 647 3833 idola.
692 3767 850 3834 Potuitne
880 3770 1002 3834 maiore
1030 3769 1212 3854 ignominia
1239 3765 1279 3831 ab
1309 3766 1375 3832 illis
1427 3769 1500 3835 dem
1523 3789 1618 3853 saepe
1640 3769 1674 3834 in
1697 3769 1816 3833 malem
1839 3779 1983 3851 partem:
2005 3768 2062 3835 aad
2084 3788 2149 3833 non
2172 3765 2294 3846 dubito,
2317 3765 2400 3847 quin

402 3853 499 3936 affici,
520 3875 621 3937 quum
639 3854 709 3918 eins
731 3854 869 3939 gloriam
893 3855 1106 3920 transferrent
1129 3851 1169 3919 ad
1193 3852 1318 3936 impios.
1342 3861 1375 3917 et
1427 3855 1585 3939 propheta
1617 3853 1670 3920 hic
1702 3853 1841 3919 colorem
1874 3856 2059 3939 abstergere
2092 3852 2235 3917 voluerit
2266 3871 2330 3934 quo
2364 3869 2400 3916 ss

403 3937 445 4003 ad
473 3958 534 4004 sna
562 3938 740 4023 figmonta?
786 3936 945 4004 Videmus
978 3960 1056 4022 ergo
1084 3939 1212 4022 pondus
1242 3938 1374 4004 subesse
1427 3943 1579 4006 innabant
1600 3940 1724 4018 Iudaei,
1758 3959 1859 4022 quum
1881 3938 2028 4006 dicerent
2050 3937 2110 4005 sibi
2137 3938 2172 4001 in
2194 3936 2304 4002 animo
2327 3956 2400 4001 esea

341 4067 343 4074 ,
403 4025 437 4090 in
459 4023 522 4090 bac
543 4023 703 4107 particula
725 4037 761 4092 nt
784 4044 886 4106 quum
909 4023 997 4104 dicit,
1016 4021 1084 4108 Epo
1106 4045 1223 4106 qnoque
1243 4023 1374 4099 nudabo,
1427 4028 1532 4092 colere
1551 4025 1669 4102 Deum,
1691 4025 1842 4108 quamvis
1861 4025 1980 4090 multoe
1998 4025 2082 4089 ritus
2101 4022 2316 4098 cumularent,
2341 4023 2401 4103 qni

405 4109 457 4174 rel
480 4107 723 4191 discooperiam,
750 4109 895 4190 fimbrias
916 4115 987 4174 loos
1013 4128 1110 4194 stipor
1135 4109 1250 4190 facim
1276 4115 1374 4190 torm,
1427 4133 1492 4177 non
1514 4125 1608 4176 erant
1629 4111 1664 4176 in
1686 4109 1759 4194 lege
1788 4109 1989 4194 praescripti.
2015 4108 2198 4192 'Propheta
2220 4107 2323 4192 igitur
2345 4107 2401 4172 hic

403 4194 465 4260 hoc
487 4205 545 4272 est,
569 4193 712 4260 reiiciam
734 4194 880 4260 fimbrias
902 4205 976 4262 tuas
1005 4215 1104 4278 snper
1131 4196 1243 4260 taciem
1274 4202 1374 4258 tuam.
1427 4198 1526 4263 etiam
1548 4196 1653 4278 magis
1681 4195 1769 4278 ipsos
1797 4203 1900 4279 urget,
1935 4194 2020 4277 qnod
2054 4195 2177 4260 scilicet
2208 4194 2299 4257 intus
2331 4194 2401 4257 sint

403 4279 497 4346 Haec
519 4279 602 4345 ratio
628 4277 779 4363 loquendi
802 4301 897 4365 saepe
918 4280 1060 4346 occurrit
1081 4279 1166 4364 apud
1188 4279 1374 4364 prophetas.
1428 4281 1514 4364 pleni
1544 4279 1762 4362 impudicitia:
1796 4279 1890 4364 quasi
1923 4278 2055 4359 diceret,
2088 4279 2162 4344 Non
2193 4285 2324 4346 tantum
2359 4277 2401 4342 da

404 4363 678 4448 quamadmodum
705 4363 770 4430 iam
793 4366 938 4448 exposui,
966 4365 1129 4449 significat
1151 4379 1297 4448 retegere
1319 4384 1375 4446 pn·
1427 4365 1548 4448 apertis
1568 4364 1702 4449 flagitiis
1723 4385 1781 4431 voa
1803 4386 1928 4446 accuso,
1957 4363 2013 4430 scd
2042 4367 2130 4430 intua
2160 4364 2294 4428 terretis
2324 4363 2401 4427 libi-

404 4449 524 4514 deada:
548 4447 818 4531 quemadmodum
841 4451 868 4514 si
891 4450 1053 4534 impudica
1069 4448 1186 4514 mulier
1202 4448 1375 4514 damnetur
1428 4451 1515 4516 dine:
1556 4451 1632 4534 quia
1670 4451 1822 4533 impietas
1865 4451 1912 4516 sio
1954 4460 2089 4534 occupat
2129 4469 2243 4514 omnes
2280 4469 2402 4514 sensns

406 4534 448 4601 ad
480 4535 542 4601 hoo
575 4534 714 4600 dedecus
746 4535 985 4617 sustinendum,
1018 4555 1134 4618 nempe
1167 4545 1203 4599 nt
1231 4532 1375 4601 restibus
1428 4546 1563 4612 vestros,
1587 4545 1623 4600 ut
1646 4536 1737 4602 Dens
1766 4535 1855 4600 nullo
1885 4537 1928 4602 ait
1956 4536 2041 4619 apud
2064 4555 2122 4600 ros
2150 4533 2228 4601 loco.
2274 4532 2402 4614 Quem·

405 4621 533 4686 reiectis
564 4619 715 4685 trahatur
736 4621 771 4684 in
793 4620 969 4704 publicum,
998 4621 1046 4686 ita
1068 4631 1104 4686 ιιι
1125 4639 1236 4685 omnes
1259 4617 1376 4684 ebhor-
1428 4620 1603 4687 admodum
1626 4623 1744 4686 mulier
1766 4620 1929 4705 impudica
1953 4621 2034 4686 nihil
2053 4620 2140 4686 alind
2158 4622 2280 4704 cogitat
2299 4640 2401 4703 quam

405 4717 501 4771 reant
529 4725 548 4769 a
575 4715 643 4770 tam
672 4703 766 4770 ioado
795 4705 978 4788 spectaculo
1007 4717 1040 4772 et
1069 4703 1230 4791 pudendo.
1276 4703 1374 4781 Dens.
1428 4728 1561 4790 spurcos
1583 4726 1659 4771 snos
1681 4727 1816 4784 amores,
1839 4717 1871 4772 et
1894 4708 2018 4790 rapitur
2036 4716 2107 4790 post
2124 4725 2200 4770 suos
2218 4705 2400 4770 adulteros:

405 4789 678 4875 quemadmodum
700 4799 776 4854 ante
800 4789 950 4868 vidimus,
973 4789 1081 4858 locum
1105 4789 1213 4856 mariti
1244 4790 1376 4853 tenebat
1428 4795 1475 4858 sio
1497 4793 1595 4858 etiam
1622 4811 1680 4855 vos
1710 4811 1843 4875 prorsus
1872 4791 1992 4858 addicti
2021 4791 2100 4857 estis
2129 4791 2248 4858 vestris
2275 4799 2401 4858 scorta·

405 4879 440 4941 in
471 4876 590 4961 populo
624 4873 689 4940 illo.
743 4873 853 4955 Quum
884 4896 961 4960 ergo
990 4878 1103 4943 luisset
1132 4889 1198 4940 tam
1228 4874 1377 4957 improbe
1430 4878 1580 4943 tionibus.
1625 4874 1767 4955 Quidam
1789 4877 1904 4960 legunt
1923 4898 2078 4955 seorsum,
2098 4886 2132 4942 at
2149 4876 2263 4942 dicunt
2284 4877 2319 4940 in
2342 4898 2402 4940 no·

405 4974 621 5047 contemptus,
644 4981 731 5027 nunc
754 4961 832 5026 dicit
855 4961 940 5026 hano
970 4961 1124 5027 ultionem
1155 4959 1217 5026 sibi
1246 4980 1315 5025 esse
1342 4962 1376 5023 in
1429 4961 1585 5028 minativo
1619 4979 1706 5037 casu,
1736 4961 1907 5027 Adulteria
1937 4971 2002 5039 tna,
2035 4976 2069 5027 at
2097 4961 2247 5026 hinnitus
2275 4964 2333 5040 tui,
2368 4971 2402 5024 et

407 5059 568 5130 promptu,
593 5053 630 5112 ut
652 5045 776 5112 reliciat
803 5066 902 5129 super
929 5047 1044 5112 faciem
1074 5045 1185 5131 populi
1214 5045 1375 5110 fimbrias:
1429 5048 1583 5132 cogitatio
1617 5047 1819 5112 scortationis
1853 5061 2056 5131 tuae-snper
2085 5057 2223 5112 montes.
2279 5049 2403 5112 Postea

407 5147 443 5196 nt
465 5133 586 5198 scilicet
608 5131 797 5216 ignominia,
820 5132 871 5196 rel
888 5131 1054 5212 turpitudo
1071 5142 1224 5214 appareat
1246 5131 1280 5195 in
1305 5151 1377 5214 par·
1430 5133 1562 5211 addunt,
1585 5130 1627 5195 In
1650 5153 1726 5215 apro
1746 5133 1813 5196 cidi
1834 5134 2075 5199 abominationes
2099 5127 2181 5198 toas.
2226 5130 2294 5198 Sed
2318 5131 2402 5197 mihi

407 5215 493 5282 tibus
515 5217 685 5301 pudendis.
726 5218 845 5285 Postea
867 5217 1021 5300 seqnitur,
1432 5219 1536 5302 magis
1568 5217 1724 5300 probator
1752 5231 1926 5300 perpetuus
1955 5227 2143 5284 contextus:
2175 5219 2223 5282 ita
2251 5238 2403 5302 compra-

1431 5303 1537 5370 bando
1559 5305 1668 5367 omnia
1688 5304 1748 5368 sub
1766 5303 1863 5366 verbo
1886 5317 1988 5372 'n’tt't
2020 5304 2188 5370 Adnlleria
2211 5303 2313 5388 igitur
2335 5309 2403 5384 tna,
