5118 6136
363 439 424 504 591
1173 432 1562 501 PRAELEGTIONES
2306 432 2370 498 592

450 625 501 690 sd
525 623 752 688 refutationem
776 621 989 698 somniorum,
1020 619 1138 703 quibus
1169 619 1240 684 falsi
1264 641 1338 703 pro·
1390 641 1509 686 menan
1531 643 1634 704 saeos,
1657 622 1712 686 ubi
1731 623 1801 685 eius
1817 621 1969 686 effaetum
1986 621 2138 703 produoit
2152 628 2229 686 ante
2246 621 2368 698 oeulos,

362 714 482 799 phetae
504 709 661 793 populum
684 707 940 780 inebriaverant,
971 707 1089 772 iterum
1114 707 1232 788 repetit
1252 706 1338 788 quod
1391 727 1467 788 qura
1496 709 1551 772 nbi
1579 706 1672 772 Deus
1699 717 1827 771 tantum
1858 707 2021 788 loquitur,
2050 716 2085 772 et
2112 728 2165 772 res
2192 707 2265 790 ipsa
2291 728 2369 773 non·

363 801 501 874 dixerat,
526 816 642 876 nempe
664 795 763 858 finam
787 791 894 857 exsilii
913 813 978 856 non
1001 794 1092 874 prius
1115 813 1186 856 esse
1207 811 1338 874 exspet-
1390 790 1468 855 dum
1498 801 1650 876 apparet,
1687 793 1818 857 videtur
1847 792 2085 874 quodammode
2114 793 2221 858 iaoere
2251 813 2368 873 sermo,

363 883 515 962 tandum,
547 901 644 963 quam
679 878 797 960 elapsis
830 877 872 941 te
905 880 1009 942 annis.
1065 878 1110 942 Et
1142 877 1223 942 haee
1256 878 1339 941 ratio
1390 889 1424 940 et
1453 899 1525 942 esse
1558 877 1695 944 inutilis.
1740 878 1843 959 Atqui
1874 898 1932 960 per
1954 878 1997 941 70
2016 897 2120 942 annos
2142 876 2255 942 Iudaei
2285 878 2369 942 nihil

364 969 498 1036 doeendi
519 966 692 1031 observatu
715 963 814 1046 digua
836 973 895 1039 est,
924 964 1000 1045 quia
1022 964 1142 1028 veritas
1165 962 1230 1027 Dei
1255 985 1339 1028 sem·
1390 963 1477 1027 aliud
1497 966 1665 1044 eoueipere
1684 975 1843 1046 poterant,
1867 985 1965 1045 quem
1983 964 2089 1027 Deum
2112 983 2184 1030 esse
2201 963 2368 1041 infestum,

363 1077 421 1138 per
448 1053 571 1120 valebit
597 1051 638 1116 ad
669 1050 888 1114 dieoutiendes
917 1069 1031 1114 omnes
1061 1049 1195 1113 nebulas
1223 1049 1339 1130 quibus
1391 1060 1424 1112 et
1454 1051 1501 1113 ita
1530 1051 1659 1114 assidue
1687 1051 1812 1113 terreri.
1863 1048 1994 1114 lsoebat
2026 1051 2114 1113 enim
2143 1050 2236 1131 quasi
2266 1050 2369 1114 otiosa

363 1139 468 1206 Satan
510 1158 576 1202 noa
616 1136 736 1200 desinit
780 1134 948 1199 involvere
990 1154 1107 1216 puram
1149 1134 1338 1199 doctrinam.
1391 1136 1571 1218 promissio,
1594 1136 1747 1217 quoniam
1771 1134 1907 1198 effeetus
1930 1133 2075 1198 nondum
2098 1134 2238 1216 patebat.
2277 1135 2368 1199 Diei·

363 1221 648 1306 Quemadmodum
672 1241 750 1304 ergo
777 1231 853 1285 ante
884 1220 1041 1300 vidimus,
1069 1241 1170 1302 quum
1200 1220 1339 1303 populus
1392 1233 1447 1285 tur
1469 1242 1547 1303 ergo
1574 1223 1662 1285 Deus
1683 1240 1855 1286 ammonem
1874 1239 1969 1285 suum
1987 1221 2130 1298 samiera,
2154 1217 2231 1284 dum
2251 1220 2370 1301 probat

362 1312 511 1377 imbutus
533 1320 584 1373 est
605 1307 712 1390 aliquo
734 1326 852 1382 errore,
876 1305 1339 1372 fortiteresseresistendum:
1391 1328 1425 1370 se
1460 1308 1524 1370 rion
1554 1306 1676 1372 frustra
1705 1306 1828 1387 aliquid
1859 1306 1957 1369 luisse
1987 1305 2178 1387 pollioitum.
2229 1305 2370 1369 Summa

363 1398 411 1461 ita
432 1397 532 1460 etlam
555 1413 643 1458 nuno
664 1392 815 1457 videmus
837 1392 956 1474 quibus
983 1392 1082 1456 armis
1112 1413 1259 1475 pugnare
1286 1392 1339 1455 de·
1389 1404 1456 1466 est,
1497 1393 1687 1458 vatioioium
1721 1390 1805 1473 quod
1841 1391 1955 1455 retulit
1987 1391 2160 1466 Ieremias,
2197 1412 2264 1456 non
2297 1411 2369 1456 esse

363 1481 461 1547 beant
482 1499 596 1546 omnes
615 1479 701 1543 servi
725 1477 805 1552 Dei,
836 1478 875 1541 ad
899 1477 1091 1542 evertendas
1113 1499 1225 1542 omnes
1247 1476 1338 1541 tella·
1391 1497 1530 1542 vanum:
1560 1478 1644 1559 quod
1674 1478 1703 1542 si
1732 1498 1798 1541 non
1821 1477 1934 1542 statim
1955 1476 2017 1541 hoe
2040 1485 2197 1558 agnoscet
2219 1477 2369 1559 populus,

363 1569 440 1647 eias,
458 1565 577 1649 quibus
592 1564 758 1644 impetitur
774 1584 857 1645 pura
871 1563 1025 1638 dootrina,
1042 1583 1159 1643 nempe
1174 1573 1340 1644 opponunt
1391 1574 1499 1626 tamen
1516 1563 1625 1628 Deum
1650 1562 1791 1641 tandem,
1814 1563 1868 1627 ubi
1892 1573 2022 1644 tempus
2040 1560 2219 1640 advenerit,
2241 1582 2278 1625 re
2297 1563 2370 1644 ipsa

364 1654 530 1718 verbum„
563 1650 652 1715 Hioo
681 1649 768 1712 enirn
796 1651 954 1712 rationem
985 1648 1076 1713 nobis
1103 1669 1160 1713 suo
1189 1648 1339 1730 exemplo
1391 1650 1604 1730 probaturum
1628 1670 1723 1730 quam
1754 1669 1819 1712 non
1849 1648 1940 1712 fallat
1961 1669 2052 1721 suos,
2083 1647 2133 1712 vel
2163 1647 2261 1712 laetat
2282 1649 2371 1728 ipsos

363 1737 557 1822 praeseribit
580 1734 747 1800 Ieremias.
793 1734 966 1816 [loquutus
992 1747 1043 1799 est
1072 1733 1111 1798 de
1141 1733 1232 1798 loisis
1263 1756 1338 1816 pro·
1390 1756 1475 1798 vana
1508 1756 1566 1816 spe
1597 1734 1651 1798 ubi
1680 1732 1802 1815 aliquid
1825 1734 1995 1816 promittit.
2040 1733 2084 1798 Et
2113 1754 2148 1798 se
2175 1734 2283 1815 ipsum
2315 1754 2371 1796 ex·

364 1823 488 1905 phetis,
528 1821 699 1884 admonuit
731 1840 797 1883 non
832 1840 903 1884 esse
936 1818 1002 1885 illis
1035 1819 1248 1885 eredendum:
1282 1820 1337 1884 sed
1392 1820 1492 1901 plieat
1514 1820 1684 1902 propheta,
1714 1840 1832 1901 nempe
1853 1825 1888 1884 et
1908 1820 2036 1885 redueat
2056 1820 2142 1900 ipsos
2163 1820 2198 1884 in
2214 1820 2369 1900 partam.

364 1910 516 1990 quoniam
540 1915 694 1990 poterant
715 1904 823 1969 adbuo
854 1904 1008 1969 vaoillare
1037 1906 1214 1970 multorum
1238 1905 1338 1970 animi
1391 1905 1455 1970 Hie
1478 1909 1563 1970 enim
1590 1908 1690 1970 mnus
1714 1915 1784 1969 erat
1806 1924 1925 1976 sermo,
1955 1925 2072 1986 nempe
2094 1906 2266 1986 promissio
2289 1903 2370 1968 libe·

302 2059 307 2070 ,
364 1991 865 2064 oontirmatauamseatentiam,
885 1991 973 2072 ,qued
996 1991 1200 2056 seilieetnon
1219 1991 1340 2056 inerint
1391 1991 1534 2068 rationis,
1558 1991 1655 2056 eieuti
1679 2011 1796 2065 sermo,
1820 1990 1926 2073 quoad
1949 2011 2080 2056 sensum
2105 1990 2232 2072 populi,
2263 1989 2370 2055 malus

364 2079 522 2144 divinitus
543 2078 646 2156 missi,
669 2077 745 2158 quia
764 2075 855 2140 Deus
874 2097 1042 2158 nunquam
1065 2078 1178 2140 varius
1199 2086 1258 2151 est,
1282 2097 1338 2140 ne·
1391 2089 1478 2157 erat,
1512 2091 1546 2142 et
1573 2076 1727 2154 aoerbus,
1758 2089 1791 2140 et
1819 2076 1937 2151 durus,
1970 2097 2072 2158 quum
2102 2076 2192 2139 Deus
2223 2077 2370 2141 minatus

365 2163 615 2246 quoiastabilis,
636 2183 741 2244 neque
760 2181 867 2226 seeum
886 2175 1018 2244 pugnat.
1053 2163 1211 2227 Praelixit
1229 2171 1338 2227 autem
1389 2162 1498 2227 luerat
1521 2183 1555 2228 se
1577 2162 1801 2226 abdioaturum
1823 2162 1988 2244 reprobos.
2032 2159 2098 2228 Sed
2131 2160 2192 2226 boe
2223 2160 2372 2226 aoeiden-

365 2250 407 2314 70
427 2270 530 2314 annos
552 2257 662 2313 vestro
685 2247 809 2312 exsilio.
855 2247 1012 2329 Quisquis
1044 2269 1123 2330 ergo
1145 2248 1339 2313 labeiaetare
1391 2247 1456 2312 tale
1477 2257 1536 2324 est,
1565 2247 1838 2329 quemadmodum
1860 2247 1946 2322 dixi,
1977 2253 2014 2313 ut
2042 2249 2187 2312 sentiant
2218 2248 2371 2310 homines

364 2347 501 2402 oonatur
530 2333 619 2398 illam
647 2332 844 2409 doctrinam,
873 2335 1037 2414 professus
1067 2344 1115 2398 est
1146 2343 1178 2398 et
1206 2344 1339 2415 apertus
1390 2354 1573 2398 sermonem
1592 2334 1653 2397 Dei
1675 2333 1737 2398 sibi
1760 2353 1830 2397 esse
1852 2332 1975 2398 malum
2000 2332 2052 2396 vel
2075 2331 2258 2397 adversum.
2289 2333 2369 2397 Pro·

363 2420 467 2486 bostis
499 2420 572 2484 Dei.
628 2418 724 2484 Nune
758 2429 906 2482 tenemus
946 2418 1124 2500 prophetae
1159 2419 1339 2484 eonsilium.
1391 2421 1481 2483 venit
1502 2419 1588 2484 enim
1613 2420 1674 2484 boo
1696 2441 1738 2482 ex
1754 2420 1897 2499 ipsorum
1913 2418 2017 2500 eulpa,
2041 2430 2074 2484 et
2096 2439 2161 2482 non
2183 2439 2227 2483 ex
2248 2429 2370 2482 natura

371 2507 435 2573 Ubi
468 2526 545 2589 ergo
577 2505 697 2586 impleti
728 2505 848 2586 suerint
876 2504 918 2569 70
947 2505 1035 2570 euni.
1086 2504 1252 2586 Propheta
1285 2504 1361 2582 bio,
1390 2505 1491 2570 verbi.
1535 2503 1703 2586 Sequitur,

365 2591 514 2656 fraenum
537 2590 640 2654 iniioit
662 2589 809 2668 Iudaeis,
840 2610 881 2653 ne
910 2602 987 2652 ante
1010 2595 1140 2671 tempus
1165 2590 1338 2654 festinent:
1715 2627 1724 2646 .

364 2675 482 2741 deinde
511 2695 601 2757 spem
633 2674 731 2740 etiarn
764 2674 843 2738 feeit
867 2674 1009 2752 reditus,
1044 2675 1139 2739 modo
1172 2676 1340 2756 quieseant
1480 2678 1530 2742 11.
1564 2676 1647 2756 Quia
1674 2696 1727 2759 epo
1755 2694 1898 2757 aequoreo
1926 2675 2124 2758 oepitotiortts
2156 2693 2257 2754 meae,
2287 2693 2371 2754 quos

363 2782 468 2844 usque
481 2761 522 2825 ad
535 2760 711 2824 terminum
725 2759 829 2824 aDeo
841 2762 1032 2842 praefixum.
1062 2760 1248 2843 Duoigitur
1263 2771 1340 2825 sunt
1392 2781 1446 2842 epo
1467 2763 1566 2843 eapite
1586 2781 1684 2844 super
1704 2781 1768 2843 vos,
1789 2761 1866 2825 dicit
1884 2760 2030 2839 retreat,
2051 2761 2250 2842 myitutiooee
2265 2758 2370 2840 potis,

362 2847 512 2913 membre
527 2844 627 2911 buius
646 2846 837 2925 sententiae,
861 2866 978 2926 nempe
1000 2846 1156 2927 populum
1180 2846 1264 2910 male
1280 2845 1339 2910 sibi
1383 2853 1421 2918 ¹et
1442 2868 1502 2912 uon
1514 2848 1547 2910 in
1559 2847 1695 2912 molum:
1715 2845 1926 2912 atdeneobis
1942 2845 2046 2928 mam,
2064 2849 2093 2910 et
2104 2846 2370 2927 exspectationem

362 2925 534 3000 eonsulere
556 2932 584 2996 si
607 2932 748 3003 festinet,
772 2950 810 2993 ao
832 2931 894 2994 sibi
916 2930 1056 2996 reditum
1076 2934 1245 3013 promittat
1264 2943 1340 2996 ante

364 3039 469 3083 annos
491 3018 550 3098 70,
581 3016 698 3080 deinde
719 3015 776 3080 illo
799 3026 946 3100 tempore
975 3017 1069 3085 finito
1097 3039 1187 3098 spem
1216 3017 1340 3083 reditus
1478 3016 1662 3082 Oonlirmat
1685 3016 1835 3100 pluribus
1856 3018 1964 3082 verbis
1993 3014 2130 3080 eandem
2161 3017 2371 3093 sententiam,

364 3117 486 3168 eertam
509 3104 594 3180 fore,
625 3103 702 3184 quia
726 3103 816 3166 Deus
846 3103 893 3166 ita
924 3102 1118 3183 promiserit.
1163 3102 1274 3179 Addit,
1297 3102 1342 3168 Et
1392 3104 1469 3185 quia
1490 3102 1622 3168 diffieile
1645 3113 1716 3166 erat
1733 3104 1893 3185 eollapsos
1911 3103 2037 3166 animm
2054 3103 2188 3184 erigere.
2222 3101 2373 3166 Laborat

363 3186 502 3253 eamtobo
524 3207 694 3269 supervos
722 3207 894 3252 ammonem
919 3207 1021 3252 meum
1049 3188 1170 3254 bonam.
1214 3188 1342 3254 Beuum
1393 3189 1480 3252 enim
1511 3208 1640 3272 semper
1669 3189 1809 3253 mundus
1837 3187 1889 3253 his
1919 3187 2044 3253 duobus
2081 3188 2236 3254 extremis
2270 3187 2371 3265 vitiis,

364 3292 533 3338 &meta
557 3271 705 3335 nominat
726 3274 783 3353 qui
806 3281 934 3354 poterat
961 3272 1118 3336 laetitiam
1146 3273 1263 3339 afferre
1286 3274 1340 3338 lu·
1394 3273 1446 3340 vel
1470 3273 1555 3355 quod
1588 3295 1659 3339 sese
1692 3274 1854 3356 demergit
1883 3275 1915 3338 in
1938 3273 2214 3356 desperationem,
2248 3273 2300 3337 vel
2333 3293 2372 3336 se

365 3357 476 3422 daeis..
510 3356 595 3421 Nam
617 3377 723 3421 sermo
747 3356 809 3420 Dei
831 3358 929 3420 etiam
953 3357 981 3420 si
1003 3359 1145 3424 exitialis
1171 3359 1214 3424 sit
1236 3361 1341 3425 inore·
1394 3359 1530 3424 nimium
1564 3359 1684 3424 attollit
1715 3359 1817 3424 stulta
1853 3358 2015 3440 superbia.
2071 3359 2186 3436 Nulla,
2225 3357 2372 3440 inquam,

364 3444 462 3521 dulis,
496 3462 561 3507 non
596 3451 707 3506 tamen
738 3449 845 3506 mutat
878 3452 1048 3520 naturam,
1081 3464 1210 3524 semper
1239 3444 1342 3508 bonus
1395 3445 1571 3509 moderatio
1601 3445 1665 3510 nisi
1696 3445 1750 3509 ubi
1782 3455 1944 3526 reguntur
1972 3445 2120 3509 homiues
2150 3443 2215 3508 Dei
2242 3444 2371 3525 spiritu,

364 3540 491 3593 manet:
530 3539 626 3610 atque
658 3527 732 3591 ideo
765 3527 844 3592 dieit
876 3527 999 3593 Paulus
1032 3529 1237 3611 evangelium
1272 3551 1343 3594 esse
1393 3541 1427 3594 et
1449 3531 1642 3595 reoumbunt
1662 3530 1697 3594 in
1721 3531 1792 3595 eius
1809 3551 2002 3608 sermonem,
2025 3531 2102 3611 quia
2124 3530 2203 3594 dum
2225 3528 2287 3594 sibi
2308 3530 2373 3592 tin·

364 3616 568 3679 mortiferum
591 3613 723 3678 odorem
747 3613 868 3692 multis,
898 3614 954 3678 sed
978 3624 1086 3678 tamen
1115 3635 1248 3679 suavem
1273 3637 1343 3680 esse
1394 3626 1478 3698 gunt
1512 3637 1614 3682 vanas
1648 3637 1738 3697 spes,
1773 3616 1883 3680 statim
1918 3617 2091 3698 rapiuntur
2123 3634 2224 3698 supra
2257 3615 2373 3692 nabes,

364 3701 497 3764 odorem
519 3699 611 3764 illum
636 3720 744 3764 eoram
767 3697 857 3778 Deo,
887 3701 963 3781 quie
993 3699 1166 3765 transferri
1190 3700 1284 3766 debet
1307 3701 1342 3765 in
1394 3702 1533 3766 volitant
1557 3701 1620 3766 bae
1643 3713 1675 3766 et
1698 3701 1793 3766 illue:
1823 3701 1962 3784 denique
1985 3711 2103 3784 put-ant
2125 3722 2161 3765 sa
2184 3720 2277 3783 posse
2299 3721 2374 3766 eoe-

364 3805 478 3849 eornm
509 3784 639 3868 eulpam
669 3785 725 3866 qui
753 3793 901 3866 pereunt,
936 3785 1021 3867 quod
1056 3806 1122 3850 non
1155 3788 1343 3869 pereipiunt
1394 3787 1443 3851 los
1466 3787 1721 3862 transseendere,
1746 3788 2183 3852 bioestexoessusinvana
2204 3799 2237 3850 et
2254 3785 2376 3851 stolida

364 3871 507 3935 fruetum
541 3893 584 3934 ex
617 3871 766 3934 doetrina
799 3870 965 3952 evangelii
998 3872 1032 3934 ia
1066 3891 1158 3936 suam
1192 3872 1341 3937 salutem.
1395 3874 1563 3938 hominum
1598 3873 1725 3938 fidaeia.
1774 3871 1838 3937 Ubi
1872 3887 1980 3938 autem
2015 3873 2131 3938 deieoti
2164 3880 2258 3950 sunt,
2293 3883 2374 3936 tune

366 3954 484 4021 Sermo
515 3957 615 4038 igitur
637 3956 700 4020 Dei
729 3975 858 4038 semper
889 3955 992 4020 bonus
1020 3967 1087 4022 est:
1116 3958 1173 4022 sed
1204 3960 1343 4026 refertur
1395 3979 1527 4041 prorsus
1545 3959 1749 4042 expavelaeti
1767 3957 1952 4038 oonoidunt,
1975 3959 2039 4021 imo
2055 3958 2184 4022 attoniti
2207 3964 2242 4021 at
2258 3957 2375 4022 exani·

366 4041 428 4106 hoo
451 4041 591 4125 elogium
616 4042 657 4106 ad
680 4043 784 4125 ipsam
807 4041 1060 4123 experientiam,
1093 4063 1193 4124 quum
1221 4045 1344 4110 soilioet
1395 4066 1464 4110 mes
1491 4060 1604 4110 eareat
1632 4044 1722 4109 omni
1751 4066 1865 4126 sensu,
1896 4066 1960 4108 non
1988 4043 2166 4108 admittunt
2192 4043 2374 4126 quidquam

365 4127 458 4192 Deus
491 4149 525 4192 re
557 4129 628 4209 ipsa
659 4127 861 4192 demonstrat
890 4148 925 4191 se
958 4147 1029 4191 esee
1059 4129 1242 4211 propitium.
1299 4131 1344 4194 Et
1395 4131 1510 4206 solatii,
1534 4151 1599 4194 non
1620 4140 1756 4212 possunt
1774 4141 1906 4212 gustare
1917 4129 2077 4212 quidquid
2096 4129 2257 4210 promittit
2269 4127 2374 4194 Deus.

366 4213 497 4277 brevior
519 4213 667 4277 definitio
689 4223 793 4294 potest
815 4213 894 4289 dari,
916 4212 1001 4294 quod
1018 4213 1120 4278 bonus
1142 4237 1248 4279 sermo
1271 4237 1342 4297 pro-
1397 4217 1441 4280 Et
1459 4227 1594 4296 uterque
1617 4215 1747 4280 morbus
1770 4215 1865 4281 iaeile
1888 4215 2024 4298 perspioi
2049 4217 2156 4297 potuit
2178 4218 2212 4278 in
2231 4214 2376 4280 Iudaeis.

367 4298 540 4362 missiones
563 4299 712 4374 denotet,
742 4299 860 4380 quibus
882 4298 973 4363 Deus
1003 4309 1141 4363 testatur
1169 4313 1342 4383 paternum
1397 4301 1546 4364 Vidimus
1590 4314 1789 4382 quantopere
1833 4301 2054 4366 laboraverint
2098 4299 2292 4382 prophetae,
2338 4313 2378 4364 ut

366 4403 465 4447 suum
487 4384 643 4448 laveram.
678 4383 823 4447 Rursum
846 4382 922 4447 alibi
944 4384 1085 4448 vidimus
1108 4385 1213 4452 minas
1236 4386 1344 4450 vooari
1395 4386 1524 4450 illorum
1548 4386 1667 4450 fastum
1690 4397 1724 4449 et
1746 4388 1969 4468 arrogantiam
1985 4395 2240 4467 prosternerent.
2274 4383 2379 4450 Ride-

366 4466 488 4531 malum
518 4488 719 4532 sermonem:
759 4468 952 4548 Quomodo?
982 4491 1047 4532 non
1079 4482 1186 4552 potest
1213 4472 1343 4552 quidam
1396 4470 1475 4534 bant
1498 4471 1584 4535 enim
1608 4493 1722 4536 omnes
1746 4472 1867 4536 minas:
1899 4472 2005 4539 seouri
2033 4491 2162 4552 semper
2184 4470 2379 4554 manebant,

367 4552 527 4635 quadrare
550 4552 611 4617 boo
633 4574 754 4618 nomen
776 4555 919 4618 sermoni
937 4555 1011 4632 Dei,
1034 4565 1071 4618 ut
1093 4576 1199 4638 nuper
1221 4556 1343 4622 dietum
1395 4559 1546 4638 quamvis
1571 4557 1660 4622 Deus
1682 4558 1773 4639 quasi
1798 4569 1923 4622 armata
1946 4578 2054 4633 manu,
2078 4570 2110 4622 et
2132 4557 2241 4639 gladio
2258 4557 2380 4626 striato

367 4649 431 4703 est:
461 4660 504 4703 ex
533 4659 650 4702 sensus
679 4653 789 4704 tamen
821 4640 923 4704 nostri
952 4642 1178 4706 aestimatione
1208 4656 1344 4708 voeatur
1395 4644 1580 4707 ostenderet
1603 4654 1724 4708 oertam
1741 4644 1928 4725 pernitiem,
1951 4655 2059 4706 tamen
2079 4643 2163 4706 nibil
2185 4663 2241 4708 eos
2263 4662 2380 4712 move-

367 4725 474 4788 malus
496 4744 602 4788 sermo
627 4725 698 4801 Dei,
722 4725 778 4808 qui
801 4727 944 4789 minatur
966 4727 1114 4807 exitium,
1137 4727 1344 4808 quemadmo·
1396 4729 1458 4794 bat.
1494 4731 1538 4792 lto
1559 4750 1659 4812 quum
1684 4731 1747 4792 iam
1771 4731 1867 4792 traoti
1888 4740 1996 4794 essent
2019 4729 2053 4793 in
2076 4727 2239 4808 exsilium,
2261 4739 2381 4798 mmen

367 4809 446 4874 dum
471 4808 558 4889 dioit,
582 4810 652 4893 Epo
674 4830 744 4874 eam
765 4813 820 4892 qui
840 4831 906 4876 creo
927 4812 1040 4877 bonum
1068 4818 1098 4877 et
1124 4815 1252 4878 malam.
1298 4815 1343 4878 Et
1396 4815 1533 4878 nimium
1557 4814 1681 4879 eroduli
1705 4828 1816 4891 erant,
1847 4836 1948 4896 quum
1978 4812 2283 4896 pseudoprophetae
2305 4813 2382 4884 illia

367 4894 547 4977 disputatio
577 4896 657 4960 bueo
687 4917 787 4978 prope
814 4917 1017 4981 superraoua
1042 4911 1104 4963 est:
1135 4901 1162 4962 si
1192 4911 1343 4964 tenemus
1395 4901 1623 4982 promitterent
1645 4899 1784 4964 aeleram
1813 4901 1972 4964 reditum:
2002 4902 2128 4964 interea
2156 4921 2255 4982 quum
2280 4901 2382 4970 Deus

367 4980 476 5046 Deum
500 5000 578 5046 voee
608 4981 686 5046 mali
712 4983 888 5064 peroellere
911 4983 1095 5050 inoredulos
1123 4997 1229 5062 matu,
1255 5007 1342 5050 nuno
1393 5004 1452 5067 per
1474 5007 1585 5051 servos
1608 5008 1684 5050 suos
1710 5007 1746 5051 se
1767 4985 1956 5050 ostenderet
1984 4986 2051 5048 iore
2081 4985 2147 5050 illis
2169 4985 2380 5067 plaoabilem‚

367 5087 444 5130 vero
475 5068 667 5148 prophetam
707 5067 789 5131 nihil
830 5068 918 5133 aliud
955 5068 1042 5134 velle
1081 5091 1178 5152 quam
1213 5071 1342 5135 ludaeis
1393 5072 1924 5136 erfinitistoannisseeorum
1949 5070 2154 5134 liberatorem
2178 5071 2384 5147 torserant

367 5154 481 5216 testari
504 5152 567 5216 Dei
591 5156 742 5236 gratiam:
771 5164 804 5217 et
833 5155 905 5218 ideo
936 5152 1015 5218 dioit
1044 5157 1246 5236 experientia
1268 5176 1342 5220 sen·
1393 5157 1484 5222 surdi
1499 5156 1540 5221 ad
1558 5158 1637 5222 haee
1653 5159 1772 5241 omniu,
1796 5159 1861 5222 imo
1876 5158 2074 5238 respuebant
2085 5177 2160 5222 eum
2173 5177 2295 5240 magno
2311 5160 2383 5226 las-

365 5256 461 5301 suros
482 5259 563 5317 esse,
586 5261 650 5304 non
674 5241 794 5304 frustra
809 5239 917 5304 Deum
935 5239 1035 5303 fuisse
1056 5241 1236 5322 pollieitum
1255 5241 1340 5324 quod
1393 5241 1472 5308 tidie
1483 5243 1556 5308 illes
1568 5245 1807 5325 promissiones,
1820 5243 1930 5322 Quid?
1944 5241 2044 5320 Deus,
2056 5243 2189 5325 soilioet,
2202 5246 2385 5314 suseitabit

358 5321 433 5391 ,iem
455 5337 533 5388 ants
555 5325 675 5390 retulit.
722 5325 853 5391 Dieitur
875 5329 985 5390 autem
1008 5324 1100 5391 Deus
1120 5328 1256 5394 exaitare
1277 5347 1341 5392 aar·
1393 5329 1555 5395 mortuosl
1585 5327 1856 5412 quemadmodum
1879 5328 2027 5393 videmus
2049 5327 2136 5412 apud
2159 5329 2383 5404 Ezeebielem.
