5134 6124
382 421 445 487 att
1190 409 1577 481 Pssauutoutomss
2311 416 2365 482 268

382 612 502 676 lroetu.
547 606 620 673 Hoe
649 605 735 671 idem
769 625 859 670 nune
891 601 1047 686 intelligit
1078 602 1252 686 propheta:
1286 601 1359 667 ideo
1410 603 1516 679 fieret,
1550 602 1578 665 si
1607 600 1680 683 quis
1709 603 1865 670 vitiosum
1888 600 2070 666 eedifieium
2093 599 2236 680 tolleret,
2263 602 2366 668 deiude

383 696 546 762 notandae
569 701 649 760 sunt
671 690 754 756 duae
776 690 853 756 illae
881 698 991 772 partes
1021 687 1253 756 similitudinis.
1299 685 1358 754 Se·
1410 686 1608 770 relinqueret
1631 686 1796 756 hominem
1818 689 1879 754 snb
1902 685 1966 752 dio:
1990 706 2150 769 quorsum
2168 685 2250 751 hoel
2272 701 2367 770 posset

382 783 504 866 quitur,
1410 785 1521 839 tamen
1554 773 1608 838 ille
1641 776 1698 856 qui
1731 775 1861 842 eiieitur
1895 793 1913 838 ε
1941 772 2039 838 domo
2073 792 2146 850 sua,
2181 771 2222 837 ad
2254 783 2367 856 tempus

1409 857 1539 942 aliquod
1567 879 1639 938 sese
1669 869 1788 947 tegere.
1839 861 1930 946 Ergo
1964 880 2029 924 uon
2063 859 2143 924 satis
2175 871 2224 925 est
2252 859 2367 925 diruere

472 952 501 1015 7.
531 949 720 1016 Benedictus
752 949 803 1013 uir
832 947 888 1029 qui
920 945 1048 1027 eorrfidit
1079 947 1115 1012 ire
1148 945 1299 1029 Ielsouutt,
1332 949 1361 1009 ει
1409 945 1496 1028 quod
1512 956 1561 1010 est
1575 965 1777 1028 perversum,
1795 946 1856 1012 nisi
1873 946 2009 1030 probum
2026 944 2208 1012 aedilitium
2221 945 2367 1012 sueeedat.

382 1040 475 1106 euius
497 1041 544 1102 est
559 1034 698 1103 Ielaoeelr
713 1033 831 1117 fiducie
846 1030 900 1118 (ad
916 1032 1062 1111 verbum,
1086 1039 1119 1098 et
1134 1035 1197 1098 erit
1212 1031 1358 1098 Iehorah
1409 1032 1507 1097 Hane
1540 1032 1657 1096 seriem
1690 1043 1722 1098 et
1755 1033 1946 1100 methodum
1976 1053 2063 1098 nune
2094 1041 2185 1098 tenet
2213 1031 2367 1116 propheta.

382 1124 503 1190 fidutia
525 1122 618 1208 eine).
1410 1119 1587 1199 Postquam
1614 1139 1692 1202 ergo
1720 1119 1803 1186 dixit
1831 1118 2008 1184 meledidos
2028 1138 2093 1184 esse
2115 1137 2220 1184 omues
2241 1118 2293 1200 qui
2311 1137 2370 1184 uere

470 1210 500 1276 8.
523 1207 569 1273 Et
595 1208 654 1274 erit
676 1212 827 1288 tuaquom
848 1203 945 1270 orbor
959 1204 1109 1287 plantate
1125 1225 1226 1288 prope
1246 1224 1358 1288 equas,
1407 1204 1510 1284 fidunt
1537 1205 1571 1269 in
1593 1203 1779 1282 hominibus,
1810 1207 1875 1272 iam
1898 1203 1999 1288 addit,
2028 1203 2150 1270 Beatus
2170 1206 2222 1270 vir
2241 1205 2292 1286 qui
2312 1223 2370 1270 eeu

367 1299 412 1362 vst
429 1315 528 1378 prope
545 1294 660 1370 νίεειε,
682 1293 796 1357 emittet
813 1291 889 1376 (hoe
904 1299 963 1370 est,
986 1311 1070 1374 quae
1086 1289 1359 1375 emittittradiees
1407 1289 1481 1371 tut
1501 1289 1706 1356 intotonat:
1728 1293 1821 1377 quasi
1843 1293 1966 1357 dieeret
1988 1293 2138 1358 homines
2160 1311 2231 1358 esse
2252 1311 2369 1374 prorsus

383 1378 740 1458 eeas,ereoevt‹1ett
760 1398 855 1461 wem
876 1377 976 1442 veniet
993 1382 1106 1458 uestro,
1129 1377 1358 1458 eteritfolium
1409 1376 1658 1458 inexeusahiles,
1687 1378 1764 1444 dum
1793 1381 1839 1444 ita
1866 1399 1936 1443 sese
1965 1378 2123 1444 addiount
2152 1376 2206 1442 vel
2227 1377 2295 1454 eibi,
2323 1377 2368 1441 vel

384 1469 453 1534 eius
473 1466 584 1545 viride,
612 1470 641 1530 et
663 1483 747 1530 ortuo
763 1462 988 1545 prohibitionis
1008 1483 1071 1528 non
1093 1465 1217 1540 timebit,
1247 1468 1275 1527 et
1296 1482 1359 1526 neo
1410 1462 1483 1528 aliie
1513 1462 1715 1541 mortalibus,
1745 1486 1845 1548 quum
1867 1464 1960 1530 Deus
1986 1463 2073 1529 ultro
2101 1485 2135 1529 se
2165 1463 2230 1529 illie
2258 1462 2368 1526 offerat.

382 1554 501 1620 desinet
533 1574 554 1618 u
584 1551 728 1634 [εείειιὰε
764 1550 870 1633 fructu
903 1548 979 1633 (hoe
1012 1560 1075 1626 est,
1113 1572 1133 1615 a
1164 1547 1358 1633 proterendo
1411 1547 1500 1628 Quid
1539 1549 1641 1631 igitur
1680 1551 1788 1616 obstat
1833 1550 2037 1629 hominibus,
2084 1549 2258 1632 quominus
2294 1549 2370 1613 selus

383 1637 516 1724 fructu).
1410 1655 1525 1699 eorum
1556 1636 1599 1700 sit
1628 1637 1661 1700 in
1686 1636 1779 1702 tuto?
1813 1637 1889 1721 quia
1917 1636 2041 1701 seilieet
2063 1634 2221 1701 abiiciunt
2243 1635 2369 1718 gratiam

1410 1720 1487 1796 Dei,
1521 1741 1604 1804 quae
1635 1732 1746 1788 tamen
1775 1724 1841 1790 illis
1871 1724 1969 1790 obvia
1997 1732 2060 1805 est,
2094 1720 2173 1787 dum
2204 1721 2323 1787 malunt
2341 1741 2370 1786 se

468 1808 639 1875 Notandus
674 1816 724 1874 est
757 1807 810 1874 hie
836 1807 915 1873 ordo
943 1827 1038 1889 quem
1070 1815 1158 1872 tenet
1187 1807 1357 1891 propheta.
1410 1808 1498 1888 ipsos
1518 1806 1678 1890 desipere,
1700 1811 1757 1876 ubi
1779 1809 1839 1874 sibi
1863 1809 1915 1875 vel
1937 1808 2010 1875 aliis
2032 1817 2191 1893 arrogant
2212 1808 2292 1892 quod
2310 1827 2371 1890 pro

382 1896 497 1979 Neque
527 1897 615 1960 enim
644 1904 772 1977 poteret
798 1893 984 1960 eoueiouari
1006 1892 1133 1958 utiliter
1156 1891 1196 1958 de
1218 1892 1358 1958 seeundo
1409 1894 1516 1976 prium
1545 1903 1594 1958 eat
1616 1892 1689 1959 Dei.
1735 1894 1893 1962 Videmus
1923 1916 2001 1980 argo
2033 1895 2087 1961 hie
2113 1893 2263 1959 damnari
2284 1892 2371 1957 totius

382 1981 540 2062 membro,
571 1981 631 2046 nisi
661 1980 753 2063 prins
775 1980 964 2045 abstulisset
985 1999 1172 2062 perversam
1197 1979 1358 2057 fidneiam,
1410 1977 1523 2044 muudi
1553 1980 1834 2066 ingratitudinem,
1864 2003 1965 2066 quum
1995 1981 2075 2048 dieit
2105 1979 2262 2064 prophete
2285 1979 2372 2044 ὁιειεε

382 2069 417 2133 in
448 2089 512 2152 qua
542 2067 640 2132 nimis
670 2066 725 2131 diu
755 2067 882 2131 luerent
912 2064 1011 2130 defixi
1040 2064 1163 2131 Iudaei.
1216 2065 1300 2130 Nam
1330 2065 1357 2131 si
1409 2067 1551 2147 sesequi
1573 2065 1607 2131 ia
1629 2065 1766 2133 Dornirro
1788 2069 1953 2150 confidunt.
1997 2068 2084 2133 Nam
2109 2068 2136 2134 si
2159 2065 2252 2132 Deus
2273 2063 2371 2149 proeul

381 2155 455 2238 quis
494 2155 641 2237 proiiniat
681 2173 793 2219 semen
825 2152 861 2217 in
895 2163 982 2217 terra
1014 2150 1152 2230 ineulta,
1191 2152 1263 2234 quis
1296 2153 1357 2216 erit
1410 2173 1444 2216 sa
1467 2151 1688 2236 absoouderet‚
1712 2166 1797 2219 esset
1818 2155 1938 2239 aliquis
1960 2163 2151 2237 praetextus
2165 2153 2371 2236 ignorantiae:

383 2243 509 2306 truotus
538 2236 680 2304 laboris?
726 2238 831 2304 Sicuti
862 2239 963 2322 igitur
984 2257 1116 2303 neeesse
1138 2247 1188 2303 εει
1210 2247 1355 2302 aratrum
1410 2239 1527 2303 deinde
1548 2237 1631 2305 haee
1653 2240 1769 2305 saltem
1793 2252 1879 2308 esset
1901 2241 2011 2324 aliqua
2034 2239 2210 2324 probabilis
2230 2237 2372 2316 detonsio,

381 2324 577 2411 praeoedere
599 2333 772 2407 antequam
796 2345 907 2389 semen
932 2324 1081 2389 laniatur:
1111 2324 1158 2389 sio
1180 2325 1278 2388 etiam
1302 2324 1358 2389 ubi
1409 2323 1498 2406 Quid
1532 2323 1620 2388 aliud
1652 2327 1848 2408 possumus?
1886 2327 2073 2410 quaerimus
2105 2325 2267 2390 auxilinm
2299 2322 2373 2407 quod

383 2413 533 2478 volumus
563 2429 638 2476 eum
668 2411 814 2493 prolaetu
840 2410 963 2488 dooere,
994 2431 1124 2476 neeesse
1147 2419 1197 2476 eet
1218 2410 1358 2476 evellere
1409 2409 1501 2476 uobis
1530 2413 1689 2477 oeeurrit:
1719 2413 1746 2478 si
1773 2412 1866 2480 Deus
1897 2433 1956 2478 nos
1984 2412 2025 2477 ed
2054 2433 2089 2476 se
2112 2423 2254 2494 voearet,
2282 2409 2329 2475 vel
2349 2409 2372 2474 si

382 2499 474 2572 vitia,
505 2519 588 2581 quae
616 2497 679 2561 iam
710 2509 871 2579 ooeupant
898 2495 1067 2561 homiuum
1090 2495 1230 2561 animos:
1264 2516 1357 2578 prae·
1409 2497 1522 2562 lieerst
1554 2494 1647 2562 nobis
1680 2497 1721 2562 ad
1755 2519 1830 2564 eum
1863 2499 2032 2576 amedera,
2073 2518 2222 2563 essemus
2254 2495 2372 2582 quidem

383 2586 495 2650 sertim
530 2604 608 2648 vero
641 2583 703 2647 hoo
733 2581 841 2648 loeum
870 2581 969 2647 habet
997 2580 1050 2647 ubi
1080 2581 1283 2647 traetendum
1307 2590 1358 2648 est
1409 2582 1491 2648 satis
1524 2583 1719 2649 voluntarii:
1753 2584 1810 2651 sed
1839 2586 1895 2651 uhi
1922 2585 1977 2651 ille
2008 2605 2067 2650 nos
2097 2584 2263 2666 destituit,
2295 2592 2372 2647 eerte

383 2669 424 2734 de
453 2669 517 2734 tide
546 2669 580 2733 iu
610 2667 679 2734 solo
700 2665 773 2733 Deo
801 2667 951 2750 locanda,
984 2678 1017 2732 ει
1044 2666 1084 2734 de
1106 2669 1192 2732 seria
1214 2669 1358 2732 nominis
1409 2668 1472 2736 hoe
1499 2677 1550 2734 est
1577 2669 1730 2735 ultimum
1754 2670 1989 2753 desperationis
2010 2672 2185 2756 retugium,
2217 2668 2300 2752 apud
2322 2687 2373 2732 uos

323 2821 325 2825 ,
382 2757 453 2822 eius
485 2754 702 2821 invooatione.
755 2753 940 2836 Prophetae
973 2764 1082 2820 autern
1115 2753 1265 2836 spetialis
1296 2754 1357 2818 tuit
1409 2762 1562 2837 reputare
1579 2755 1657 2837 quid
1674 2757 1766 2821 nobis
1781 2758 1942 2841 expediat,
1966 2756 2019 2822 vel
2036 2756 2113 2824 hine
2127 2753 2205 2821 inde
2222 2772 2373 2822 aeoeraere

382 2843 476 2917 ratio,
507 2841 583 2924 quia
605 2840 671 2904 iam
695 2839 820 2922 pridem
843 2838 1062 2905 obduruerant
1083 2840 1197 2904 Iudaei
1221 2839 1261 2903 ad
1284 2860 1357 2922 per·
1409 2840 1500 2906 nobis
1530 2841 1662 2906 auxilia.
1707 2843 1795 2926 Ergo
1825 2843 1983 2928 prophete
2013 2844 2066 2908 hie
2088 2840 2231 2908 ostendit
2251 2839 2374 2906 triveles

374 2943 495 2993 'versas
517 2927 590 2991 illas
612 2926 757 3003 fiducias,
781 2934 819 2991 ει
835 2927 943 2991 Deum
962 2924 1168 3010 negligerent
1181 2926 1214 2990 in
1231 2937 1356 2991 utram·
1409 2948 1480 2992 esse
1513 2926 1672 2992 eiusmodi
1702 2927 1919 3009 detensiones,
1953 2931 2029 3012 quia
2058 2928 2151 2994 Deus
2179 2933 2296 3012 sponte
2323 2945 2374 2989 uos

382 3033 447 3098 que
477 3025 614 3096 partem,
644 3012 705 3078 hoe
735 3022 793 3090 est,
822 3011 1064 3095 vilipenderent
1086 3013 1157 3078 eius
1179 3013 1295 3088 minas,
1325 3022 1358 3075 ει
1409 3014 1450 3078 ad
1473 3033 1508 3078 se
1531 3012 1659 3079 invitat.
1703 3015 1845 3082 Frustra
1864 3017 1951 3081 enim
1975 3015 2096 3081 diuerst
2118 3013 2222 3080 beatos
2245 3032 2307 3078 esse
2326 3010 2375 3094 qui

382 3120 442 3183 pro
482 3098 585 3163 nihilo
623 3099 722 3162 etiam
761 3098 919 3164 duoereut
958 3097 1188 3182 promissiones
1222 3099 1356 3184 gratiae.
1409 3098 1566 3181 confidant
1596 3099 1631 3164 in
1660 3099 1808 3184 Iohanni,
1843 3103 1905 3168 nisi
1939 3102 2030 3167 Deus
2064 3102 2157 3168 nobis
2190 3105 2375 3184 preponeret

365 3183 552 3268 ·Propheta
591 3184 694 3265 igitur
735 3203 799 3248 non
834 3185 939 3266 potuit
971 3183 1148 3267 quidquam
1184 3184 1269 3267 apud
1303 3204 1358 3250 eos
1411 3185 1548 3252 fiduoiae
1571 3188 1751 3251 materiam.
1791 3187 1857 3255 Sed
1882 3187 2059 3253 notandum
2084 3185 2242 3270 estquod
2264 3185 2374 3249 elatam

383 3271 551 3371 pressere,
581 3269 649 3368 nisi·
668 3269 827 3368 tenuisset
848 3269 934 3334 hane
956 3268 1156 3370 methodum,
1181 3290 1299 3353 nempe
1320 3279 1358 3369 ut
1409 3293 1469 3355 per
1486 3293 1520 3371 se
1536 3273 1731 3337 sententiam
1747 3274 1853 3358 magis
1871 3275 2058 3340 eonfirmat:
2082 3273 2127 3338 st
2142 3273 2237 3340 eteius
2252 3266 2376 3368 letetult

382 3353 837 3524 tttttttttttltl
868 3373 1031 3506 iiiiii
1057 3355 1195 3507 liiii.
1214 3367 1359 3522 titt}
1408 3357 2377 3538 tffltiltltltl'lttttttdt,trtttt

382 3541 419 3595 ut
450 3527 540 3594 loeus
572 3527 615 3593 sit
645 3547 766 3592 saeuus
795 3526 900 3592 bonae
926 3527 1039 3611 segeti.
1085 3525 1151 3593 Sed
1180 3527 1358 3592 sitantum
1410 3531 1564 3607 eontinet,
1596 3539 1631 3594 ει
1658 3530 1875 3612 explieetione
1903 3530 2069 3617 indigeat?
2115 3529 2239 3598 Beatus
2260 3529 2309 3594 eir
2328 3547 2377 3610 qur

381 3615 534 3700 negative
566 3614 720 3698 loquutus
742 3624 827 3678 esset
850 3611 1018 3697 propheta,
1042 3612 1105 3680 hoo
1127 3622 1187 3696 est,
1215 3612 1245 3678 si
1267 3613 1358 3678 dem·
1409 3614 1536 3696 confidit
1567 3615 1603 3680 iri
1635 3615 1786 3683 Ieitoeetr:
1826 3620 1918 3700 pueri
1952 3617 2014 3683 hoe
2047 3619 2156 3682 stetim
2190 3615 2376 3699 intelligent.

379 3711 492 3767 nasset
525 3719 713 3784 perversam
744 3698 834 3762 illem
865 3699 1027 3776 fidutiam,
1058 3697 1119 3764 hoe
1141 3718 1207 3765 non
1230 3707 1359 3782 poterat
1411 3701 1500 3784 Ergo
1533 3710 1591 3766 aut
1623 3722 1845 3785 supervacuus
1878 3715 1928 3771 est
1959 3723 2067 3770 sermo
2099 3701 2297 3787 prophetae,
2328 3707 2378 3763 aut

379 3787 540 3852 sullieere.
590 3786 765 3852 Dixissent
798 3785 928 3867 quidem
956 3784 1072 3851 Iudaei
1107 3807 1142 3850 se
1173 3786 1274 3851 tuisse
1302 3785 1357 3850 de·
1409 3785 1518 3870 eliqua
1551 3795 1600 3852 est
1632 3789 1715 3852 ratio
1743 3808 1802 3854 aur
1831 3811 1900 3854 rem
1932 3789 2012 3855 adeo
2038 3788 2218 3855 diluoidam
2249 3793 2377 3870 repetat

380 3881 500 3956 septos,
531 3893 630 3955 quum
653 3873 701 3936 ita
723 3891 833 3936 omnes
855 3891 930 3954 spes
951 3891 1028 3937 suas
1051 3871 1087 3935 iu
1109 3872 1283 3956 Aegyptiis
1306 3891 1358 3936 re·
1409 3873 1454 3937 ltt
1482 3882 1569 3938 certe
1598 3873 1809 3940 incredulitas
1838 3896 1935 3959 quam
1958 3875 2096 3958 quisque
2119 3884 2271 3940 nostrum
2295 3875 2329 3938 in
2348 3889 2379 3936 se

379 3967 561 4043 ponerent:
585 3957 641 4023 sed
664 3957 726 4023 hoe
748 3957 848 4022 etiam
871 3956 1033 4042 eontingit
1055 3958 1205 4040 pessimis
1228 3955 1358 4041 quibus·
1409 3959 1592 4041 experitur,
1627 3960 1750 4043 optimu
1783 3962 1847 4027 erit
1879 3963 2051 4047 magistre:
2087 3963 2164 4043 quia
2196 3961 2296 4024 etiam
2328 3955 2378 4040 qui

379 4064 454 4129 que.
500 4042 537 4110 Si
566 4042 654 4107 enim
685 4042 835 4109 alieunde
864 4043 1072 4127 speraverint
1101 4043 1270 4123 auxilium,
1304 4043 1357 4108 uhi
1413 4044 1568 4109 videntur
1589 4046 1651 4112 sibi
1673 4067 1745 4112 esse
1766 4049 1866 4130 probe
1888 4047 2014 4113 fundati
2038 4049 2072 4112 iu
2091 4046 2173 4123 Deo,
2197 4057 2308 4111 tamen
2330 4041 2380 4107 ubi

381 4128 1358 4299 tlt-³⁰sitiittt.ttttttttt{timuit
1410 4131 1687 4300 zltttttttt
1709 4132 2258 4286 ittttttttdltttl.
2276 4129 2381 4280 titt

381 4303 492 4368 Deum
531 4301 712 4384 requirunt.
769 4301 859 4385 Ergo
895 4299 1046 4366 ridemus
1078 4321 1178 4384 quam
1211 4265 1359 4384 lapposits
1412 4313 1533 4385 partes,
1554 4304 1682 4384 quoties
1705 4239 1826 4386 aliqild
1850 4271 1984 4387 perleuli
2000 4240 2178 4389 impellunt,
2201 4303 2281 4368 hine
2296 4299 2381 4366 laoile

381 4385 539 4538 ltili?
562 4387 1160 4554 ³ttt0‘lttt‘tttilttttt
1188 4387 1358 4537 lttttt
1411 4387 1642 4539 iiiiii&
1668 4408 1737 4538 'tt
1759 4411 1980 4542 thart?
2002 4393 2040 4544 {l
2060 4388 2295 4542 tritt
2310 4406 2380 4538 tt

383 4557 500 4624 deiude
531 4523 635 4640 ’quam
677 4557 858 4640 prudenter
896 4557 1025 4626 adiioiat
1063 4558 1148 4625 haue
1181 4557 1358 4623 seeundum
1411 4559 1656 4626 difficillimum:
1679 4567 1712 4624 et
1735 4560 1806 4626 ideo
1823 4497 2168 4646 prlrphetappostquganm
2184 4559 2270 4626 dixit
2288 4559 2382 4625 turo

381 4652 520 4729 partem,
544 4643 621 4726 quia
643 4664 709 4709 nou
732 4644 812 4710 satis
833 4643 956 4722 luisset,
982 4641 1255 4727 quemadmodum
1278 4643 1357 4723 dixi,
1410 4665 1477 4711 ease
1505 4645 1562 4727 qai
1590 4647 1623 4710 in
1646 4645 1713 4710 Deo
1742 4647 1911 4729 confidunt,
1944 4647 2086 4715 seeundo
2113 4647 2182 4714 loeo
2209 4647 2329 4729 posuit,
2357 4647 2381 4708 et

382 4731 536 4815 negative
564 4727 662 4811 loqui,
691 4730 754 4793 nisi
777 4728 850 4794 illos
872 4743 1059 4797 resonasset
1080 4729 1121 4794 ad
1145 4730 1261 4795 Deum.
1306 4729 1359 4795 Ita
1408 4751 1542 4813 ᾳεονεει
1578 4731 1669 4798 Deus
1703 4731 1823 4811 fiducia
1861 4740 1922 4800 eet:
1960 4737 2053 4819 quusi
2093 4733 2228 4799 diecret:
2276 4729 2383 4797 Neseit

383 4817 481 4881 etiam
516 4814 612 4880 hodie
646 4813 795 4880 videmus
826 4815 946 4880 multos
973 4815 1080 4882 ridere
1100 4816 1358 4899 superstitiones,
1411 4817 1551 4882 mundus
1584 4817 1660 4898 quid
1695 4818 1738 4882 sit
1769 4821 1803 4882 iu
1833 4819 1905 4885 Dee
1935 4841 2078 4904 sperare.
2130 4819 2215 4884 Nem
2248 4819 2381 4901 quisque

383 4922 467 4986 quae
488 4901 648 4967 haetenus
670 4900 704 4963 in
728 4909 849 4982 papatu
869 4911 1035 4985 grassatae
1050 4911 1137 4982 sunt,
1160 4899 1217 4968 sed
1233 4903 1359 4966 interea
1411 4901 1472 4968 hoe
1494 4922 1607 4968 seeura
1630 4902 1814 4987 testabitur,
1845 4907 1911 4970 imo
1936 4905 2109 4990 magnifiee
2130 4902 2330 4988 praedieabit
2350 4922 2382 4965 se

385 4987 475 5051 nulle
498 4986 635 5070 emergit
654 4986 688 5049 in
708 4986 788 5070 ipsis
803 4986 933 5070 religio:
957 4987 1037 5052 satis
1054 4987 1134 5070 ipsis
1152 4996 1201 5052 est
1219 4985 1360 5052 ludibria
1411 4987 1444 5052 in
1469 4987 1541 5052 Deo
1571 5009 1718 5071 sperare:
1748 4990 1875 5056 interea
1902 5012 1970 5056 non
1998 4992 2182 5075 reperietur
2205 4990 2257 5054 vel
2282 4988 2380 5054 mille·

383 5072 442 5138 illa
463 5092 665 5157 eognoseere.
711 5072 812 5155 Atqui
835 5079 1017 5155 praestaret
1039 5074 1126 5156 ipsos
1147 5073 1283 5138 retineri
1305 5072 1360 5138 vel
1411 5075 1513 5140 simus
1543 5076 1598 5158 qui
1629 5075 1691 5142 hoe
1720 5076 1893 5162 intelliget,
1923 5079 1989 5143 imo
2018 5079 2074 5162 qui
2104 5096 2182 5142 vere
2202 5074 2382 5158 gustaverit

384 5158 493 5241 aliqua
521 5157 753 5240 superstitione
775 5160 808 5222 in
833 5157 949 5223 timore
970 5157 1045 5235 Dei,
1075 5178 1171 5241 quam
1194 5160 1240 5224 ita
1262 5157 1361 5224 lieen·
1411 5171 1444 5224 et
1474 5182 1514 5224 ex
1545 5161 1654 5226 animo
1683 5160 1760 5245 quid
1784 5163 1827 5226 sit
1848 5164 1882 5228 in
1906 5164 1979 5230 Deo
2000 5183 2143 5246 sperare.
2186 5160 2287 5227 Nune
2308 5181 2381 5244 ergo

384 5245 463 5309 tiam
495 5244 640 5327 arripare
669 5263 712 5308 ex
740 5253 833 5327 perte
863 5265 929 5308 una
957 5243 1140 5324 doetrinae,
1172 5256 1205 5310 et
1234 5245 1361 5311 interea
1412 5255 1562 5312 tenemus
1591 5268 1688 5330 quam
1720 5267 1785 5311 non
1815 5269 2016 5332 supervacua
2042 5253 2084 5314 sit
2106 5270 2144 5314 ao
2166 5246 2285 5330 frigida
2307 5247 2382 5311 haee

384 5350 452 5396 non
476 5329 637 5413 respioere
659 5330 692 5394 in
713 5330 838 5396 Deum:
862 5329 1135 5414 quemadmodum
1154 5339 1360 5414 praepostere
1412 5333 1574 5416 repetitio.
1609 5331 1737 5398 Deinde
1755 5332 1906 5418 adiungit
1920 5336 2168 5402 similitudinem
2184 5354 2268 5417 quae
2284 5331 2382 5418 priori
