<?xml version="1.0" encoding="UTF-8"?>
<!DOCTYPE html PUBLIC "-//W3C//DTD XHTML 1.0 Transitional//EN"
    "http://www.w3.org/TR/xhtml1/DTD/xhtml1-transitional.dtd">
<html xmlns="http://www.w3.org/1999/xhtml" xml:lang="en" lang="en">
 <head>
  <title>
</title>
<meta http-equiv="Content-Type" content="text/html;charset=utf-8" />
  <meta name='ocr-system' content='tesseract 3.04.00' />
  <meta name='ocr-capabilities' content='ocr_page ocr_carea ocr_par ocr_line ocrx_word'/>
</head>
<body>
  <div class='ocr_page' id='page_1' title='image "./corpusreformato14melagoog_0045.png"; bbox 0 0 5038 6118; ppageno 0'>
   <div class='ocr_carea' id='block_1_1' title="bbox 371 355 2358 448">
    <p class='ocr_par' dir='ltr' id='par_1_1' title="bbox 371 355 2358 448">
     <span class='ocr_line' id='line_1_1' title="bbox 371 355 2358 448; baseline -0.003 -3"><span class='ocrx_word' id='word_1_1' title='bbox 371 379 412 448; x_wconf 81' lang='lat'><strong>59</strong></span> <span class='ocrx_word' id='word_1_2' title='bbox 1170 355 1555 441; x_wconf 73' lang='lat' dir='ltr'><strong>renuunemoous</strong></span> <span class='ocrx_word' id='word_1_3' title='bbox 2314 376 2358 440; x_wconf 84' lang='lat' dir='ltr'><strong>eo</strong></span> 
     </span>
    </p>
   </div>
   <div class='ocr_carea' id='block_1_2' title="bbox 371 557 2370 5251">
    <p class='ocr_par' dir='ltr' id='par_1_2' title="bbox 371 557 2370 5251">
     <span class='ocr_line' id='line_1_2' title="bbox 371 557 2356 648; baseline -0.003 -14"><span class='ocrx_word' id='word_1_4' title='bbox 371 571 458 634; x_wconf 87' lang='lat' dir='ltr'><strong>osrte</strong></span> <span class='ocrx_word' id='word_1_5' title='bbox 491 564 666 646; x_wconf 74' lang='lat' dir='ltr'>astrologia</span> <span class='ocrx_word' id='word_1_6' title='bbox 699 573 804 646; x_wconf 88' lang='lat' dir='ltr'><strong>potest</strong></span> <span class='ocrx_word' id='word_1_7' title='bbox 836 561 951 627; x_wconf 91' lang='lat' dir='ltr'><strong>merito</strong></span> <span class='ocrx_word' id='word_1_8' title='bbox 986 559 1092 626; x_wconf 88' lang='lat' dir='ltr'><strong>voeari</strong></span> <span class='ocrx_word' id='word_1_9' title='bbox 1129 557 1338 643; x_wconf 71' lang='lat' dir='ltr'><strong>alphabetum</strong></span> <span class='ocrx_word' id='word_1_10' title='bbox 1390 563 1557 626; x_wconf 84' lang='lat' dir='ltr'><strong>momenti.</strong></span> <span class='ocrx_word' id='word_1_11' title='bbox 1600 561 1759 630; x_wconf 80' lang='lat' dir='ltr'>Videmus</span> <span class='ocrx_word' id='word_1_12' title='bbox 1785 563 1873 628; x_wconf 92' lang='lat' dir='ltr'><strong>enim</strong></span> <span class='ocrx_word' id='word_1_13' title='bbox 1896 576 1931 628; x_wconf 91' lang='lat' dir='ltr'><strong>nt</strong></span> <span class='ocrx_word' id='word_1_14' title='bbox 1953 561 2045 629; x_wconf 90' lang='lat' dir='ltr'><strong>Deus</strong></span> <span class='ocrx_word' id='word_1_15' title='bbox 2066 563 2172 628; x_wconf 86' lang='lat' dir='ltr'><strong>variet</strong></span> <span class='ocrx_word' id='word_1_16' title='bbox 2200 573 2356 648; x_wconf 89' lang='lat' dir='ltr'><strong>tempora.</strong></span> 
     </span>
     <span class='ocr_line' id='line_1_3' title="bbox 371 644 2357 736; baseline -0.002 -17"><span class='ocrx_word' id='word_1_17' title='bbox 371 652 562 736; x_wconf 77' lang='lat' dir='ltr'>theologiae.</span> <span class='ocrx_word' id='word_1_18' title='bbox 607 649 692 714; x_wconf 92' lang='lat' dir='ltr'><strong>Nam</strong></span> <span class='ocrx_word' id='word_1_19' title='bbox 716 647 862 732; x_wconf 90' lang='lat' dir='ltr'><strong>quisquis</strong></span> <span class='ocrx_word' id='word_1_20' title='bbox 895 667 975 728; x_wconf 90' lang='lat' dir='ltr'><strong>puro</strong></span> <span class='ocrx_word' id='word_1_21' title='bbox 1005 647 1114 710; x_wconf 90' lang='lat' dir='ltr'><strong>animo</strong></span> <span class='ocrx_word' id='word_1_22' title='bbox 1147 645 1269 711; x_wconf 85' lang='lat' dir='ltr'><strong>aeoedit</strong></span> <span class='ocrx_word' id='word_1_23' title='bbox 1297 644 1339 709; x_wconf 87' lang='lat' dir='ltr'><strong>ad</strong></span> <span class='ocrx_word' id='word_1_24' title='bbox 1389 645 1503 728; x_wconf 90' lang='lat' dir='ltr'><strong>Neque</strong></span> <span class='ocrx_word' id='word_1_25' title='bbox 1532 647 1620 712; x_wconf 91' lang='lat' dir='ltr'><strong>enim</strong></span> <span class='ocrx_word' id='word_1_26' title='bbox 1642 656 1692 712; x_wconf 91' lang='lat' dir='ltr'><strong>est</strong></span> <span class='ocrx_word' id='word_1_27' title='bbox 1721 649 1911 715; x_wconf 78' lang='lat' dir='ltr'><strong>continuum</strong></span> <span class='ocrx_word' id='word_1_28' title='bbox 1946 657 2258 731; x_wconf 76' lang='lat' dir='ltr'><strong>temperamentum:</strong></span> <span class='ocrx_word' id='word_1_29' title='bbox 2292 670 2357 715; x_wconf 88' lang='lat' dir='ltr'><strong>non</strong></span> 
     </span>
     <span class='ocr_line' id='line_1_4' title="bbox 371 731 2357 820; baseline -0.003 -14"><span class='ocrx_word' id='word_1_30' title='bbox 371 737 663 808; x_wconf 91' lang='lat' dir='ltr'><strong>eonsiderationem</strong></span> <span class='ocrx_word' id='word_1_31' title='bbox 691 734 810 815; x_wconf 89' lang='lat' dir='ltr'><strong>opifieii</strong></span> <span class='ocrx_word' id='word_1_32' title='bbox 840 733 1003 809; x_wconf 89' lang='lat' dir='ltr'><strong>eoelestis,</strong></span> <span class='ocrx_word' id='word_1_33' title='bbox 1035 732 1105 796; x_wconf 91' lang='lat' dir='ltr'><strong>iieri</strong></span> <span class='ocrx_word' id='word_1_34' title='bbox 1135 752 1201 795; x_wconf 92' lang='lat' dir='ltr'><strong>non</strong></span> <span class='ocrx_word' id='word_1_35' title='bbox 1231 740 1339 812; x_wconf 88' lang='lat' dir='ltr'><strong>potest</strong></span> <span class='ocrx_word' id='word_1_36' title='bbox 1389 731 1547 797; x_wconf 88' lang='lat' dir='ltr'><strong>habemns</strong></span> <span class='ocrx_word' id='word_1_37' title='bbox 1573 732 1724 815; x_wconf 76' lang='lat' dir='ltr'><strong>aequales</strong></span> <span class='ocrx_word' id='word_1_38' title='bbox 1747 735 1890 820; x_wconf 89' lang='lat' dir='ltr'><strong>hyemes,</strong></span> <span class='ocrx_word' id='word_1_39' title='bbox 1925 754 2028 817; x_wconf 89' lang='lat' dir='ltr'><strong>neque</strong></span> <span class='ocrx_word' id='word_1_40' title='bbox 2055 745 2211 800; x_wconf 90' lang='lat' dir='ltr'><strong>aestates:</strong></span> <span class='ocrx_word' id='word_1_41' title='bbox 2247 735 2357 801; x_wconf 91' lang='lat' dir='ltr'><strong>nullus</strong></span> 
     </span>
     <span class='ocr_line' id='line_1_5' title="bbox 372 816 2357 910; baseline -0.002 -20"><span class='ocrx_word' id='word_1_42' title='bbox 372 826 453 910; x_wconf 93' lang='lat' dir='ltr'><strong>quin</strong></span> <span class='ocrx_word' id='word_1_43' title='bbox 474 833 560 888; x_wconf 90' lang='lat' dir='ltr'><strong>totus</strong></span> <span class='ocrx_word' id='word_1_44' title='bbox 583 821 730 904; x_wconf 89' lang='lat' dir='ltr'><strong>rapiatur</strong></span> <span class='ocrx_word' id='word_1_45' title='bbox 750 820 784 883; x_wconf 92' lang='lat' dir='ltr'><strong>in</strong></span> <span class='ocrx_word' id='word_1_46' title='bbox 804 818 1048 883; x_wconf 79' lang='lat' dir='ltr'><strong>admirationem</strong></span> <span class='ocrx_word' id='word_1_47' title='bbox 1072 827 1137 880; x_wconf 90' lang='lat' dir='ltr'><strong>tam</strong></span> <span class='ocrx_word' id='word_1_48' title='bbox 1160 816 1339 899; x_wconf 78' lang='lat' dir='ltr'><strong>sapientiae</strong></span> <span class='ocrx_word' id='word_1_49' title='bbox 1390 829 1439 882; x_wconf 91' lang='lat' dir='ltr'><strong>est</strong></span> <span class='ocrx_word' id='word_1_50' title='bbox 1461 838 1567 882; x_wconf 87' lang='lat' dir='ltr'><strong>annus</strong></span> <span class='ocrx_word' id='word_1_51' title='bbox 1589 819 1643 900; x_wconf 92' lang='lat' dir='ltr'><strong>qui</strong></span> <span class='ocrx_word' id='word_1_52' title='bbox 1666 839 1730 885; x_wconf 91' lang='lat' dir='ltr'><strong>non</strong></span> <span class='ocrx_word' id='word_1_53' title='bbox 1753 821 1796 886; x_wconf 89' lang='lat' dir='ltr'><strong>sit</strong></span> <span class='ocrx_word' id='word_1_54' title='bbox 1818 818 1982 886; x_wconf 90' lang='lat' dir='ltr'><strong>dissimilis</strong></span> <span class='ocrx_word' id='word_1_55' title='bbox 2005 820 2121 903; x_wconf 85' lang='lat' dir='ltr'><strong>priori:</strong></span> <span class='ocrx_word' id='word_1_56' title='bbox 2156 821 2273 888; x_wconf 89' lang='lat' dir='ltr'><strong>tertius</strong></span> <span class='ocrx_word' id='word_1_57' title='bbox 2301 823 2357 903; x_wconf 86' lang='lat' dir='ltr'><strong>qui</strong></span> 
     </span>
     <span class='ocr_line' id='line_1_6' title="bbox 372 901 2359 996; baseline -0.002 -18"><span class='ocrx_word' id='word_1_58' title='bbox 372 933 468 996; x_wconf 89' lang='lat' dir='ltr'><strong>quam</strong></span> <span class='ocrx_word' id='word_1_59' title='bbox 491 907 644 974; x_wconf 87' lang='lat' dir='ltr'><strong>bonitatis</strong></span> <span class='ocrx_word' id='word_1_60' title='bbox 667 915 699 969; x_wconf 92' lang='lat' dir='ltr'><strong>et</strong></span> <span class='ocrx_word' id='word_1_61' title='bbox 722 904 886 988; x_wconf 87' lang='lat' dir='ltr'><strong>potentiae</strong></span> <span class='ocrx_word' id='word_1_62' title='bbox 903 903 975 967; x_wconf 90' lang='lat' dir='ltr'><strong>Dei.</strong></span> <span class='ocrx_word' id='word_1_63' title='bbox 1008 901 1082 968; x_wconf 89' lang='lat' dir='ltr'><strong>Non</strong></span> <span class='ocrx_word' id='word_1_64' title='bbox 1105 901 1216 968; x_wconf 90' lang='lat' dir='ltr'><strong>dubito</strong></span> <span class='ocrx_word' id='word_1_65' title='bbox 1239 902 1339 987; x_wconf 89' lang='lat' dir='ltr'><strong>igitur</strong></span> <span class='ocrx_word' id='word_1_66' title='bbox 1389 903 1536 984; x_wconf 90' lang='lat' dir='ltr'><strong>sequitur</strong></span> <span class='ocrx_word' id='word_1_67' title='bbox 1557 905 1654 969; x_wconf 87' lang='lat' dir='ltr'><strong>etiam</strong></span> <span class='ocrx_word' id='word_1_68' title='bbox 1677 905 1817 970; x_wconf 87' lang='lat' dir='ltr'><strong>multum</strong></span> <span class='ocrx_word' id='word_1_69' title='bbox 1839 905 1936 970; x_wconf 89' lang='lat' dir='ltr'><strong>distat</strong></span> <span class='ocrx_word' id='word_1_70' title='bbox 1954 927 1973 971; x_wconf 88' lang='lat' dir='ltr'><strong>a</strong></span> <span class='ocrx_word' id='word_1_71' title='bbox 1990 906 2141 973; x_wconf 87' lang='lat' dir='ltr'><strong>seeundo.</strong></span> <span class='ocrx_word' id='word_1_72' title='bbox 2174 907 2264 973; x_wconf 89' lang='lat' dir='ltr'><strong>Hine</strong></span> <span class='ocrx_word' id='word_1_73' title='bbox 2280 929 2359 992; x_wconf 89' lang='lat' dir='ltr'><strong>ergo</strong></span> 
     </span>
     <span class='ocr_line' id='line_1_7' title="bbox 373 987 2359 1084; baseline -0.003 -21"><span class='ocrx_word' id='word_1_74' title='bbox 373 1001 451 1084; x_wconf 92' lang='lat' dir='ltr'><strong>quin</strong></span> <span class='ocrx_word' id='word_1_75' title='bbox 474 993 630 1061; x_wconf 78' lang='lat' dir='ltr'><strong>Chaldaei</strong></span> <span class='ocrx_word' id='word_1_76' title='bbox 652 1002 684 1056; x_wconf 91' lang='lat' dir='ltr'><strong>et</strong></span> <span class='ocrx_word' id='word_1_77' title='bbox 707 990 861 1075; x_wconf 81' lang='lat' dir='ltr'><strong>Aegyptii</strong></span> <span class='ocrx_word' id='word_1_78' title='bbox 891 988 1061 1053; x_wconf 87' lang='lat' dir='ltr'><strong>didioerint</strong></span> <span class='ocrx_word' id='word_1_79' title='bbox 1092 996 1196 1053; x_wconf 90' lang='lat' dir='ltr'><strong>artem</strong></span> <span class='ocrx_word' id='word_1_80' title='bbox 1225 990 1339 1071; x_wconf 86' lang='lat' dir='ltr'><strong>ipsam,</strong></span> <span class='ocrx_word' id='word_1_81' title='bbox 1390 987 1571 1072; x_wconf 91' lang='lat' dir='ltr'><strong>oolligimus</strong></span> <span class='ocrx_word' id='word_1_82' title='bbox 1594 989 1701 1054; x_wconf 88' lang='lat' dir='ltr'><strong>Deum</strong></span> <span class='ocrx_word' id='word_1_83' title='bbox 1725 991 1770 1054; x_wconf 88' lang='lat' dir='ltr'><strong>ite</strong></span> <span class='ocrx_word' id='word_1_84' title='bbox 1791 989 1876 1056; x_wconf 90' lang='lat' dir='ltr'><strong>hane</strong></span> <span class='ocrx_word' id='word_1_85' title='bbox 1898 991 2128 1074; x_wconf 81' lang='lat' dir='ltr'><strong>proprietatem</strong></span> <span class='ocrx_word' id='word_1_86' title='bbox 2151 991 2307 1059; x_wconf 85' lang='lat' dir='ltr'><strong>indidisse</strong></span> <span class='ocrx_word' id='word_1_87' title='bbox 2324 1009 2359 1059; x_wconf 89' lang='lat' dir='ltr'><strong>et</strong></span> 
     </span>
     <span class='ocr_line' id='line_1_8' title="bbox 373 1073 2358 1169; baseline -0.003 -20"><span class='ocrx_word' id='word_1_88' title='bbox 373 1104 455 1169; x_wconf 87' lang='lat' dir='ltr'><strong>quae</strong></span> <span class='ocrx_word' id='word_1_89' title='bbox 477 1101 536 1163; x_wconf 90' lang='lat' dir='ltr'><strong>per</strong></span> <span class='ocrx_word' id='word_1_90' title='bbox 557 1099 591 1145; x_wconf 92' lang='lat' dir='ltr'><strong>se</strong></span> <span class='ocrx_word' id='word_1_91' title='bbox 614 1097 680 1141; x_wconf 92' lang='lat' dir='ltr'><strong>non</strong></span> <span class='ocrx_word' id='word_1_92' title='bbox 708 1085 833 1140; x_wconf 89' lang='lat' dir='ltr'><strong>tantum</strong></span> <span class='ocrx_word' id='word_1_93' title='bbox 864 1088 914 1140; x_wconf 90' lang='lat' dir='ltr'><strong>est</strong></span> <span class='ocrx_word' id='word_1_94' title='bbox 942 1073 1124 1155; x_wconf 88' lang='lat' dir='ltr'><strong>probabilis,</strong></span> <span class='ocrx_word' id='word_1_95' title='bbox 1156 1074 1212 1138; x_wconf 91' lang='lat' dir='ltr'><strong>sed</strong></span> <span class='ocrx_word' id='word_1_96' title='bbox 1242 1076 1338 1138; x_wconf 88' lang='lat' dir='ltr'><strong>etiam</strong></span> <span class='ocrx_word' id='word_1_97' title='bbox 1390 1073 1449 1140; x_wconf 91' lang='lat' dir='ltr'><strong>soli</strong></span> <span class='ocrx_word' id='word_1_98' title='bbox 1472 1085 1504 1137; x_wconf 92' lang='lat' dir='ltr'><strong>et</strong></span> <span class='ocrx_word' id='word_1_99' title='bbox 1525 1073 1632 1152; x_wconf 92' lang='lat' dir='ltr'><strong>lunae,</strong></span> <span class='ocrx_word' id='word_1_100' title='bbox 1655 1086 1686 1138; x_wconf 93' lang='lat' dir='ltr'><strong>et</strong></span> <span class='ocrx_word' id='word_1_101' title='bbox 1707 1077 1804 1141; x_wconf 88' lang='lat' dir='ltr'><strong>astris</strong></span> <span class='ocrx_word' id='word_1_102' title='bbox 1827 1077 1987 1154; x_wconf 89' lang='lat' dir='ltr'><strong>omnibus,</strong></span> <span class='ocrx_word' id='word_1_103' title='bbox 2015 1085 2053 1142; x_wconf 91' lang='lat' dir='ltr'><strong>ut</strong></span> <span class='ocrx_word' id='word_1_104' title='bbox 2075 1086 2185 1144; x_wconf 66' lang='lat' dir='ltr'><strong>umen</strong></span> <span class='ocrx_word' id='word_1_105' title='bbox 2206 1079 2275 1161; x_wconf 90' lang='lat' dir='ltr'><strong>ipse</strong></span> <span class='ocrx_word' id='word_1_106' title='bbox 2297 1080 2358 1144; x_wconf 91' lang='lat' dir='ltr'><strong>im·</strong></span> 
     </span>
     <span class='ocr_line' id='line_1_9' title="bbox 373 1160 2358 1245; baseline -0.003 -9"><span class='ocrx_word' id='word_1_107' title='bbox 373 1167 555 1240; x_wconf 90' lang='lat' dir='ltr'><strong>utilissima,</strong></span> <span class='ocrx_word' id='word_1_108' title='bbox 584 1183 645 1229; x_wconf 88' lang='lat' dir='ltr'><strong>neo</strong></span> <span class='ocrx_word' id='word_1_109' title='bbox 668 1160 917 1227; x_wconf 82' lang='lat' dir='ltr'><strong>iuoundissimas</strong></span> <span class='ocrx_word' id='word_1_110' title='bbox 948 1169 1076 1223; x_wconf 89' lang='lat' dir='ltr'><strong>tantum</strong></span> <span class='ocrx_word' id='word_1_111' title='bbox 1106 1160 1340 1241; x_wconf 79' lang='lat' dir='ltr'><strong>sperulationee</strong></span> <span class='ocrx_word' id='word_1_112' title='bbox 1391 1169 1491 1242; x_wconf 88' lang='lat' dir='ltr'><strong>peret,</strong></span> <span class='ocrx_word' id='word_1_113' title='bbox 1520 1164 1554 1223; x_wconf 90' lang='lat' dir='ltr'><strong>et</strong></span> <span class='ocrx_word' id='word_1_114' title='bbox 1576 1170 1739 1242; x_wconf 87' lang='lat' dir='ltr'><strong>permutet</strong></span> <span class='ocrx_word' id='word_1_115' title='bbox 1762 1173 1917 1244; x_wconf 87' lang='lat' dir='ltr'><strong>tempora,</strong></span> <span class='ocrx_word' id='word_1_116' title='bbox 1945 1163 2218 1245; x_wconf 90' lang='lat' dir='ltr'><strong>quemadmodum</strong></span> <span class='ocrx_word' id='word_1_117' title='bbox 2247 1163 2358 1231; x_wconf 87' lang='lat' dir='ltr'><strong>deere-</strong></span> 
     </span>
     <span class='ocr_line' id='line_1_10' title="bbox 373 1244 2360 1332; baseline -0.003 -10"><span class='ocrx_word' id='word_1_118' title='bbox 373 1258 406 1322; x_wconf 94' lang='lat' dir='ltr'><strong>in</strong></span> <span class='ocrx_word' id='word_1_119' title='bbox 430 1276 465 1319; x_wconf 90' lang='lat' dir='ltr'><strong>se</strong></span> <span class='ocrx_word' id='word_1_120' title='bbox 487 1251 645 1332; x_wconf 87' lang='lat' dir='ltr'><strong>eontinet,</strong></span> <span class='ocrx_word' id='word_1_121' title='bbox 675 1248 731 1313; x_wconf 93' lang='lat' dir='ltr'><strong>sed</strong></span> <span class='ocrx_word' id='word_1_122' title='bbox 754 1247 929 1330; x_wconf 89' lang='lat' dir='ltr'><strong>plurimum</strong></span> <span class='ocrx_word' id='word_1_123' title='bbox 956 1245 1055 1310; x_wconf 90' lang='lat' dir='ltr'><strong>etiem</strong></span> <span class='ocrx_word' id='word_1_124' title='bbox 1077 1245 1224 1310; x_wconf 85' lang='lat' dir='ltr'><strong>eonferrs</strong></span> <span class='ocrx_word' id='word_1_125' title='bbox 1246 1246 1341 1310; x_wconf 90' lang='lat' dir='ltr'><strong>debet</strong></span> <span class='ocrx_word' id='word_1_126' title='bbox 1392 1246 1447 1310; x_wconf 90' lang='lat' dir='ltr'><strong>vit.</strong></span> <span class='ocrx_word' id='word_1_127' title='bbox 1492 1244 1582 1310; x_wconf 89' lang='lat' dir='ltr'><strong>Hine</strong></span> <span class='ocrx_word' id='word_1_128' title='bbox 1609 1245 1711 1310; x_wconf 46' lang='lat' dir='ltr'><strong>etiem,</strong></span> <span class='ocrx_word' id='word_1_129' title='bbox 1734 1255 1767 1310; x_wconf 90' lang='lat' dir='ltr'><strong>et</strong></span> <span class='ocrx_word' id='word_1_130' title='bbox 1789 1247 1987 1324; x_wconf 87' lang='lat' dir='ltr'><strong>sterilitates,</strong></span> <span class='ocrx_word' id='word_1_131' title='bbox 2021 1260 2053 1314; x_wconf 90' lang='lat' dir='ltr'><strong>et</strong></span> <span class='ocrx_word' id='word_1_132' title='bbox 2075 1249 2291 1332; x_wconf 84' lang='lat' dir='ltr'><strong>pestilentiae,</strong></span> <span class='ocrx_word' id='word_1_133' title='bbox 2326 1261 2360 1316; x_wconf 87' lang='lat' dir='ltr'><strong>et</strong></span> 
     </span>
     <span class='ocr_line' id='line_1_11' title="bbox 374 1330 2359 1415; baseline -0.003 -9"><span class='ocrx_word' id='word_1_134' title='bbox 374 1340 414 1407; x_wconf 92' lang='lat' dir='ltr'><strong>ad</strong></span> <span class='ocrx_word' id='word_1_135' title='bbox 443 1336 648 1403; x_wconf 76' lang='lat' dir='ltr'><strong>excitandam</strong></span> <span class='ocrx_word' id='word_1_136' title='bbox 677 1334 712 1399; x_wconf 93' lang='lat' dir='ltr'><strong>in</strong></span> <span class='ocrx_word' id='word_1_137' title='bbox 742 1332 910 1398; x_wconf 91' lang='lat' dir='ltr'><strong>hominum</strong></span> <span class='ocrx_word' id='word_1_138' title='bbox 940 1330 1091 1396; x_wconf 82' lang='lat' dir='ltr'><strong>sordibus</strong></span> <span class='ocrx_word' id='word_1_139' title='bbox 1121 1333 1339 1396; x_wconf 86' lang='lat' dir='ltr'><strong>reverentiam</strong></span> <span class='ocrx_word' id='word_1_140' title='bbox 1391 1330 1515 1411; x_wconf 88' lang='lat' dir='ltr'><strong>reliqua</strong></span> <span class='ocrx_word' id='word_1_141' title='bbox 1537 1332 1607 1396; x_wconf 90' lang='lat' dir='ltr'><strong>eius</strong></span> <span class='ocrx_word' id='word_1_142' title='bbox 1628 1331 1768 1414; x_wconf 89' lang='lat' dir='ltr'><strong>generis.</strong></span> <span class='ocrx_word' id='word_1_143' title='bbox 1804 1330 1990 1415; x_wconf 87' lang='lat' dir='ltr'><strong>Aliquando</strong></span> <span class='ocrx_word' id='word_1_144' title='bbox 2013 1354 2068 1398; x_wconf 89' lang='lat' dir='ltr'><strong>aer</strong></span> <span class='ocrx_word' id='word_1_145' title='bbox 2091 1334 2255 1400; x_wconf 83' lang='lat' dir='ltr'><strong>videbitur</strong></span> <span class='ocrx_word' id='word_1_146' title='bbox 2277 1348 2359 1400; x_wconf 92' lang='lat' dir='ltr'><strong>tem-</strong></span> 
     </span>
     <span class='ocr_line' id='line_1_12' title="bbox 374 1414 2360 1503; baseline -0.003 -12"><span class='ocrx_word' id='word_1_147' title='bbox 374 1427 445 1491; x_wconf 89' lang='lat' dir='ltr'><strong>Dei.</strong></span> <span class='ocrx_word' id='word_1_148' title='bbox 490 1422 567 1487; x_wconf 92' lang='lat' dir='ltr'><strong>Ideo</strong></span> <span class='ocrx_word' id='word_1_149' title='bbox 591 1421 699 1486; x_wconf 85' lang='lat' dir='ltr'><strong>Moses</strong></span> <span class='ocrx_word' id='word_1_150' title='bbox 727 1439 748 1483; x_wconf 91' lang='lat' dir='ltr'><strong>a</strong></span> <span class='ocrx_word' id='word_1_151' title='bbox 776 1419 917 1500; x_wconf 87' lang='lat' dir='ltr'><strong>pueritia</strong></span> <span class='ocrx_word' id='word_1_152' title='bbox 949 1416 1011 1480; x_wconf 82' lang='lat' dir='ltr'><strong>tuit</strong></span> <span class='ocrx_word' id='word_1_153' title='bbox 1043 1414 1191 1480; x_wconf 86' lang='lat' dir='ltr'><strong>eruditus</strong></span> <span class='ocrx_word' id='word_1_154' title='bbox 1220 1417 1253 1480; x_wconf 92' lang='lat' dir='ltr'><strong>in</strong></span> <span class='ocrx_word' id='word_1_155' title='bbox 1283 1415 1340 1481; x_wconf 87' lang='lat' dir='ltr'><strong>illa</strong></span> <span class='ocrx_word' id='word_1_156' title='bbox 1391 1427 1536 1498; x_wconf 86' lang='lat' dir='ltr'><strong>paratus,</strong></span> <span class='ocrx_word' id='word_1_157' title='bbox 1571 1426 1679 1482; x_wconf 88' lang='lat' dir='ltr'><strong>temen</strong></span> <span class='ocrx_word' id='word_1_158' title='bbox 1713 1418 1915 1501; x_wconf 82' lang='lat' dir='ltr'><strong>grassabitur</strong></span> <span class='ocrx_word' id='word_1_159' title='bbox 1948 1420 2151 1502; x_wconf 90' lang='lat' dir='ltr'><strong>pestilentia:</strong></span> <span class='ocrx_word' id='word_1_160' title='bbox 2185 1419 2360 1503; x_wconf 88' lang='lat' dir='ltr'><strong>aliquando</strong></span> 
     </span>
     <span class='ocr_line' id='line_1_13' title="bbox 374 1501 2360 1586; baseline -0.002 -9"><span class='ocrx_word' id='word_1_161' title='bbox 374 1523 460 1578; x_wconf 88' lang='lat' dir='ltr'><strong>arte:</strong></span> <span class='ocrx_word' id='word_1_162' title='bbox 483 1506 602 1572; x_wconf 89' lang='lat' dir='ltr'><strong>Daniel</strong></span> <span class='ocrx_word' id='word_1_163' title='bbox 625 1506 723 1570; x_wconf 91' lang='lat' dir='ltr'><strong>etiam</strong></span> <span class='ocrx_word' id='word_1_164' title='bbox 747 1504 832 1586; x_wconf 90' lang='lat' dir='ltr'><strong>apud</strong></span> <span class='ocrx_word' id='word_1_165' title='bbox 855 1501 1045 1567; x_wconf 83' lang='lat' dir='ltr'><strong>Chaldaeos.</strong></span> <span class='ocrx_word' id='word_1_166' title='bbox 1085 1501 1208 1567; x_wconf 91' lang='lat' dir='ltr'><strong>Didioit</strong></span> <span class='ocrx_word' id='word_1_167' title='bbox 1229 1503 1340 1566; x_wconf 86' lang='lat' dir='ltr'><strong>Moses</strong></span> <span class='ocrx_word' id='word_1_168' title='bbox 1391 1522 1455 1567; x_wconf 91' lang='lat' dir='ltr'><strong>non</strong></span> <span class='ocrx_word' id='word_1_169' title='bbox 1478 1502 1658 1584; x_wconf 89' lang='lat' dir='ltr'><strong>reperietur</strong></span> <span class='ocrx_word' id='word_1_170' title='bbox 1680 1523 1777 1568; x_wconf 87' lang='lat' dir='ltr'><strong>eausa</strong></span> <span class='ocrx_word' id='word_1_171' title='bbox 1806 1526 1864 1570; x_wconf 91' lang='lat' dir='ltr'><strong>eur</strong></span> <span class='ocrx_word' id='word_1_172' title='bbox 1888 1525 1994 1569; x_wconf 87' lang='lat' dir='ltr'><strong>annus</strong></span> <span class='ocrx_word' id='word_1_173' title='bbox 2024 1506 2067 1569; x_wconf 92' lang='lat' dir='ltr'><strong>sit</strong></span> <span class='ocrx_word' id='word_1_174' title='bbox 2096 1507 2204 1572; x_wconf 87' lang='lat' dir='ltr'><strong>minus</strong></span> <span class='ocrx_word' id='word_1_175' title='bbox 2233 1505 2360 1586; x_wconf 76' lang='lat' dir='ltr'><strong>fertilis,</strong></span> 
     </span>
     <span class='ocr_line' id='line_1_14' title="bbox 374 1587 2362 1678; baseline -0.004 -15"><span class='ocrx_word' id='word_1_176' title='bbox 374 1593 592 1678; x_wconf 82' lang='lat' dir='ltr'><strong>astrologiam,</strong></span> <span class='ocrx_word' id='word_1_177' title='bbox 622 1591 752 1674; x_wconf 91' lang='lat' dir='ltr'><strong>qualem</strong></span> <span class='ocrx_word' id='word_1_178' title='bbox 775 1603 854 1654; x_wconf 91' lang='lat' dir='ltr'><strong>tuno</strong></span> <span class='ocrx_word' id='word_1_179' title='bbox 876 1587 1031 1652; x_wconf 90' lang='lat' dir='ltr'><strong>tenebant</strong></span> <span class='ocrx_word' id='word_1_180' title='bbox 1053 1589 1226 1672; x_wconf 81' lang='lat' dir='ltr'><strong>Aegyptii:</strong></span> <span class='ocrx_word' id='word_1_181' title='bbox 1261 1587 1341 1653; x_wconf 90' lang='lat' dir='ltr'><strong>didi·</strong></span> <span class='ocrx_word' id='word_1_182' title='bbox 1391 1596 1424 1652; x_wconf 92' lang='lat' dir='ltr'><strong>et</strong></span> <span class='ocrx_word' id='word_1_183' title='bbox 1452 1595 1560 1651; x_wconf 91' lang='lat' dir='ltr'><strong>tamen</strong></span> <span class='ocrx_word' id='word_1_184' title='bbox 1595 1588 1740 1652; x_wconf 93' lang='lat' dir='ltr'><strong>esurient</strong></span> <span class='ocrx_word' id='word_1_185' title='bbox 1772 1588 1929 1656; x_wconf 90' lang='lat' dir='ltr'><strong>homiues.</strong></span> <span class='ocrx_word' id='word_1_186' title='bbox 1974 1590 2065 1674; x_wconf 84' lang='lat' dir='ltr'><strong>Ergo</strong></span> <span class='ocrx_word' id='word_1_187' title='bbox 2097 1591 2196 1656; x_wconf 84' lang='lat' dir='ltr'><strong>etiam</strong></span> <span class='ocrx_word' id='word_1_188' title='bbox 2226 1591 2260 1656; x_wconf 93' lang='lat' dir='ltr'><strong>in</strong></span> <span class='ocrx_word' id='word_1_189' title='bbox 2289 1593 2362 1674; x_wconf 89' lang='lat' dir='ltr'><strong>ipse</strong></span> 
     </span>
     <span class='ocr_line' id='line_1_15' title="bbox 374 1672 2361 1759; baseline -0.003 -11"><span class='ocrx_word' id='word_1_190' title='bbox 374 1685 418 1748; x_wconf 91' lang='lat' dir='ltr'><strong>eit</strong></span> <span class='ocrx_word' id='word_1_191' title='bbox 440 1681 536 1746; x_wconf 87' lang='lat' dir='ltr'><strong>etiam</strong></span> <span class='ocrx_word' id='word_1_192' title='bbox 560 1677 688 1752; x_wconf 82' lang='lat' dir='ltr'><strong>Daniel,</strong></span> <span class='ocrx_word' id='word_1_193' title='bbox 717 1674 774 1739; x_wconf 92' lang='lat' dir='ltr'><strong>sed</strong></span> <span class='ocrx_word' id='word_1_194' title='bbox 797 1694 849 1739; x_wconf 88' lang='lat' dir='ltr'><strong>ars</strong></span> <span class='ocrx_word' id='word_1_195' title='bbox 871 1674 928 1738; x_wconf 90' lang='lat' dir='ltr'><strong>illa</strong></span> <span class='ocrx_word' id='word_1_196' title='bbox 950 1673 1036 1756; x_wconf 91' lang='lat' dir='ltr'><strong>apud</strong></span> <span class='ocrx_word' id='word_1_197' title='bbox 1060 1673 1241 1738; x_wconf 84' lang='lat' dir='ltr'><strong>Chaldaeos</strong></span> <span class='ocrx_word' id='word_1_198' title='bbox 1270 1685 1341 1737; x_wconf 87' lang='lat' dir='ltr'><strong>erat</strong></span> <span class='ocrx_word' id='word_1_199' title='bbox 1393 1681 1510 1737; x_wconf 88' lang='lat' dir='ltr'><strong>natura</strong></span> <span class='ocrx_word' id='word_1_200' title='bbox 1527 1672 1608 1739; x_wconf 90' lang='lat' dir='ltr'><strong>haee</strong></span> <span class='ocrx_word' id='word_1_201' title='bbox 1626 1672 1797 1741; x_wconf 82' lang='lat' dir='ltr'><strong>diversitas</strong></span> <span class='ocrx_word' id='word_1_202' title='bbox 1815 1675 1956 1741; x_wconf 91' lang='lat' dir='ltr'><strong>ostendit</strong></span> <span class='ocrx_word' id='word_1_203' title='bbox 1970 1676 2075 1741; x_wconf 88' lang='lat' dir='ltr'><strong>Deum</strong></span> <span class='ocrx_word' id='word_1_204' title='bbox 2094 1698 2161 1741; x_wconf 93' lang='lat' dir='ltr'><strong>non</strong></span> <span class='ocrx_word' id='word_1_205' title='bbox 2178 1678 2361 1759; x_wconf 77' lang='lat' dir='ltr'><strong>resignasse</strong></span> 
     </span>
     <span class='ocr_line' id='line_1_16' title="bbox 374 1757 2362 1846; baseline -0.004 -13"><span class='ocrx_word' id='word_1_206' title='bbox 374 1781 452 1833; x_wconf 87' lang='lat' dir='ltr'><strong>tune</strong></span> <span class='ocrx_word' id='word_1_207' title='bbox 470 1764 662 1831; x_wconf 89' lang='lat' dir='ltr'><strong>adulterata.</strong></span> <span class='ocrx_word' id='word_1_208' title='bbox 690 1761 773 1825; x_wconf 90' lang='lat' dir='ltr'><strong>Nam</strong></span> <span class='ocrx_word' id='word_1_209' title='bbox 789 1762 1053 1843; x_wconf 80' lang='lat' dir='ltr'><strong>permissusrant,</strong></span> <span class='ocrx_word' id='word_1_210' title='bbox 1072 1757 1341 1842; x_wconf 91' lang='lat' dir='ltr'><strong>quemadmodum</strong></span> <span class='ocrx_word' id='word_1_211' title='bbox 1391 1778 1484 1822; x_wconf 91' lang='lat' dir='ltr'><strong>suam</strong></span> <span class='ocrx_word' id='word_1_212' title='bbox 1507 1759 1683 1839; x_wconf 89' lang='lat' dir='ltr'><strong>potentiam</strong></span> <span class='ocrx_word' id='word_1_213' title='bbox 1707 1762 1812 1839; x_wconf 88' lang='lat' dir='ltr'><strong>astris,</strong></span> <span class='ocrx_word' id='word_1_214' title='bbox 1834 1760 1890 1826; x_wconf 91' lang='lat' dir='ltr'><strong>sed</strong></span> <span class='ocrx_word' id='word_1_215' title='bbox 1908 1762 1957 1826; x_wconf 89' lang='lat' dir='ltr'><strong>ita</strong></span> <span class='ocrx_word' id='word_1_216' title='bbox 1978 1762 2106 1844; x_wconf 90' lang='lat' dir='ltr'><strong>operari</strong></span> <span class='ocrx_word' id='word_1_217' title='bbox 2129 1784 2187 1846; x_wconf 90' lang='lat' dir='ltr'><strong>per</strong></span> <span class='ocrx_word' id='word_1_218' title='bbox 2204 1772 2303 1840; x_wconf 85' lang='lat' dir='ltr'><strong>aetra,</strong></span> <span class='ocrx_word' id='word_1_219' title='bbox 2326 1775 2362 1828; x_wconf 92' lang='lat' dir='ltr'><strong>ut</strong></span> 
     </span>
     <span class='ocr_line' id='line_1_17' title="bbox 373 1843 2361 1932; baseline -0.005 -13"><span class='ocrx_word' id='word_1_220' title='bbox 373 1855 438 1920; x_wconf 89' lang='lat' dir='ltr'><strong>iam</strong></span> <span class='ocrx_word' id='word_1_221' title='bbox 468 1851 551 1928; x_wconf 87' lang='lat' dir='ltr'><strong>dixi,</strong></span> <span class='ocrx_word' id='word_1_222' title='bbox 583 1847 700 1913; x_wconf 91' lang='lat' dir='ltr'><strong>stultas</strong></span> <span class='ocrx_word' id='word_1_223' title='bbox 734 1844 950 1910; x_wconf 88' lang='lat' dir='ltr'><strong>divinationes</strong></span> <span class='ocrx_word' id='word_1_224' title='bbox 984 1864 1082 1909; x_wconf 83' lang='lat' dir='ltr'><strong>verae</strong></span> <span class='ocrx_word' id='word_1_225' title='bbox 1114 1858 1147 1908; x_wconf 90' lang='lat' dir='ltr'><strong>et</strong></span> <span class='ocrx_word' id='word_1_226' title='bbox 1179 1845 1341 1927; x_wconf 90' lang='lat' dir='ltr'><strong>genuinae</strong></span> <span class='ocrx_word' id='word_1_227' title='bbox 1392 1854 1501 1908; x_wconf 89' lang='lat' dir='ltr'><strong>tamen</strong></span> <span class='ocrx_word' id='word_1_228' title='bbox 1529 1843 1750 1927; x_wconf 80' lang='lat' dir='ltr'><strong>gubernacula</strong></span> <span class='ocrx_word' id='word_1_229' title='bbox 1779 1856 1906 1912; x_wconf 89' lang='lat' dir='ltr'><strong>teneat:</strong></span> <span class='ocrx_word' id='word_1_230' title='bbox 1940 1846 2057 1911; x_wconf 92' lang='lat' dir='ltr'><strong>deinde</strong></span> <span class='ocrx_word' id='word_1_231' title='bbox 2086 1861 2124 1911; x_wconf 90' lang='lat' dir='ltr'><strong>ut</strong></span> <span class='ocrx_word' id='word_1_232' title='bbox 2145 1868 2204 1932; x_wconf 93' lang='lat' dir='ltr'><strong>pro</strong></span> <span class='ocrx_word' id='word_1_233' title='bbox 2225 1869 2285 1914; x_wconf 91' lang='lat' dir='ltr'><strong>suo</strong></span> <span class='ocrx_word' id='word_1_234' title='bbox 2309 1869 2361 1911; x_wconf 88' lang='lat' dir='ltr'><strong>ar-</strong></span> 
     </span>
     <span class='ocr_line' id='line_1_18' title="bbox 374 1928 2361 2016; baseline -0.004 -12"><span class='ocrx_word' id='word_1_235' title='bbox 374 1938 539 2006; x_wconf 87' lang='lat' dir='ltr'><strong>eeientiae.</strong></span> <span class='ocrx_word' id='word_1_236' title='bbox 578 1933 625 2000; x_wconf 90' lang='lat' dir='ltr'><strong>Ut</strong></span> <span class='ocrx_word' id='word_1_237' title='bbox 646 1951 724 2016; x_wconf 89' lang='lat' dir='ltr'><strong>ergo</strong></span> <span class='ocrx_word' id='word_1_238' title='bbox 746 1931 917 1996; x_wconf 90' lang='lat' dir='ltr'><strong>eonsilium</strong></span> <span class='ocrx_word' id='word_1_239' title='bbox 941 1929 1117 2012; x_wconf 89' lang='lat' dir='ltr'><strong>prophetae</strong></span> <span class='ocrx_word' id='word_1_240' title='bbox 1139 1931 1231 1995; x_wconf 92' lang='lat' dir='ltr'><strong>nobis</strong></span> <span class='ocrx_word' id='word_1_241' title='bbox 1254 1939 1341 1996; x_wconf 87' lang='lat' dir='ltr'><strong>eerto</strong></span> <span class='ocrx_word' id='word_1_242' title='bbox 1393 1928 1488 1993; x_wconf 88' lang='lat' dir='ltr'><strong>bitrio</strong></span> <span class='ocrx_word' id='word_1_243' title='bbox 1519 1929 1613 1993; x_wconf 92' lang='lat' dir='ltr'><strong>aliter</strong></span> <span class='ocrx_word' id='word_1_244' title='bbox 1646 1930 1806 1996; x_wconf 91' lang='lat' dir='ltr'><strong>mundum</strong></span> <span class='ocrx_word' id='word_1_245' title='bbox 1837 1943 2011 2015; x_wconf 88' lang='lat' dir='ltr'><strong>temperet,</strong></span> <span class='ocrx_word' id='word_1_246' title='bbox 2043 1953 2140 2015; x_wconf 88' lang='lat' dir='ltr'><strong>quam</strong></span> <span class='ocrx_word' id='word_1_247' title='bbox 2174 1935 2276 2015; x_wconf 89' lang='lat' dir='ltr'><strong>possit</strong></span> <span class='ocrx_word' id='word_1_248' title='bbox 2310 1932 2361 1998; x_wconf 84' lang='lat' dir='ltr'><strong>vel</strong></span> 
     </span>
     <span class='ocr_line' id='line_1_19' title="bbox 373 2011 2364 2102; baseline -0.004 -10"><span class='ocrx_word' id='word_1_249' title='bbox 373 2029 515 2100; x_wconf 88' lang='lat' dir='ltr'><strong>oonatet,</strong></span> <span class='ocrx_word' id='word_1_250' title='bbox 549 2018 745 2102; x_wconf 91' lang='lat' dir='ltr'><strong>prineipium</strong></span> <span class='ocrx_word' id='word_1_251' title='bbox 773 2015 854 2082; x_wconf 90' lang='lat' dir='ltr'><strong>illud</strong></span> <span class='ocrx_word' id='word_1_252' title='bbox 877 2017 979 2080; x_wconf 86' lang='lat' dir='ltr'><strong>fixum</strong></span> <span class='ocrx_word' id='word_1_253' title='bbox 1002 2026 1151 2099; x_wconf 88' lang='lat' dir='ltr'><strong>maneat,</strong></span> <span class='ocrx_word' id='word_1_254' title='bbox 1185 2017 1287 2081; x_wconf 85' lang='lat' dir='ltr'><strong>solem</strong></span> <span class='ocrx_word' id='word_1_255' title='bbox 1310 2026 1342 2079; x_wconf 88' lang='lat' dir='ltr'><strong>et</strong></span> <span class='ocrx_word' id='word_1_256' title='bbox 1392 2011 1598 2079; x_wconf 78' lang='lat' dir='ltr'><strong>acutissimus</strong></span> <span class='ocrx_word' id='word_1_257' title='bbox 1632 2016 1767 2100; x_wconf 91' lang='lat' dir='ltr'><strong>quisque</strong></span> <span class='ocrx_word' id='word_1_258' title='bbox 1798 2016 1945 2083; x_wconf 85' lang='lat' dir='ltr'><strong>divinare</strong></span> <span class='ocrx_word' id='word_1_259' title='bbox 1976 2039 2018 2084; x_wconf 86' lang='lat' dir='ltr'><strong>ex</strong></span> <span class='ocrx_word' id='word_1_260' title='bbox 2046 2020 2152 2084; x_wconf 90' lang='lat' dir='ltr'><strong>astris.</strong></span> <span class='ocrx_word' id='word_1_261' title='bbox 2201 2017 2268 2085; x_wconf 86' lang='lat' dir='ltr'><strong>Sed</strong></span> <span class='ocrx_word' id='word_1_262' title='bbox 2302 2019 2364 2084; x_wconf 90' lang='lat' dir='ltr'><strong>hoe</strong></span> 
     </span>
     <span class='ocr_line' id='line_1_20' title="bbox 372 2098 2364 2187; baseline -0.003 -13"><span class='ocrx_word' id='word_1_263' title='bbox 372 2110 485 2175; x_wconf 91' lang='lat' dir='ltr'><strong>lunam</strong></span> <span class='ocrx_word' id='word_1_264' title='bbox 518 2115 550 2171; x_wconf 90' lang='lat' dir='ltr'><strong>et</strong></span> <span class='ocrx_word' id='word_1_265' title='bbox 584 2105 724 2186; x_wconf 91' lang='lat' dir='ltr'><strong>reliquos</strong></span> <span class='ocrx_word' id='word_1_266' title='bbox 757 2104 921 2185; x_wconf 89' lang='lat' dir='ltr'><strong>planetes,</strong></span> <span class='ocrx_word' id='word_1_267' title='bbox 963 2099 1079 2166; x_wconf 90' lang='lat' dir='ltr'><strong>deinde</strong></span> <span class='ocrx_word' id='word_1_268' title='bbox 1114 2101 1225 2167; x_wconf 89' lang='lat' dir='ltr'><strong>stellas</strong></span> <span class='ocrx_word' id='word_1_269' title='bbox 1259 2101 1342 2165; x_wconf 87' lang='lat' dir='ltr'><strong>fixas</strong></span> <span class='ocrx_word' id='word_1_270' title='bbox 1393 2121 1459 2164; x_wconf 89' lang='lat' dir='ltr'><strong>non</strong></span> <span class='ocrx_word' id='word_1_271' title='bbox 1482 2098 1598 2177; x_wconf 88' lang='lat' dir='ltr'><strong>obstat,</strong></span> <span class='ocrx_word' id='word_1_272' title='bbox 1629 2102 1801 2184; x_wconf 91' lang='lat' dir='ltr'><strong>quominus</strong></span> <span class='ocrx_word' id='word_1_273' title='bbox 1826 2115 1933 2170; x_wconf 88' lang='lat' dir='ltr'><strong>tamen</strong></span> <span class='ocrx_word' id='word_1_274' title='bbox 1956 2105 2001 2169; x_wconf 91' lang='lat' dir='ltr'><strong>sit</strong></span> <span class='ocrx_word' id='word_1_275' title='bbox 2023 2102 2131 2185; x_wconf 89' lang='lat' dir='ltr'><strong>aliqua</strong></span> <span class='ocrx_word' id='word_1_276' title='bbox 2159 2105 2364 2187; x_wconf 87' lang='lat' dir='ltr'><strong>signifieatio,</strong></span> 
     </span>
     <span class='ocr_line' id='line_1_21' title="bbox 374 2185 2363 2278; baseline -0.003 -18"><span class='ocrx_word' id='word_1_277' title='bbox 374 2215 456 2278; x_wconf 90' lang='lat' dir='ltr'><strong>quae</strong></span> <span class='ocrx_word' id='word_1_278' title='bbox 489 2199 565 2257; x_wconf 90' lang='lat' dir='ltr'><strong>sunt</strong></span> <span class='ocrx_word' id='word_1_279' title='bbox 598 2191 633 2254; x_wconf 94' lang='lat' dir='ltr'><strong>in</strong></span> <span class='ocrx_word' id='word_1_280' title='bbox 668 2190 887 2266; x_wconf 88' lang='lat' dir='ltr'><strong>firmamento,</strong></span> <span class='ocrx_word' id='word_1_281' title='bbox 921 2207 993 2253; x_wconf 89' lang='lat' dir='ltr'><strong>esee</strong></span> <span class='ocrx_word' id='word_1_282' title='bbox 1021 2186 1055 2250; x_wconf 92' lang='lat' dir='ltr'><strong>in</strong></span> <span class='ocrx_word' id='word_1_283' title='bbox 1084 2187 1187 2269; x_wconf 88' lang='lat' dir='ltr'><strong>signa.</strong></span> <span class='ocrx_word' id='word_1_284' title='bbox 1241 2187 1342 2268; x_wconf 89' lang='lat' dir='ltr'><strong>Atqui</strong></span> <span class='ocrx_word' id='word_1_285' title='bbox 1393 2185 1664 2268; x_wconf 87' lang='lat' dir='ltr'><strong>quemadmodum</strong></span> <span class='ocrx_word' id='word_1_286' title='bbox 1687 2189 1753 2252; x_wconf 89' lang='lat' dir='ltr'><strong>iam</strong></span> <span class='ocrx_word' id='word_1_287' title='bbox 1775 2188 1853 2253; x_wconf 89' lang='lat' dir='ltr'><strong>dixi.</strong></span> <span class='ocrx_word' id='word_1_288' title='bbox 1894 2188 2077 2268; x_wconf 87' lang='lat' dir='ltr'><strong>Caeterum,</strong></span> <span class='ocrx_word' id='word_1_289' title='bbox 2099 2190 2155 2271; x_wconf 88' lang='lat' dir='ltr'><strong>qui</strong></span> <span class='ocrx_word' id='word_1_290' title='bbox 2179 2204 2363 2255; x_wconf 88' lang='lat' dir='ltr'><strong>transsosn·</strong></span> 
     </span>
     <span class='ocr_line' id='line_1_22' title="bbox 375 2270 2363 2357; baseline -0.003 -12"><span class='ocrx_word' id='word_1_291' title='bbox 375 2278 472 2346; x_wconf 90' lang='lat' dir='ltr'><strong>simol</strong></span> <span class='ocrx_word' id='word_1_292' title='bbox 492 2278 546 2344; x_wconf 91' lang='lat' dir='ltr'><strong>hio</strong></span> <span class='ocrx_word' id='word_1_293' title='bbox 569 2274 710 2340; x_wconf 90' lang='lat' dir='ltr'><strong>notanda</strong></span> <span class='ocrx_word' id='word_1_294' title='bbox 732 2283 782 2339; x_wconf 92' lang='lat' dir='ltr'><strong>est</strong></span> <span class='ocrx_word' id='word_1_295' title='bbox 804 2273 930 2338; x_wconf 90' lang='lat' dir='ltr'><strong>relatio:</strong></span> <span class='ocrx_word' id='word_1_296' title='bbox 954 2293 1107 2355; x_wconf 88' lang='lat' dir='ltr'><strong>quorsum</strong></span> <span class='ocrx_word' id='word_1_297' title='bbox 1129 2273 1231 2356; x_wconf 86' lang='lat' dir='ltr'><strong>igitur</strong></span> <span class='ocrx_word' id='word_1_298' title='bbox 1251 2271 1343 2338; x_wconf 92' lang='lat' dir='ltr'><strong>Deus</strong></span> <span class='ocrx_word' id='word_1_299' title='bbox 1393 2272 1477 2335; x_wconf 92' lang='lat' dir='ltr'><strong>dunt</strong></span> <span class='ocrx_word' id='word_1_300' title='bbox 1505 2272 1587 2336; x_wconf 88' lang='lat' dir='ltr'><strong>fines</strong></span> <span class='ocrx_word' id='word_1_301' title='bbox 1609 2293 1629 2336; x_wconf 87' lang='lat' dir='ltr'><strong>a</strong></span> <span class='ocrx_word' id='word_1_302' title='bbox 1650 2270 1722 2337; x_wconf 92' lang='lat' dir='ltr'><strong>Deo</strong></span> <span class='ocrx_word' id='word_1_303' title='bbox 1754 2276 1885 2357; x_wconf 90' lang='lat' dir='ltr'><strong>positos,</strong></span> <span class='ocrx_word' id='word_1_304' title='bbox 1920 2287 1953 2339; x_wconf 92' lang='lat' dir='ltr'><strong>et</strong></span> <span class='ocrx_word' id='word_1_305' title='bbox 1982 2273 2096 2340; x_wconf 86' lang='lat' dir='ltr'><strong>volunt</strong></span> <span class='ocrx_word' id='word_1_306' title='bbox 2129 2276 2289 2340; x_wconf 87' lang='lat' dir='ltr'><strong>eoniioere</strong></span> <span class='ocrx_word' id='word_1_307' title='bbox 2322 2295 2363 2339; x_wconf 86' lang='lat' dir='ltr'><strong>ex</strong></span> 
     </span>
     <span class='ocr_line' id='line_1_23' title="bbox 376 2357 2364 2444; baseline -0.003 -15"><span class='ocrx_word' id='word_1_308' title='bbox 376 2365 478 2430; x_wconf 87' lang='lat' dir='ltr'><strong>voluit</strong></span> <span class='ocrx_word' id='word_1_309' title='bbox 507 2363 608 2427; x_wconf 91' lang='lat' dir='ltr'><strong>solem</strong></span> <span class='ocrx_word' id='word_1_310' title='bbox 637 2366 671 2425; x_wconf 90' lang='lat' dir='ltr'><strong>st</strong></span> <span class='ocrx_word' id='word_1_311' title='bbox 699 2359 810 2424; x_wconf 90' lang='lat' dir='ltr'><strong>lunam</strong></span> <span class='ocrx_word' id='word_1_312' title='bbox 840 2379 911 2423; x_wconf 90' lang='lat' dir='ltr'><strong>esse</strong></span> <span class='ocrx_word' id='word_1_313' title='bbox 939 2359 975 2422; x_wconf 90' lang='lat' dir='ltr'><strong>in</strong></span> <span class='ocrx_word' id='word_1_314' title='bbox 1005 2358 1122 2441; x_wconf 88' lang='lat' dir='ltr'><strong>signa?</strong></span> <span class='ocrx_word' id='word_1_315' title='bbox 1157 2381 1272 2442; x_wconf 91' lang='lat' dir='ltr'><strong>nempe</strong></span> <span class='ocrx_word' id='word_1_316' title='bbox 1306 2368 1344 2424; x_wconf 90' lang='lat' dir='ltr'><strong>ut</strong></span> <span class='ocrx_word' id='word_1_317' title='bbox 1394 2357 1490 2422; x_wconf 90' lang='lat' dir='ltr'><strong>astris</strong></span> <span class='ocrx_word' id='word_1_318' title='bbox 1511 2359 1701 2424; x_wconf 86' lang='lat' dir='ltr'><strong>futurumne</strong></span> <span class='ocrx_word' id='word_1_319' title='bbox 1719 2359 1762 2424; x_wconf 93' lang='lat' dir='ltr'><strong>sit</strong></span> <span class='ocrx_word' id='word_1_320' title='bbox 1780 2359 1899 2424; x_wconf 89' lang='lat' dir='ltr'><strong>bellum</strong></span> <span class='ocrx_word' id='word_1_321' title='bbox 1918 2361 1952 2424; x_wconf 88' lang='lat' dir='ltr'><strong>in</strong></span> <span class='ocrx_word' id='word_1_322' title='bbox 1968 2361 2026 2424; x_wconf 89' lang='lat' dir='ltr'><strong>illa</strong></span> <span class='ocrx_word' id='word_1_323' title='bbox 2043 2361 2186 2444; x_wconf 90' lang='lat' dir='ltr'><strong>regione,</strong></span> <span class='ocrx_word' id='word_1_324' title='bbox 2210 2360 2364 2429; x_wconf 81' lang='lat' dir='ltr'><strong>iuturane</strong></span> 
     </span>
     <span class='ocr_line' id='line_1_24' title="bbox 376 2443 2365 2529; baseline -0.003 -13"><span class='ocrx_word' id='word_1_325' title='bbox 376 2471 490 2516; x_wconf 86' lang='lat' dir='ltr'><strong>eureus</strong></span> <span class='ocrx_word' id='word_1_326' title='bbox 512 2448 636 2511; x_wconf 90' lang='lat' dir='ltr'><strong>lunaris</strong></span> <span class='ocrx_word' id='word_1_327' title='bbox 666 2445 814 2511; x_wconf 87' lang='lat' dir='ltr'><strong>eonfioiat</strong></span> <span class='ocrx_word' id='word_1_328' title='bbox 843 2465 987 2508; x_wconf 90' lang='lat' dir='ltr'><strong>mensem</strong></span> <span class='ocrx_word' id='word_1_329' title='bbox 1011 2464 1125 2524; x_wconf 89' lang='lat' dir='ltr'><strong>uuum,</strong></span> <span class='ocrx_word' id='word_1_330' title='bbox 1155 2466 1270 2511; x_wconf 89' lang='lat' dir='ltr'><strong>eursus</strong></span> <span class='ocrx_word' id='word_1_331' title='bbox 1291 2468 1343 2512; x_wconf 92' lang='lat' dir='ltr'><strong>so·</strong></span> <span class='ocrx_word' id='word_1_332' title='bbox 1394 2462 1459 2525; x_wconf 85' lang='lat' dir='ltr'><strong>pax</strong></span> <span class='ocrx_word' id='word_1_333' title='bbox 1488 2443 1523 2507; x_wconf 90' lang='lat' dir='ltr'><strong>in</strong></span> <span class='ocrx_word' id='word_1_334' title='bbox 1549 2443 1667 2508; x_wconf 86' lang='lat' dir='ltr'><strong>altera:</strong></span> <span class='ocrx_word' id='word_1_335' title='bbox 1702 2446 1758 2526; x_wconf 92' lang='lat' dir='ltr'><strong>qui</strong></span> <span class='ocrx_word' id='word_1_336' title='bbox 1788 2465 1865 2529; x_wconf 89' lang='lat' dir='ltr'><strong>ergo</strong></span> <span class='ocrx_word' id='word_1_337' title='bbox 1897 2445 2011 2510; x_wconf 85' lang='lat' dir='ltr'><strong>volunt</strong></span> <span class='ocrx_word' id='word_1_338' title='bbox 2043 2465 2125 2528; x_wconf 87' lang='lat' dir='ltr'><strong>quae</strong></span> <span class='ocrx_word' id='word_1_339' title='bbox 2157 2455 2237 2510; x_wconf 90' lang='lat' dir='ltr'><strong>sunt</strong></span> <span class='ocrx_word' id='word_1_340' title='bbox 2270 2455 2365 2510; x_wconf 87' lang='lat' dir='ltr'><strong>extra</strong></span> 
     </span>
     <span class='ocr_line' id='line_1_25' title="bbox 376 2528 2365 2615; baseline 0.004 -15"><span class='ocrx_word' id='word_1_341' title='bbox 376 2537 454 2600; x_wconf 91' lang='lat' dir='ltr'><strong>laris</strong></span> <span class='ocrx_word' id='word_1_342' title='bbox 483 2532 630 2599; x_wconf 87' lang='lat' dir='ltr'><strong>eonfieiat</strong></span> <span class='ocrx_word' id='word_1_343' title='bbox 656 2551 759 2595; x_wconf 91' lang='lat' dir='ltr'><strong>unum</strong></span> <span class='ocrx_word' id='word_1_344' title='bbox 787 2551 918 2594; x_wconf 89' lang='lat' dir='ltr'><strong>annum.</strong></span> <span class='ocrx_word' id='word_1_345' title='bbox 964 2528 1092 2593; x_wconf 91' lang='lat' dir='ltr'><strong>Deinde</strong></span> <span class='ocrx_word' id='word_1_346' title='bbox 1119 2539 1156 2594; x_wconf 90' lang='lat' dir='ltr'><strong>ut</strong></span> <span class='ocrx_word' id='word_1_347' title='bbox 1178 2543 1343 2613; x_wconf 78' lang='lat' dir='ltr'><strong>respectus</strong></span> <span class='ocrx_word' id='word_1_348' title='bbox 1388 2537 1530 2592; x_wconf 51' lang='lat' dir='ltr'><strong>¹naturae</strong></span> <span class='ocrx_word' id='word_1_349' title='bbox 1563 2528 1709 2594; x_wconf 88' lang='lat' dir='ltr'><strong>ordinem</strong></span> <span class='ocrx_word' id='word_1_350' title='bbox 1743 2529 1894 2615; x_wconf 84' lang='lat' dir='ltr'><strong>colligere</strong></span> <span class='ocrx_word' id='word_1_351' title='bbox 1927 2552 1969 2596; x_wconf 82' lang='lat' dir='ltr'><strong>ex</strong></span> <span class='ocrx_word' id='word_1_352' title='bbox 2001 2531 2114 2608; x_wconf 63' lang='lat' dir='ltr'><strong>astris.</strong></span> <span class='ocrx_word' id='word_1_353' title='bbox 2148 2531 2198 2595; x_wconf 72' lang='lat' dir='ltr'><strong>illi</strong></span> <span class='ocrx_word' id='word_1_354' title='bbox 2231 2551 2365 2614; x_wconf 64' lang='lat' dir='ltr'><strong>prmus</strong></span> 
     </span>
     <span class='ocr_line' id='line_1_26' title="bbox 378 2611 2365 2702; baseline -0.003 -16"><span class='ocrx_word' id='word_1_355' title='bbox 378 2620 545 2686; x_wconf 90' lang='lat' dir='ltr'><strong>duodeeim</strong></span> <span class='ocrx_word' id='word_1_356' title='bbox 578 2619 745 2702; x_wconf 89' lang='lat' dir='ltr'><strong>signorum</strong></span> <span class='ocrx_word' id='word_1_357' title='bbox 775 2616 872 2680; x_wconf 90' lang='lat' dir='ltr'><strong>etiam</strong></span> <span class='ocrx_word' id='word_1_358' title='bbox 902 2611 1024 2698; x_wconf 89' lang='lat' dir='ltr'><strong>aliquid</strong></span> <span class='ocrx_word' id='word_1_359' title='bbox 1053 2615 1207 2698; x_wconf 88' lang='lat' dir='ltr'><strong>designet</strong></span> <span class='ocrx_word' id='word_1_360' title='bbox 1256 2618 1342 2683; x_wconf 87' lang='lat' dir='ltr'><strong>Nem</strong></span> <span class='ocrx_word' id='word_1_361' title='bbox 1395 2614 1532 2678; x_wconf 91' lang='lat' dir='ltr'><strong>misoent</strong></span> <span class='ocrx_word' id='word_1_362' title='bbox 1561 2614 1686 2680; x_wconf 88' lang='lat' dir='ltr'><strong>eoelum</strong></span> <span class='ocrx_word' id='word_1_363' title='bbox 1714 2625 1828 2681; x_wconf 90' lang='lat' dir='ltr'><strong>terrae.</strong></span> <span class='ocrx_word' id='word_1_364' title='bbox 1873 2616 1942 2682; x_wconf 91' lang='lat' dir='ltr'><strong>Neo</strong></span> <span class='ocrx_word' id='word_1_365' title='bbox 1965 2615 2098 2681; x_wconf 89' lang='lat' dir='ltr'><strong>dubium</strong></span> <span class='ocrx_word' id='word_1_366' title='bbox 2121 2627 2171 2680; x_wconf 90' lang='lat' dir='ltr'><strong>est</strong></span> <span class='ocrx_word' id='word_1_367' title='bbox 2192 2618 2271 2700; x_wconf 90' lang='lat' dir='ltr'><strong>quin</strong></span> <span class='ocrx_word' id='word_1_368' title='bbox 2293 2638 2365 2699; x_wconf 93' lang='lat' dir='ltr'><strong>pro-</strong></span> 
     </span>
     <span class='ocr_line' id='line_1_27' title="bbox 377 2698 2365 2788; baseline -0.003 -16"><span class='ocrx_word' id='word_1_369' title='bbox 377 2705 426 2773; x_wconf 93' lang='lat' dir='ltr'><strong>sol</strong></span> <span class='ocrx_word' id='word_1_370' title='bbox 447 2726 547 2788; x_wconf 90' lang='lat' dir='ltr'><strong>quum</strong></span> <span class='ocrx_word' id='word_1_371' title='bbox 569 2713 619 2769; x_wconf 89' lang='lat' dir='ltr'><strong>eet</strong></span> <span class='ocrx_word' id='word_1_372' title='bbox 640 2702 700 2766; x_wconf 92' lang='lat' dir='ltr'><strong>sub</strong></span> <span class='ocrx_word' id='word_1_373' title='bbox 722 2700 847 2766; x_wconf 84' lang='lat' dir='ltr'><strong>Cancro</strong></span> <span class='ocrx_word' id='word_1_374' title='bbox 876 2721 942 2765; x_wconf 92' lang='lat' dir='ltr'><strong>non</strong></span> <span class='ocrx_word' id='word_1_375' title='bbox 973 2700 1119 2765; x_wconf 91' lang='lat' dir='ltr'><strong>eiusdem</strong></span> <span class='ocrx_word' id='word_1_376' title='bbox 1149 2710 1198 2766; x_wconf 89' lang='lat' dir='ltr'><strong>est</strong></span> <span class='ocrx_word' id='word_1_377' title='bbox 1221 2703 1342 2788; x_wconf 86' lang='lat' dir='ltr'><strong>vigoris</strong></span> <span class='ocrx_word' id='word_1_378' title='bbox 1395 2698 1493 2781; x_wconf 87' lang='lat' dir='ltr'><strong>pheta</strong></span> <span class='ocrx_word' id='word_1_379' title='bbox 1516 2699 1601 2766; x_wconf 91' lang='lat' dir='ltr'><strong>hano</strong></span> <span class='ocrx_word' id='word_1_380' title='bbox 1623 2700 1820 2766; x_wconf 88' lang='lat' dir='ltr'><strong>dementiam</strong></span> <span class='ocrx_word' id='word_1_381' title='bbox 1842 2704 1988 2785; x_wconf 89' lang='lat' dir='ltr'><strong>eastiget,</strong></span> <span class='ocrx_word' id='word_1_382' title='bbox 2012 2723 2109 2785; x_wconf 91' lang='lat' dir='ltr'><strong>quum</strong></span> <span class='ocrx_word' id='word_1_383' title='bbox 2125 2701 2365 2767; x_wconf 81' lang='lat' dir='ltr'><strong>retetlndaeos</strong></span> 
     </span>
     <span class='ocr_line' id='line_1_28' title="bbox 377 2784 2363 2869; baseline -0.001 -17"><span class='ocrx_word' id='word_1_384' title='bbox 377 2802 411 2858; x_wconf 85' lang='lat' dir='ltr'><strong>et</strong></span> <span class='ocrx_word' id='word_1_385' title='bbox 432 2789 601 2865; x_wconf 84' lang='lat' dir='ltr'><strong>effioaoiae,</strong></span> <span class='ocrx_word' id='word_1_386' title='bbox 636 2797 672 2852; x_wconf 90' lang='lat' dir='ltr'><strong>ut</strong></span> <span class='ocrx_word' id='word_1_387' title='bbox 701 2799 751 2853; x_wconf 91' lang='lat' dir='ltr'><strong>est</strong></span> <span class='ocrx_word' id='word_1_388' title='bbox 780 2787 839 2852; x_wconf 92' lang='lat' dir='ltr'><strong>sub</strong></span> <span class='ocrx_word' id='word_1_389' title='bbox 860 2785 1009 2869; x_wconf 85' lang='lat' dir='ltr'><strong>Virgine,</strong></span> <span class='ocrx_word' id='word_1_390' title='bbox 1044 2796 1081 2850; x_wconf 89' lang='lat' dir='ltr'><strong>ut</strong></span> <span class='ocrx_word' id='word_1_391' title='bbox 1110 2794 1159 2851; x_wconf 92' lang='lat' dir='ltr'><strong>est</strong></span> <span class='ocrx_word' id='word_1_392' title='bbox 1181 2789 1240 2853; x_wconf 91' lang='lat' dir='ltr'><strong>sub</strong></span> <span class='ocrx_word' id='word_1_393' title='bbox 1271 2789 1343 2856; x_wconf 77' lang='lat' dir='ltr'><strong>aliis</strong></span> <span class='ocrx_word' id='word_1_394' title='bbox 1395 2784 1565 2850; x_wconf 92' lang='lat' dir='ltr'><strong>attendere</strong></span> <span class='ocrx_word' id='word_1_395' title='bbox 1587 2785 1628 2849; x_wconf 92' lang='lat' dir='ltr'><strong>ad</strong></span> <span class='ocrx_word' id='word_1_396' title='bbox 1650 2786 1747 2868; x_wconf 90' lang='lat' dir='ltr'><strong>signa</strong></span> <span class='ocrx_word' id='word_1_397' title='bbox 1774 2788 1947 2866; x_wconf 82' lang='lat' dir='ltr'><strong>coelorum,</strong></span> <span class='ocrx_word' id='word_1_398' title='bbox 1980 2797 2017 2852; x_wconf 91' lang='lat' dir='ltr'><strong>ut</strong></span> <span class='ocrx_word' id='word_1_399' title='bbox 2045 2787 2172 2852; x_wconf 92' lang='lat' dir='ltr'><strong>abillis</strong></span> <span class='ocrx_word' id='word_1_400' title='bbox 2205 2793 2363 2852; x_wconf 89' lang='lat' dir='ltr'><strong>metuant.</strong></span> 
     </span>
     <span class='ocr_line' id='line_1_29' title="bbox 377 2869 2366 2961; baseline -0.004 -18"><span class='ocrx_word' id='word_1_401' title='bbox 377 2878 489 2961; x_wconf 88' lang='lat' dir='ltr'><strong>signis.</strong></span> <span class='ocrx_word' id='word_1_402' title='bbox 535 2871 683 2956; x_wconf 90' lang='lat' dir='ltr'><strong>Denique</strong></span> <span class='ocrx_word' id='word_1_403' title='bbox 713 2871 816 2954; x_wconf 92' lang='lat' dir='ltr'><strong>quoad</strong></span> <span class='ocrx_word' id='word_1_404' title='bbox 838 2871 985 2938; x_wconf 89' lang='lat' dir='ltr'><strong>ordinem</strong></span> <span class='ocrx_word' id='word_1_405' title='bbox 1010 2881 1145 2936; x_wconf 87' lang='lat' dir='ltr'><strong>naturae</strong></span> <span class='ocrx_word' id='word_1_406' title='bbox 1167 2883 1254 2939; x_wconf 90' lang='lat' dir='ltr'><strong>estre</strong></span> <span class='ocrx_word' id='word_1_407' title='bbox 1277 2887 1342 2940; x_wconf 89' lang='lat' dir='ltr'><strong>tam</strong></span> <span class='ocrx_word' id='word_1_408' title='bbox 1396 2869 1462 2936; x_wconf 84' lang='lat' dir='ltr'><strong>Sed</strong></span> <span class='ocrx_word' id='word_1_409' title='bbox 1485 2870 1583 2935; x_wconf 90' lang='lat' dir='ltr'><strong>simul</strong></span> <span class='ocrx_word' id='word_1_410' title='bbox 1612 2869 1812 2936; x_wconf 87' lang='lat' dir='ltr'><strong>observande</strong></span> <span class='ocrx_word' id='word_1_411' title='bbox 1841 2883 1891 2938; x_wconf 89' lang='lat' dir='ltr'><strong>est</strong></span> <span class='ocrx_word' id='word_1_412' title='bbox 1913 2874 1995 2939; x_wconf 90' lang='lat' dir='ltr'><strong>ratio</strong></span> <span class='ocrx_word' id='word_1_413' title='bbox 2017 2893 2076 2939; x_wconf 90' lang='lat' dir='ltr'><strong>eur</strong></span> <span class='ocrx_word' id='word_1_414' title='bbox 2105 2874 2265 2955; x_wconf 89' lang='lat' dir='ltr'><strong>propheta</strong></span> <span class='ocrx_word' id='word_1_415' title='bbox 2298 2883 2366 2936; x_wconf 87' lang='lat' dir='ltr'><strong>tam</strong></span> 
     </span>
     <span class='ocr_line' id='line_1_30' title="bbox 378 2955 2365 3048; baseline -0.003 -21"><span class='ocrx_word' id='word_1_416' title='bbox 378 2963 528 3048; x_wconf 87' lang='lat' dir='ltr'><strong>planetae</strong></span> <span class='ocrx_word' id='word_1_417' title='bbox 551 2980 647 3042; x_wconf 89' lang='lat' dir='ltr'><strong>quam</strong></span> <span class='ocrx_word' id='word_1_418' title='bbox 670 2959 783 3024; x_wconf 88' lang='lat' dir='ltr'><strong>stellae</strong></span> <span class='ocrx_word' id='word_1_419' title='bbox 805 2959 890 3023; x_wconf 88' lang='lat' dir='ltr'><strong>fixae</strong></span> <span class='ocrx_word' id='word_1_420' title='bbox 913 2958 1006 3023; x_wconf 90' lang='lat' dir='ltr'><strong>nobis</strong></span> <span class='ocrx_word' id='word_1_421' title='bbox 1028 2966 1105 3022; x_wconf 89' lang='lat' dir='ltr'><strong>sunt</strong></span> <span class='ocrx_word' id='word_1_422' title='bbox 1128 2959 1162 3022; x_wconf 93' lang='lat' dir='ltr'><strong>in</strong></span> <span class='ocrx_word' id='word_1_423' title='bbox 1181 2961 1285 3043; x_wconf 90' lang='lat' dir='ltr'><strong>signe,</strong></span> <span class='ocrx_word' id='word_1_424' title='bbox 1308 2970 1344 3025; x_wconf 92' lang='lat' dir='ltr'><strong>ut</strong></span> <span class='ocrx_word' id='word_1_425' title='bbox 1395 2957 1542 3041; x_wconf 85' lang='lat' dir='ltr'><strong>graviter</strong></span> <span class='ocrx_word' id='word_1_426' title='bbox 1562 2955 1757 3022; x_wconf 86' lang='lat' dir='ltr'><strong>eundemnet</strong></span> <span class='ocrx_word' id='word_1_427' title='bbox 1778 2958 1927 3023; x_wconf 92' lang='lat' dir='ltr'><strong>timorem</strong></span> <span class='ocrx_word' id='word_1_428' title='bbox 1949 2958 2052 3035; x_wconf 87' lang='lat' dir='ltr'><strong>illum,</strong></span> <span class='ocrx_word' id='word_1_429' title='bbox 2074 2960 2131 3042; x_wconf 89' lang='lat' dir='ltr'><strong>qui</strong></span> <span class='ocrx_word' id='word_1_430' title='bbox 2152 2958 2311 3042; x_wconf 86' lang='lat' dir='ltr'><strong>regnabat</strong></span> <span class='ocrx_word' id='word_1_431' title='bbox 2330 2961 2365 3022; x_wconf 93' lang='lat' dir='ltr'><strong>in</strong></span> 
     </span>
     <span class='ocr_line' id='line_1_31' title="bbox 379 3043 2365 3126; baseline -0.004 -12"><span class='ocrx_word' id='word_1_432' title='bbox 379 3049 500 3114; x_wconf 88' lang='lat' dir='ltr'><strong>soilieet</strong></span> <span class='ocrx_word' id='word_1_433' title='bbox 522 3065 622 3109; x_wconf 90' lang='lat' dir='ltr'><strong>annos</strong></span> <span class='ocrx_word' id='word_1_434' title='bbox 645 3063 852 3107; x_wconf 88' lang='lat' dir='ltr'><strong>numeremus</strong></span> <span class='ocrx_word' id='word_1_435' title='bbox 875 3065 894 3108; x_wconf 90' lang='lat' dir='ltr'><strong>a</strong></span> <span class='ocrx_word' id='word_1_436' title='bbox 915 3063 1014 3108; x_wconf 89' lang='lat' dir='ltr'><strong>eursu</strong></span> <span class='ocrx_word' id='word_1_437' title='bbox 1037 3044 1144 3121; x_wconf 90' lang='lat' dir='ltr'><strong>solari,</strong></span> <span class='ocrx_word' id='word_1_438' title='bbox 1173 3065 1343 3112; x_wconf 89' lang='lat' dir='ltr'><strong>mensesa</strong></span> <span class='ocrx_word' id='word_1_439' title='bbox 1395 3043 1559 3126; x_wconf 89' lang='lat' dir='ltr'><strong>gentibus,</strong></span> <span class='ocrx_word' id='word_1_440' title='bbox 1590 3063 1706 3124; x_wconf 90' lang='lat' dir='ltr'><strong>nempe</strong></span> <span class='ocrx_word' id='word_1_441' title='bbox 1728 3043 1880 3125; x_wconf 87' lang='lat' dir='ltr'><strong>quoniam</strong></span> <span class='ocrx_word' id='word_1_442' title='bbox 1904 3043 1958 3122; x_wconf 87' lang='lat' dir='ltr'><strong>ubi</strong></span> <span class='ocrx_word' id='word_1_443' title='bbox 1981 3044 2063 3110; x_wconf 89' lang='lat' dir='ltr'><strong>haee</strong></span> <span class='ocrx_word' id='word_1_444' title='bbox 2083 3045 2192 3125; x_wconf 90' lang='lat' dir='ltr'><strong>opinio</strong></span> <span class='ocrx_word' id='word_1_445' title='bbox 2214 3044 2365 3120; x_wconf 86' lang='lat' dir='ltr'><strong>invaluit,</strong></span> 
     </span>
     <span class='ocr_line' id='line_1_32' title="bbox 379 3127 2366 3210; baseline -0.003 -12"><span class='ocrx_word' id='word_1_446' title='bbox 379 3153 476 3198; x_wconf 87' lang='lat' dir='ltr'><strong>eursu</strong></span> <span class='ocrx_word' id='word_1_447' title='bbox 498 3130 621 3194; x_wconf 89' lang='lat' dir='ltr'><strong>lunari:</strong></span> <span class='ocrx_word' id='word_1_448' title='bbox 655 3127 771 3192; x_wconf 92' lang='lat' dir='ltr'><strong>deinde</strong></span> <span class='ocrx_word' id='word_1_449' title='bbox 793 3129 857 3206; x_wconf 89' lang='lat' dir='ltr'><strong>sol,</strong></span> <span class='ocrx_word' id='word_1_450' title='bbox 889 3140 987 3209; x_wconf 91' lang='lat' dir='ltr'><strong>prout</strong></span> <span class='ocrx_word' id='word_1_451' title='bbox 1015 3129 1148 3209; x_wconf 78' lang='lat' dir='ltr'><strong>respicit</strong></span> <span class='ocrx_word' id='word_1_452' title='bbox 1175 3130 1343 3196; x_wconf 90' lang='lat' dir='ltr'><strong>duodeeim</strong></span> <span class='ocrx_word' id='word_1_453' title='bbox 1395 3128 1536 3210; x_wconf 88' lang='lat' dir='ltr'><strong>pendere</strong></span> <span class='ocrx_word' id='word_1_454' title='bbox 1570 3149 1683 3193; x_wconf 90' lang='lat' dir='ltr'><strong>omnes</strong></span> <span class='ocrx_word' id='word_1_455' title='bbox 1716 3147 1824 3193; x_wconf 88' lang='lat' dir='ltr'><strong>rerum</strong></span> <span class='ocrx_word' id='word_1_456' title='bbox 1860 3145 1997 3195; x_wconf 84' lang='lat' dir='ltr'><strong>eventus</strong></span> <span class='ocrx_word' id='word_1_457' title='bbox 2026 3151 2067 3194; x_wconf 87' lang='lat' dir='ltr'><strong>ex</strong></span> <span class='ocrx_word' id='word_1_458' title='bbox 2095 3130 2202 3206; x_wconf 88' lang='lat' dir='ltr'><strong>astris,</strong></span> <span class='ocrx_word' id='word_1_459' title='bbox 2237 3129 2366 3194; x_wconf 90' lang='lat' dir='ltr'><strong>tollitur</strong></span> 
     </span>
     <span class='ocr_line' id='line_1_33' title="bbox 381 3213 2367 3302; baseline -0.003 -19"><span class='ocrx_word' id='word_1_460' title='bbox 381 3219 484 3302; x_wconf 89' lang='lat' dir='ltr'><strong>signa,</strong></span> <span class='ocrx_word' id='word_1_461' title='bbox 510 3233 596 3278; x_wconf 90' lang='lat' dir='ltr'><strong>nuno</strong></span> <span class='ocrx_word' id='word_1_462' title='bbox 618 3213 766 3278; x_wconf 88' lang='lat' dir='ltr'><strong>eonfieiat</strong></span> <span class='ocrx_word' id='word_1_463' title='bbox 789 3232 853 3290; x_wconf 84' lang='lat' dir='ltr'><strong>ver,</strong></span> <span class='ocrx_word' id='word_1_464' title='bbox 876 3232 964 3277; x_wconf 92' lang='lat' dir='ltr'><strong>nune</strong></span> <span class='ocrx_word' id='word_1_465' title='bbox 986 3222 1152 3290; x_wconf 88' lang='lat' dir='ltr'><strong>aestatem,</strong></span> <span class='ocrx_word' id='word_1_466' title='bbox 1177 3235 1263 3280; x_wconf 90' lang='lat' dir='ltr'><strong>nune</strong></span> <span class='ocrx_word' id='word_1_467' title='bbox 1286 3239 1343 3281; x_wconf 90' lang='lat' dir='ltr'><strong>au·</strong></span> <span class='ocrx_word' id='word_1_468' title='bbox 1397 3213 1493 3277; x_wconf 92' lang='lat' dir='ltr'><strong>timor</strong></span> <span class='ocrx_word' id='word_1_469' title='bbox 1510 3213 1581 3291; x_wconf 90' lang='lat' dir='ltr'><strong>Dei,</strong></span> <span class='ocrx_word' id='word_1_470' title='bbox 1603 3224 1636 3278; x_wconf 91' lang='lat' dir='ltr'><strong>et</strong></span> <span class='ocrx_word' id='word_1_471' title='bbox 1654 3213 1737 3278; x_wconf 91' lang='lat' dir='ltr'><strong>nihil</strong></span> <span class='ocrx_word' id='word_1_472' title='bbox 1762 3213 1916 3280; x_wconf 89' lang='lat' dir='ltr'><strong>tribuitur</strong></span> <span class='ocrx_word' id='word_1_473' title='bbox 1937 3215 2063 3280; x_wconf 88' lang='lat' dir='ltr'><strong>indieiis</strong></span> <span class='ocrx_word' id='word_1_474' title='bbox 2086 3215 2164 3291; x_wconf 88' lang='lat' dir='ltr'><strong>eius,</strong></span> <span class='ocrx_word' id='word_1_475' title='bbox 2188 3215 2367 3298; x_wconf 86' lang='lat' dir='ltr'><strong>exstingui·</strong></span> 
     </span>
     <span class='ocr_line' id='line_1_34' title="bbox 381 3295 2367 3383; baseline -0.002 -17"><span class='ocrx_word' id='word_1_476' title='bbox 381 3314 547 3379; x_wconf 86' lang='lat' dir='ltr'><strong>tumnum,</strong></span> <span class='ocrx_word' id='word_1_477' title='bbox 581 3319 666 3362; x_wconf 89' lang='lat' dir='ltr'><strong>nune</strong></span> <span class='ocrx_word' id='word_1_478' title='bbox 699 3296 860 3382; x_wconf 89' lang='lat' dir='ltr'><strong>hyemem.</strong></span> <span class='ocrx_word' id='word_1_479' title='bbox 911 3295 1000 3361; x_wconf 83' lang='lat' dir='ltr'><strong>Sunt</strong></span> <span class='ocrx_word' id='word_1_480' title='bbox 1033 3299 1130 3362; x_wconf 90' lang='lat' dir='ltr'><strong>etiam</strong></span> <span class='ocrx_word' id='word_1_481' title='bbox 1164 3299 1218 3362; x_wconf 91' lang='lat' dir='ltr'><strong>alii</strong></span> <span class='ocrx_word' id='word_1_482' title='bbox 1251 3301 1343 3365; x_wconf 90' lang='lat' dir='ltr'><strong>fines.</strong></span> <span class='ocrx_word' id='word_1_483' title='bbox 1396 3307 1451 3361; x_wconf 91' lang='lat' dir='ltr'><strong>tur</strong></span> <span class='ocrx_word' id='word_1_484' title='bbox 1472 3300 1563 3378; x_wconf 88' lang='lat' dir='ltr'><strong>fides,</strong></span> <span class='ocrx_word' id='word_1_485' title='bbox 1586 3307 1619 3364; x_wconf 91' lang='lat' dir='ltr'><strong>et</strong></span> <span class='ocrx_word' id='word_1_486' title='bbox 1640 3300 1675 3364; x_wconf 91' lang='lat' dir='ltr'><strong>in</strong></span> <span class='ocrx_word' id='word_1_487' title='bbox 1698 3299 1838 3364; x_wconf 90' lang='lat' dir='ltr'><strong>nihilum</strong></span> <span class='ocrx_word' id='word_1_488' title='bbox 1862 3299 2021 3383; x_wconf 84' lang='lat' dir='ltr'><strong>redigitur</strong></span> <span class='ocrx_word' id='word_1_489' title='bbox 2043 3301 2107 3365; x_wconf 89' lang='lat' dir='ltr'><strong>Dei</strong></span> <span class='ocrx_word' id='word_1_490' title='bbox 2129 3301 2305 3380; x_wconf 85' lang='lat' dir='ltr'><strong>invooatio,</strong></span> <span class='ocrx_word' id='word_1_491' title='bbox 2336 3315 2367 3363; x_wconf 87' lang='lat' dir='ltr'><strong>et</strong></span> 
     </span>
     <span class='ocr_line' id='line_1_35' title="bbox 380 3380 2366 3469; baseline -0.002 -16"><span class='ocrx_word' id='word_1_492' title='bbox 380 3386 448 3454; x_wconf 83' lang='lat' dir='ltr'><strong>Sed</strong></span> <span class='ocrx_word' id='word_1_493' title='bbox 470 3405 535 3449; x_wconf 91' lang='lat' dir='ltr'><strong>uno</strong></span> <span class='ocrx_word' id='word_1_494' title='bbox 553 3383 651 3448; x_wconf 86' lang='lat' dir='ltr'><strong>verbo</strong></span> <span class='ocrx_word' id='word_1_495' title='bbox 673 3380 861 3464; x_wconf 87' lang='lat' dir='ltr'><strong>eomplexus</strong></span> <span class='ocrx_word' id='word_1_496' title='bbox 880 3402 952 3446; x_wconf 89' lang='lat' dir='ltr'><strong>sum</strong></span> <span class='ocrx_word' id='word_1_497' title='bbox 975 3381 1129 3464; x_wconf 86' lang='lat' dir='ltr'><strong>quidquid</strong></span> <span class='ocrx_word' id='word_1_498' title='bbox 1154 3393 1259 3465; x_wconf 89' lang='lat' dir='ltr'><strong>potest</strong></span> <span class='ocrx_word' id='word_1_499' title='bbox 1283 3384 1345 3451; x_wconf 89' lang='lat' dir='ltr'><strong>diei</strong></span> <span class='ocrx_word' id='word_1_500' title='bbox 1398 3383 1508 3446; x_wconf 91' lang='lat' dir='ltr'><strong>omnia</strong></span> <span class='ocrx_word' id='word_1_501' title='bbox 1530 3384 1659 3466; x_wconf 87' lang='lat' dir='ltr'><strong>pietatis</strong></span> <span class='ocrx_word' id='word_1_502' title='bbox 1681 3386 1845 3450; x_wconf 78' lang='lat' dir='ltr'><strong>exercitia.</strong></span> <span class='ocrx_word' id='word_1_503' title='bbox 1883 3387 1966 3449; x_wconf 91' lang='lat' dir='ltr'><strong>Nam</strong></span> <span class='ocrx_word' id='word_1_504' title='bbox 1988 3407 2101 3451; x_wconf 89' lang='lat' dir='ltr'><strong>omnes</strong></span> <span class='ocrx_word' id='word_1_505' title='bbox 2123 3385 2287 3468; x_wconf 88' lang='lat' dir='ltr'><strong>astrologi,</strong></span> <span class='ocrx_word' id='word_1_506' title='bbox 2311 3385 2366 3469; x_wconf 91' lang='lat' dir='ltr'><strong>qui</strong></span> 
     </span>
     <span class='ocr_line' id='line_1_36' title="bbox 381 3467 2366 3556; baseline -0.002 -18"><span class='ocrx_word' id='word_1_507' title='bbox 381 3473 421 3538; x_wconf 90' lang='lat' dir='ltr'><strong>de</strong></span> <span class='ocrx_word' id='word_1_508' title='bbox 441 3470 544 3554; x_wconf 89' lang='lat' dir='ltr'><strong>signis</strong></span> <span class='ocrx_word' id='word_1_509' title='bbox 572 3467 771 3545; x_wconf 77' lang='lat' dir='ltr'><strong>coelestibus,</strong></span> <span class='ocrx_word' id='word_1_510' title='bbox 805 3486 921 3548; x_wconf 89' lang='lat' dir='ltr'><strong>nempe</strong></span> <span class='ocrx_word' id='word_1_511' title='bbox 953 3478 1099 3549; x_wconf 87' lang='lat' dir='ltr'><strong>speutare</strong></span> <span class='ocrx_word' id='word_1_512' title='bbox 1128 3469 1169 3532; x_wconf 92' lang='lat' dir='ltr'><strong>ad</strong></span> <span class='ocrx_word' id='word_1_513' title='bbox 1199 3469 1346 3535; x_wconf 86' lang='lat' dir='ltr'><strong>ordinem</strong></span> <span class='ocrx_word' id='word_1_514' title='bbox 1399 3467 1458 3531; x_wconf 90' lang='lat' dir='ltr'><strong>hoe</strong></span> <span class='ocrx_word' id='word_1_515' title='bbox 1487 3489 1605 3532; x_wconf 91' lang='lat' dir='ltr'><strong>nomen</strong></span> <span class='ocrx_word' id='word_1_516' title='bbox 1639 3483 1706 3533; x_wconf 92' lang='lat' dir='ltr'><strong>tam</strong></span> <span class='ocrx_word' id='word_1_517' title='bbox 1741 3469 1955 3536; x_wconf 86' lang='lat' dir='ltr'><strong>honorifioum</strong></span> <span class='ocrx_word' id='word_1_518' title='bbox 1989 3471 2070 3536; x_wconf 87' lang='lat' dir='ltr'><strong>falso</strong></span> <span class='ocrx_word' id='word_1_519' title='bbox 2103 3471 2164 3536; x_wconf 91' lang='lat' dir='ltr'><strong>sibi</strong></span> <span class='ocrx_word' id='word_1_520' title='bbox 2197 3483 2366 3556; x_wconf 87' lang='lat' dir='ltr'><strong>usurpant,</strong></span> 
     </span>
     <span class='ocr_line' id='line_1_37' title="bbox 381 3551 2367 3639; baseline -0.002 -15"><span class='ocrx_word' id='word_1_521' title='bbox 381 3567 527 3624; x_wconf 90' lang='lat' dir='ltr'><strong>naturae.</strong></span> <span class='ocrx_word' id='word_1_522' title='bbox 561 3553 718 3635; x_wconf 79' lang='lat' dir='ltr'><strong>Quisquis</strong></span> <span class='ocrx_word' id='word_1_523' title='bbox 740 3561 847 3616; x_wconf 91' lang='lat' dir='ltr'><strong>autem</strong></span> <span class='ocrx_word' id='word_1_524' title='bbox 870 3551 941 3616; x_wconf 86' lang='lat' dir='ltr'><strong>vult</strong></span> <span class='ocrx_word' id='word_1_525' title='bbox 962 3552 1092 3636; x_wconf 91' lang='lat' dir='ltr'><strong>longius</strong></span> <span class='ocrx_word' id='word_1_526' title='bbox 1115 3553 1245 3618; x_wconf 89' lang='lat' dir='ltr'><strong>trahere</strong></span> <span class='ocrx_word' id='word_1_527' title='bbox 1268 3555 1347 3622; x_wconf 89' lang='lat' dir='ltr'><strong>haee</strong></span> <span class='ocrx_word' id='word_1_528' title='bbox 1399 3552 1574 3618; x_wconf 91' lang='lat' dir='ltr'><strong>nebulones</strong></span> <span class='ocrx_word' id='word_1_529' title='bbox 1597 3554 1675 3619; x_wconf 91' lang='lat' dir='ltr'><strong>istos</strong></span> <span class='ocrx_word' id='word_1_530' title='bbox 1696 3555 1776 3632; x_wconf 89' lang='lat' dir='ltr'><strong>dieo,</strong></span> <span class='ocrx_word' id='word_1_531' title='bbox 1800 3557 1855 3637; x_wconf 92' lang='lat' dir='ltr'><strong>qui</strong></span> <span class='ocrx_word' id='word_1_532' title='bbox 1879 3566 2074 3638; x_wconf 87' lang='lat' dir='ltr'><strong>praetexunt</strong></span> <span class='ocrx_word' id='word_1_533' title='bbox 2095 3555 2164 3621; x_wconf 87' lang='lat' dir='ltr'><strong>suis</strong></span> <span class='ocrx_word' id='word_1_534' title='bbox 2181 3557 2367 3639; x_wconf 88' lang='lat' dir='ltr'><strong>imposturis</strong></span> 
     </span>
     <span class='ocr_line' id='line_1_38' title="bbox 382 3635 2367 3727; baseline -0.002 -19"><span class='ocrx_word' id='word_1_535' title='bbox 382 3645 486 3727; x_wconf 89' lang='lat' dir='ltr'><strong>signa,</strong></span> <span class='ocrx_word' id='word_1_536' title='bbox 519 3660 651 3724; x_wconf 89' lang='lat' dir='ltr'><strong>prorsus</strong></span> <span class='ocrx_word' id='word_1_537' title='bbox 681 3635 849 3702; x_wconf 84' lang='lat' dir='ltr'><strong>eonlundit</strong></span> <span class='ocrx_word' id='word_1_538' title='bbox 876 3635 1024 3701; x_wconf 86' lang='lat' dir='ltr'><strong>ordinem</strong></span> <span class='ocrx_word' id='word_1_539' title='bbox 1054 3639 1166 3703; x_wconf 89' lang='lat' dir='ltr'><strong>aDeo</strong></span> <span class='ocrx_word' id='word_1_540' title='bbox 1194 3640 1346 3722; x_wconf 90' lang='lat' dir='ltr'><strong>positum,</strong></span> <span class='ocrx_word' id='word_1_541' title='bbox 1398 3658 1518 3702; x_wconf 89' lang='lat' dir='ltr'><strong>nomen</strong></span> <span class='ocrx_word' id='word_1_542' title='bbox 1547 3639 1740 3722; x_wconf 89' lang='lat' dir='ltr'><strong>astrologiae</strong></span> <span class='ocrx_word' id='word_1_543' title='bbox 1766 3639 1961 3720; x_wconf 79' lang='lat' dir='ltr'><strong>iudiciariae,</strong></span> <span class='ocrx_word' id='word_1_544' title='bbox 1991 3643 2037 3706; x_wconf 88' lang='lat' dir='ltr'><strong>ita</strong></span> <span class='ocrx_word' id='word_1_545' title='bbox 2059 3649 2219 3720; x_wconf 89' lang='lat' dir='ltr'><strong>statuunt,</strong></span> <span class='ocrx_word' id='word_1_546' title='bbox 2250 3643 2367 3709; x_wconf 92' lang='lat' dir='ltr'><strong>debere</strong></span> 
     </span>
     <span class='ocr_line' id='line_1_39' title="bbox 382 3721 2367 3811; baseline -0.001 -19"><span class='ocrx_word' id='word_1_547' title='bbox 382 3725 652 3811; x_wconf 90' lang='lat' dir='ltr'><strong>quemadmodum</strong></span> <span class='ocrx_word' id='word_1_548' title='bbox 675 3721 833 3789; x_wconf 88' lang='lat' dir='ltr'><strong>Chaldaei</strong></span> <span class='ocrx_word' id='word_1_549' title='bbox 863 3721 955 3801; x_wconf 91' lang='lat' dir='ltr'><strong>olim,</strong></span> <span class='ocrx_word' id='word_1_550' title='bbox 989 3732 1021 3788; x_wconf 93' lang='lat' dir='ltr'><strong>et</strong></span> <span class='ocrx_word' id='word_1_551' title='bbox 1042 3722 1212 3808; x_wconf 85' lang='lat' dir='ltr'><strong>Aegyptii,</strong></span> <span class='ocrx_word' id='word_1_552' title='bbox 1247 3746 1346 3807; x_wconf 89' lang='lat' dir='ltr'><strong>quum</strong></span> <span class='ocrx_word' id='word_1_553' title='bbox 1399 3723 1468 3788; x_wconf 89' lang='lat' dir='ltr'><strong>fieri</strong></span> <span class='ocrx_word' id='word_1_554' title='bbox 1497 3723 1650 3792; x_wconf 81' lang='lat' dir='ltr'><strong>iuditium</strong></span> <span class='ocrx_word' id='word_1_555' title='bbox 1674 3724 1713 3788; x_wconf 91' lang='lat' dir='ltr'><strong>de</strong></span> <span class='ocrx_word' id='word_1_556' title='bbox 1737 3726 1806 3790; x_wconf 85' lang='lat' dir='ltr'><strong>vita</strong></span> <span class='ocrx_word' id='word_1_557' title='bbox 1834 3726 1976 3791; x_wconf 90' lang='lat' dir='ltr'><strong>hominis</strong></span> <span class='ocrx_word' id='word_1_558' title='bbox 1997 3748 2039 3792; x_wconf 89' lang='lat' dir='ltr'><strong>ex</strong></span> <span class='ocrx_word' id='word_1_559' title='bbox 2061 3727 2248 3811; x_wconf 88' lang='lat' dir='ltr'><strong>horoseopu,</strong></span> <span class='ocrx_word' id='word_1_560' title='bbox 2279 3751 2318 3794; x_wconf 90' lang='lat' dir='ltr'><strong>ae</strong></span> <span class='ocrx_word' id='word_1_561' title='bbox 2340 3727 2367 3791; x_wconf 91' lang='lat' dir='ltr'><strong>si</strong></span> 
     </span>
     <span class='ocr_line' id='line_1_40' title="bbox 382 3805 2365 3896; baseline -0.001 -18"><span class='ocrx_word' id='word_1_562' title='bbox 382 3812 504 3878; x_wconf 90' lang='lat' dir='ltr'><strong>vellent</strong></span> <span class='ocrx_word' id='word_1_563' title='bbox 527 3812 623 3875; x_wconf 89' lang='lat' dir='ltr'><strong>altius</strong></span> <span class='ocrx_word' id='word_1_564' title='bbox 642 3805 857 3875; x_wconf 91' lang='lat' dir='ltr'><strong>oonsoendere</strong></span> <span class='ocrx_word' id='word_1_565' title='bbox 889 3827 984 3887; x_wconf 91' lang='lat' dir='ltr'><strong>quam</strong></span> <span class='ocrx_word' id='word_1_566' title='bbox 1014 3809 1097 3874; x_wconf 88' lang='lat' dir='ltr'><strong>ratio</strong></span> <span class='ocrx_word' id='word_1_567' title='bbox 1127 3809 1258 3885; x_wconf 84' lang='lat' dir='ltr'><strong>ferebat,</strong></span> <span class='ocrx_word' id='word_1_568' title='bbox 1289 3831 1347 3875; x_wconf 83' lang='lat' dir='ltr'><strong>vo·</strong></span> <span class='ocrx_word' id='word_1_569' title='bbox 1399 3829 1442 3871; x_wconf 93' lang='lat' dir='ltr'><strong>ex</strong></span> <span class='ocrx_word' id='word_1_570' title='bbox 1463 3809 1559 3874; x_wconf 90' lang='lat' dir='ltr'><strong>astris</strong></span> <span class='ocrx_word' id='word_1_571' title='bbox 1588 3809 1742 3890; x_wconf 91' lang='lat' dir='ltr'><strong>penderet</strong></span> <span class='ocrx_word' id='word_1_572' title='bbox 1772 3820 1909 3894; x_wconf 89' lang='lat' dir='ltr'><strong>utraque</strong></span> <span class='ocrx_word' id='word_1_573' title='bbox 1932 3813 2071 3876; x_wconf 79' lang='lat' dir='ltr'><strong>fortuna.</strong></span> <span class='ocrx_word' id='word_1_574' title='bbox 2116 3810 2152 3879; x_wconf 86' lang='lat' dir='ltr'><strong>Si</strong></span> <span class='ocrx_word' id='word_1_575' title='bbox 2175 3835 2253 3896; x_wconf 89' lang='lat' dir='ltr'><strong>ergo</strong></span> <span class='ocrx_word' id='word_1_576' title='bbox 2277 3813 2365 3896; x_wconf 88' lang='lat' dir='ltr'><strong>quis·</strong></span> 
     </span>
     <span class='ocr_line' id='line_1_41' title="bbox 383 3891 2368 3980; baseline -0.001 -17"><span class='ocrx_word' id='word_1_577' title='bbox 383 3900 516 3964; x_wconf 92' lang='lat' dir='ltr'><strong>luerunt</strong></span> <span class='ocrx_word' id='word_1_578' title='bbox 548 3897 706 3960; x_wconf 87' lang='lat' dir='ltr'><strong>eoniieere</strong></span> <span class='ocrx_word' id='word_1_579' title='bbox 739 3891 851 3975; x_wconf 88' lang='lat' dir='ltr'><strong>qualus</strong></span> <span class='ocrx_word' id='word_1_580' title='bbox 884 3901 993 3956; x_wconf 89' lang='lat' dir='ltr'><strong>essent</strong></span> <span class='ocrx_word' id='word_1_581' title='bbox 1029 3902 1164 3958; x_wconf 85' lang='lat' dir='ltr'><strong>eventus</strong></span> <span class='ocrx_word' id='word_1_582' title='bbox 1201 3895 1347 3959; x_wconf 91' lang='lat' dir='ltr'><strong>omnium</strong></span> <span class='ocrx_word' id='word_1_583' title='bbox 1400 3893 1486 3976; x_wconf 90' lang='lat' dir='ltr'><strong>piam</strong></span> <span class='ocrx_word' id='word_1_584' title='bbox 1509 3893 1570 3959; x_wconf 91' lang='lat' dir='ltr'><strong>bae</strong></span> <span class='ocrx_word' id='word_1_585' title='bbox 1593 3895 1672 3959; x_wconf 90' lang='lat' dir='ltr'><strong>bora</strong></span> <span class='ocrx_word' id='word_1_586' title='bbox 1701 3905 1795 3960; x_wconf 91' lang='lat' dir='ltr'><strong>natus</strong></span> <span class='ocrx_word' id='word_1_587' title='bbox 1824 3897 1883 3979; x_wconf 90' lang='lat' dir='ltr'><strong>sit,</strong></span> <span class='ocrx_word' id='word_1_588' title='bbox 1916 3897 2093 3963; x_wconf 86' lang='lat' dir='ltr'><strong>seeundum</strong></span> <span class='ocrx_word' id='word_1_589' title='bbox 2117 3919 2186 3980; x_wconf 91' lang='lat' dir='ltr'><strong>eos,</strong></span> <span class='ocrx_word' id='word_1_590' title='bbox 2222 3899 2368 3965; x_wconf 87' lang='lat' dir='ltr'><strong>manebit</strong></span> 
     </span>
     <span class='ocr_line' id='line_1_42' title="bbox 404 3976 2368 4062; baseline -0.001 -15"><span class='ocrx_word' id='word_1_591' title='bbox 404 3982 528 4048; x_wconf 89' lang='lat' dir='ltr'><strong>entium</strong></span> <span class='ocrx_word' id='word_1_592' title='bbox 552 4002 592 4046; x_wconf 87' lang='lat' dir='ltr'><strong>ex</strong></span> <span class='ocrx_word' id='word_1_593' title='bbox 615 3989 778 4045; x_wconf 90' lang='lat' dir='ltr'><strong>astrorum</strong></span> <span class='ocrx_word' id='word_1_594' title='bbox 801 3976 925 4062; x_wconf 91' lang='lat' dir='ltr'><strong>positu:</strong></span> <span class='ocrx_word' id='word_1_595' title='bbox 956 3977 1072 4041; x_wconf 92' lang='lat' dir='ltr'><strong>deinde</strong></span> <span class='ocrx_word' id='word_1_596' title='bbox 1095 3981 1192 4043; x_wconf 89' lang='lat' dir='ltr'><strong>etiam</strong></span> <span class='ocrx_word' id='word_1_597' title='bbox 1217 3978 1347 4044; x_wconf 90' lang='lat' dir='ltr'><strong>desesn·</strong></span> <span class='ocrx_word' id='word_1_598' title='bbox 1399 3980 1506 4060; x_wconf 92' lang='lat' dir='ltr'><strong>ipsum</strong></span> <span class='ocrx_word' id='word_1_599' title='bbox 1529 3979 1609 4045; x_wconf 88' lang='lat' dir='ltr'><strong>haee</strong></span> <span class='ocrx_word' id='word_1_600' title='bbox 1631 3979 1683 4044; x_wconf 87' lang='lat' dir='ltr'><strong>vel</strong></span> <span class='ocrx_word' id='word_1_601' title='bbox 1706 3979 1763 4045; x_wconf 92' lang='lat' dir='ltr'><strong>illa</strong></span> <span class='ocrx_word' id='word_1_602' title='bbox 1784 3980 1939 4046; x_wconf 78' lang='lat' dir='ltr'><strong>conditio:</strong></span> <span class='ocrx_word' id='word_1_603' title='bbox 1973 3983 2021 4045; x_wconf 90' lang='lat' dir='ltr'><strong>ita</strong></span> <span class='ocrx_word' id='word_1_604' title='bbox 2046 3984 2149 4047; x_wconf 85' lang='lat' dir='ltr'><strong>iatum</strong></span> <span class='ocrx_word' id='word_1_605' title='bbox 2177 3985 2276 4049; x_wconf 89' lang='lat' dir='ltr'><strong>simul</strong></span> <span class='ocrx_word' id='word_1_606' title='bbox 2305 3987 2368 4048; x_wconf 89' lang='lat' dir='ltr'><strong>fin·</strong></span> 
     </span>
     <span class='ocr_line' id='line_1_43' title="bbox 381 4007 2368 4151; baseline -0.001 -17"><span class='ocrx_word' id='word_1_607' title='bbox 381 4007 458 4134; x_wconf 60' lang='lat' dir='ltr'><strong>ders</strong></span> <span class='ocrx_word' id='word_1_608' title='bbox 481 4067 551 4133; x_wconf 90' lang='lat' dir='ltr'><strong>ausi</strong></span> <span class='ocrx_word' id='word_1_609' title='bbox 574 4076 649 4130; x_wconf 92' lang='lat' dir='ltr'><strong>sunt</strong></span> <span class='ocrx_word' id='word_1_610' title='bbox 672 4063 712 4128; x_wconf 92' lang='lat' dir='ltr'><strong>ad</strong></span> <span class='ocrx_word' id='word_1_611' title='bbox 735 4061 881 4146; x_wconf 88' lang='lat' dir='ltr'><strong>singulos</strong></span> <span class='ocrx_word' id='word_1_612' title='bbox 904 4061 1066 4126; x_wconf 91' lang='lat' dir='ltr'><strong>homines:</strong></span> <span class='ocrx_word' id='word_1_613' title='bbox 1088 4060 1165 4129; x_wconf 88' lang='lat' dir='ltr'><strong>hine</strong></span> <span class='ocrx_word' id='word_1_614' title='bbox 1187 4066 1250 4129; x_wconf 89' lang='lat' dir='ltr'><strong>orti</strong></span> <span class='ocrx_word' id='word_1_615' title='bbox 1273 4079 1349 4129; x_wconf 87' lang='lat' dir='ltr'><strong>sunt</strong></span> <span class='ocrx_word' id='word_1_616' title='bbox 1400 4075 1492 4147; x_wconf 89' lang='lat' dir='ltr'><strong>gunt,</strong></span> <span class='ocrx_word' id='word_1_617' title='bbox 1515 4085 1629 4149; x_wconf 91' lang='lat' dir='ltr'><strong>nempe</strong></span> <span class='ocrx_word' id='word_1_618' title='bbox 1652 4065 1791 4148; x_wconf 89' lang='lat' dir='ltr'><strong>aliquam</strong></span> <span class='ocrx_word' id='word_1_619' title='bbox 1817 4066 2051 4144; x_wconf 88' lang='lat' dir='ltr'><strong>neeessitatem,</strong></span> <span class='ocrx_word' id='word_1_620' title='bbox 2074 4090 2157 4151; x_wconf 88' lang='lat' dir='ltr'><strong>quae</strong></span> <span class='ocrx_word' id='word_1_621' title='bbox 2180 4079 2291 4135; x_wconf 90' lang='lat' dir='ltr'><strong>teneat</strong></span> <span class='ocrx_word' id='word_1_622' title='bbox 2313 4069 2368 4133; x_wconf 79' lang='lat' dir='ltr'><strong>ho</strong></span> 
     </span>
     <span class='ocr_line' id='line_1_44' title="bbox 382 4148 2367 4238; baseline -0.001 -19"><span class='ocrx_word' id='word_1_623' title='bbox 382 4152 585 4238; x_wconf 90' lang='lat' dir='ltr'><strong>genethliaei.</strong></span> <span class='ocrx_word' id='word_1_624' title='bbox 619 4151 707 4232; x_wconf 80' lang='lat' dir='ltr'><strong>Ergo</strong></span> <span class='ocrx_word' id='word_1_625' title='bbox 726 4149 863 4230; x_wconf 90' lang='lat' dir='ltr'><strong>primum</strong></span> <span class='ocrx_word' id='word_1_626' title='bbox 882 4155 1059 4228; x_wconf 79' lang='lat' dir='ltr'><strong>coeperunt</strong></span> <span class='ocrx_word' id='word_1_627' title='bbox 1077 4148 1226 4213; x_wconf 91' lang='lat' dir='ltr'><strong>subtilius</strong></span> <span class='ocrx_word' id='word_1_628' title='bbox 1244 4148 1348 4232; x_wconf 91' lang='lat' dir='ltr'><strong>philo·</strong></span> <span class='ocrx_word' id='word_1_629' title='bbox 1401 4149 1521 4212; x_wconf 92' lang='lat' dir='ltr'><strong>minem</strong></span> <span class='ocrx_word' id='word_1_630' title='bbox 1543 4151 1754 4214; x_wconf 90' lang='lat' dir='ltr'><strong>eonstrietum</strong></span> <span class='ocrx_word' id='word_1_631' title='bbox 1778 4150 1914 4230; x_wconf 92' lang='lat' dir='ltr'><strong>imperio</strong></span> <span class='ocrx_word' id='word_1_632' title='bbox 1937 4149 2013 4217; x_wconf 89' lang='lat' dir='ltr'><strong>solis</strong></span> <span class='ocrx_word' id='word_1_633' title='bbox 2034 4163 2068 4218; x_wconf 85' lang='lat' dir='ltr'><strong>st</strong></span> <span class='ocrx_word' id='word_1_634' title='bbox 2089 4153 2186 4219; x_wconf 90' lang='lat' dir='ltr'><strong>lunae</strong></span> <span class='ocrx_word' id='word_1_635' title='bbox 2209 4167 2242 4220; x_wconf 88' lang='lat' dir='ltr'><strong>et</strong></span> <span class='ocrx_word' id='word_1_636' title='bbox 2265 4169 2367 4219; x_wconf 87' lang='lat' dir='ltr'><strong>astro·</strong></span> 
     </span>
     <span class='ocr_line' id='line_1_45' title="bbox 381 4231 2367 4323; baseline -0.001 -17"><span class='ocrx_word' id='word_1_637' title='bbox 381 4239 523 4323; x_wconf 91' lang='lat' dir='ltr'><strong>sophari,</strong></span> <span class='ocrx_word' id='word_1_638' title='bbox 553 4236 663 4316; x_wconf 86' lang='lat' dir='ltr'><strong>solem,</strong></span> <span class='ocrx_word' id='word_1_639' title='bbox 694 4253 796 4315; x_wconf 91' lang='lat' dir='ltr'><strong>quum</strong></span> <span class='ocrx_word' id='word_1_640' title='bbox 816 4239 901 4298; x_wconf 91' lang='lat' dir='ltr'><strong>esset</strong></span> <span class='ocrx_word' id='word_1_641' title='bbox 922 4232 982 4296; x_wconf 91' lang='lat' dir='ltr'><strong>sub</strong></span> <span class='ocrx_word' id='word_1_642' title='bbox 1005 4233 1098 4316; x_wconf 90' lang='lat' dir='ltr'><strong>signu</strong></span> <span class='ocrx_word' id='word_1_643' title='bbox 1120 4231 1184 4311; x_wconf 88' lang='lat' dir='ltr'><strong>illo,</strong></span> <span class='ocrx_word' id='word_1_644' title='bbox 1218 4245 1348 4317; x_wconf 90' lang='lat' dir='ltr'><strong>porten·</strong></span> <span class='ocrx_word' id='word_1_645' title='bbox 1400 4252 1490 4297; x_wconf 90' lang='lat' dir='ltr'><strong>rum:</strong></span> <span class='ocrx_word' id='word_1_646' title='bbox 1513 4233 1618 4299; x_wconf 88' lang='lat' dir='ltr'><strong>Natos</strong></span> <span class='ocrx_word' id='word_1_647' title='bbox 1636 4245 1685 4299; x_wconf 91' lang='lat' dir='ltr'><strong>est</strong></span> <span class='ocrx_word' id='word_1_648' title='bbox 1703 4235 1789 4299; x_wconf 90' lang='lat' dir='ltr'><strong>enim</strong></span> <span class='ocrx_word' id='word_1_649' title='bbox 1812 4255 1912 4315; x_wconf 92' lang='lat' dir='ltr'><strong>quum</strong></span> <span class='ocrx_word' id='word_1_650' title='bbox 1934 4236 1981 4300; x_wconf 92' lang='lat' dir='ltr'><strong>eol</strong></span> <span class='ocrx_word' id='word_1_651' title='bbox 1999 4245 2085 4303; x_wconf 87' lang='lat' dir='ltr'><strong>esset</strong></span> <span class='ocrx_word' id='word_1_652' title='bbox 2102 4241 2136 4302; x_wconf 95' lang='lat' dir='ltr'><strong>in</strong></span> <span class='ocrx_word' id='word_1_653' title='bbox 2154 4239 2258 4306; x_wconf 90' lang='lat' dir='ltr'><strong>oeuda</strong></span> <span class='ocrx_word' id='word_1_654' title='bbox 2279 4240 2367 4305; x_wconf 93' lang='lat' dir='ltr'><strong>illius</strong></span> 
     </span>
     <span class='ocr_line' id='line_1_46' title="bbox 384 4316 2367 4428; baseline -0.001 -38"><span class='ocrx_word' id='word_1_655' title='bbox 384 4325 460 4390; x_wconf 90' lang='lat' dir='ltr'><strong>dere</strong></span> <span class='ocrx_word' id='word_1_656' title='bbox 481 4323 605 4390; x_wconf 83' lang='lat' dir='ltr'><strong>sladem</strong></span> <span class='ocrx_word' id='word_1_657' title='bbox 624 4320 680 4385; x_wconf 92' lang='lat' dir='ltr'><strong>uni</strong></span> <span class='ocrx_word' id='word_1_658' title='bbox 696 4317 817 4402; x_wconf 89' lang='lat' dir='ltr'><strong>genesi,</strong></span> <span class='ocrx_word' id='word_1_659' title='bbox 835 4316 944 4382; x_wconf 83' lang='lat' dir='ltr'><strong>ieliees</strong></span> <span class='ocrx_word' id='word_1_660' title='bbox 962 4327 1100 4382; x_wconf 85' lang='lat' dir='ltr'><strong>eventus</strong></span> <span class='ocrx_word' id='word_1_661' title='bbox 1118 4317 1223 4383; x_wconf 90' lang='lat' dir='ltr'><strong>alteri.</strong></span> <span class='ocrx_word' id='word_1_662' title='bbox 1258 4319 1349 4383; x_wconf 90' lang='lat' dir='ltr'><strong>Haeo</strong></span> <span class='ocrx_word' id='word_1_663' title='bbox 1373 4341 1376 4428; x_wconf 51' lang='lat' dir='ltr'><strong>p</strong></span> <span class='ocrx_word' id='word_1_664' title='bbox 1401 4319 1495 4401; x_wconf 89' lang='lat' dir='ltr'><strong>signi,</strong></span> <span class='ocrx_word' id='word_1_665' title='bbox 1525 4318 1579 4384; x_wconf 88' lang='lat' dir='ltr'><strong>vel</strong></span> <span class='ocrx_word' id='word_1_666' title='bbox 1601 4339 1701 4401; x_wconf 94' lang='lat' dir='ltr'><strong>quum</strong></span> <span class='ocrx_word' id='word_1_667' title='bbox 1725 4327 1811 4384; x_wconf 90' lang='lat' dir='ltr'><strong>esset</strong></span> <span class='ocrx_word' id='word_1_668' title='bbox 1831 4320 1866 4381; x_wconf 93' lang='lat' dir='ltr'><strong>in</strong></span> <span class='ocrx_word' id='word_1_669' title='bbox 1888 4321 1993 4401; x_wconf 86' lang='lat' dir='ltr'><strong>eapite</strong></span> <span class='ocrx_word' id='word_1_670' title='bbox 2021 4322 2174 4390; x_wconf 91' lang='lat' dir='ltr'><strong>alterius:</strong></span> <span class='ocrx_word' id='word_1_671' title='bbox 2208 4327 2290 4390; x_wconf 89' lang='lat' dir='ltr'><strong>haee</strong></span> <span class='ocrx_word' id='word_1_672' title='bbox 2312 4345 2367 4408; x_wconf 89' lang='lat' dir='ltr'><strong>ge-</strong></span> 
     </span>
     <span class='ocr_line' id='line_1_47' title="bbox 384 4402 2368 4485; baseline -0.002 -10"><span class='ocrx_word' id='word_1_673' title='bbox 384 4422 494 4475; x_wconf 90' lang='lat' dir='ltr'><strong>autem</strong></span> <span class='ocrx_word' id='word_1_674' title='bbox 533 4417 610 4474; x_wconf 90' lang='lat' dir='ltr'><strong>sunt</strong></span> <span class='ocrx_word' id='word_1_675' title='bbox 649 4419 743 4469; x_wconf 84' lang='lat' dir='ltr'><strong>extre</strong></span> <span class='ocrx_word' id='word_1_676' title='bbox 783 4410 972 4468; x_wconf 77' lang='lat' dir='ltr'><strong>consuetum</strong></span> <span class='ocrx_word' id='word_1_677' title='bbox 1012 4414 1149 4466; x_wconf 86' lang='lat' dir='ltr'><strong>naturae</strong></span> <span class='ocrx_word' id='word_1_678' title='bbox 1192 4402 1349 4482; x_wconf 89' lang='lat' dir='ltr'><strong>ordinem,</strong></span> <span class='ocrx_word' id='word_1_679' title='bbox 1402 4403 1488 4467; x_wconf 87' lang='lat' dir='ltr'><strong>neeis</strong></span> <span class='ocrx_word' id='word_1_680' title='bbox 1510 4404 1672 4485; x_wconf 87' lang='lat' dir='ltr'><strong>portendit</strong></span> <span class='ocrx_word' id='word_1_681' title='bbox 1695 4403 1795 4467; x_wconf 87' lang='lat' dir='ltr'><strong>talem</strong></span> <span class='ocrx_word' id='word_1_682' title='bbox 1815 4405 1988 4483; x_wconf 86' lang='lat' dir='ltr'><strong>fortunam,</strong></span> <span class='ocrx_word' id='word_1_683' title='bbox 2012 4407 2063 4472; x_wconf 88' lang='lat' dir='ltr'><strong>vel</strong></span> <span class='ocrx_word' id='word_1_684' title='bbox 2086 4412 2202 4474; x_wconf 89' lang='lat' dir='ltr'><strong>talem:</strong></span> <span class='ocrx_word' id='word_1_685' title='bbox 2230 4412 2284 4475; x_wconf 91' lang='lat' dir='ltr'><strong>hie</strong></span> <span class='ocrx_word' id='word_1_686' title='bbox 2307 4411 2368 4474; x_wconf 90' lang='lat' dir='ltr'><strong>erit</strong></span> 
     </span>
     <span class='ocr_line' id='line_1_48' title="bbox 385 4485 2367 4578; baseline -0.001 -18"><span class='ocrx_word' id='word_1_687' title='bbox 385 4492 660 4578; x_wconf 90' lang='lat' dir='ltr'><strong>quemadmodum</strong></span> <span class='ocrx_word' id='word_1_688' title='bbox 682 4491 748 4554; x_wconf 93' lang='lat' dir='ltr'><strong>iam</strong></span> <span class='ocrx_word' id='word_1_689' title='bbox 767 4487 920 4552; x_wconf 88' lang='lat' dir='ltr'><strong>diximus.</strong></span> <span class='ocrx_word' id='word_1_690' title='bbox 953 4485 1106 4569; x_wconf 80' lang='lat' dir='ltr'><strong>Exempli</strong></span> <span class='ocrx_word' id='word_1_691' title='bbox 1124 4489 1243 4570; x_wconf 88' lang='lat' dir='ltr'><strong>gratia:</strong></span> <span class='ocrx_word' id='word_1_692' title='bbox 1268 4489 1350 4552; x_wconf 81' lang='lat' dir='ltr'><strong>Esse</strong></span> <span class='ocrx_word' id='word_1_693' title='bbox 1402 4488 1508 4553; x_wconf 86' lang='lat' dir='ltr'><strong>brevis</strong></span> <span class='ocrx_word' id='word_1_694' title='bbox 1532 4489 1625 4564; x_wconf 86' lang='lat' dir='ltr'><strong>vitae,</strong></span> <span class='ocrx_word' id='word_1_695' title='bbox 1648 4488 1731 4551; x_wconf 91' lang='lat' dir='ltr'><strong>alter</strong></span> <span class='ocrx_word' id='word_1_696' title='bbox 1753 4487 1935 4554; x_wconf 89' lang='lat' dir='ltr'><strong>diuturnae:</strong></span> <span class='ocrx_word' id='word_1_697' title='bbox 1963 4493 2008 4556; x_wconf 89' lang='lat' dir='ltr'><strong>sio</strong></span> <span class='ocrx_word' id='word_1_698' title='bbox 2030 4493 2184 4560; x_wconf 89' lang='lat' dir='ltr'><strong>iudieant.</strong></span> <span class='ocrx_word' id='word_1_699' title='bbox 2230 4496 2367 4570; x_wconf 87' lang='lat' dir='ltr'><strong>Deinde,</strong></span> 
     </span>
     <span class='ocr_line' id='line_1_49' title="bbox 385 4570 2369 4667; baseline -0.003 -20"><span class='ocrx_word' id='word_1_700' title='bbox 385 4583 538 4667; x_wconf 91' lang='lat' dir='ltr'><strong>hyemem</strong></span> <span class='ocrx_word' id='word_1_701' title='bbox 570 4587 602 4642; x_wconf 87' lang='lat' dir='ltr'><strong>et</strong></span> <span class='ocrx_word' id='word_1_702' title='bbox 632 4582 806 4650; x_wconf 90' lang='lat' dir='ltr'><strong>aestatem,</strong></span> <span class='ocrx_word' id='word_1_703' title='bbox 840 4570 901 4636; x_wconf 91' lang='lat' dir='ltr'><strong>hoe</strong></span> <span class='ocrx_word' id='word_1_704' title='bbox 928 4582 978 4636; x_wconf 92' lang='lat' dir='ltr'><strong>est</strong></span> <span class='ocrx_word' id='word_1_705' title='bbox 1010 4573 1169 4648; x_wconf 86' lang='lat' dir='ltr'><strong>naturale,</strong></span> <span class='ocrx_word' id='word_1_706' title='bbox 1203 4590 1237 4635; x_wconf 89' lang='lat' dir='ltr'><strong>et</strong></span> <span class='ocrx_word' id='word_1_707' title='bbox 1264 4573 1349 4636; x_wconf 90' lang='lat' dir='ltr'><strong>ordi·</strong></span> <span class='ocrx_word' id='word_1_708' title='bbox 1401 4572 1474 4653; x_wconf 91' lang='lat' dir='ltr'><strong>plus</strong></span> <span class='ocrx_word' id='word_1_709' title='bbox 1496 4574 1594 4637; x_wconf 89' lang='lat' dir='ltr'><strong>etiam</strong></span> <span class='ocrx_word' id='word_1_710' title='bbox 1616 4572 1775 4653; x_wconf 87' lang='lat' dir='ltr'><strong>eolligunt</strong></span> <span class='ocrx_word' id='word_1_711' title='bbox 1796 4582 1905 4653; x_wconf 88' lang='lat' dir='ltr'><strong>postea</strong></span> <span class='ocrx_word' id='word_1_712' title='bbox 1922 4578 2085 4658; x_wconf 90' lang='lat' dir='ltr'><strong>audaeiae,</strong></span> <span class='ocrx_word' id='word_1_713' title='bbox 2105 4592 2138 4644; x_wconf 89' lang='lat' dir='ltr'><strong>et</strong></span> <span class='ocrx_word' id='word_1_714' title='bbox 2153 4580 2369 4662; x_wconf 88' lang='lat' dir='ltr'><strong>pronuntiant</strong></span> 
     </span>
     <span class='ocr_line' id='line_1_50' title="bbox 386 4656 2368 4739; baseline -0.001 -6"><span class='ocrx_word' id='word_1_715' title='bbox 386 4668 529 4733; x_wconf 88' lang='lat' dir='ltr'><strong>nerium:</strong></span> <span class='ocrx_word' id='word_1_716' title='bbox 551 4663 672 4728; x_wconf 90' lang='lat' dir='ltr'><strong>bellum</strong></span> <span class='ocrx_word' id='word_1_717' title='bbox 694 4667 803 4725; x_wconf 89' lang='lat' dir='ltr'><strong>autem</strong></span> <span class='ocrx_word' id='word_1_718' title='bbox 826 4657 950 4720; x_wconf 87' lang='lat' dir='ltr'><strong>moveri</strong></span> <span class='ocrx_word' id='word_1_719' title='bbox 972 4657 1012 4721; x_wconf 89' lang='lat' dir='ltr'><strong>ab</strong></span> <span class='ocrx_word' id='word_1_720' title='bbox 1031 4677 1097 4721; x_wconf 87' lang='lat' dir='ltr'><strong>una</strong></span> <span class='ocrx_word' id='word_1_721' title='bbox 1119 4663 1216 4739; x_wconf 88' lang='lat' dir='ltr'><strong>gente</strong></span> <span class='ocrx_word' id='word_1_722' title='bbox 1238 4667 1351 4721; x_wconf 90' lang='lat' dir='ltr'><strong>eontra</strong></span> <span class='ocrx_word' id='word_1_723' title='bbox 1403 4657 1442 4720; x_wconf 91' lang='lat' dir='ltr'><strong>de</strong></span> <span class='ocrx_word' id='word_1_724' title='bbox 1466 4677 1656 4738; x_wconf 90' lang='lat' dir='ltr'><strong>unoquoque</strong></span> <span class='ocrx_word' id='word_1_725' title='bbox 1679 4657 1747 4720; x_wconf 92' lang='lat' dir='ltr'><strong>die:</strong></span> <span class='ocrx_word' id='word_1_726' title='bbox 1781 4656 1869 4725; x_wconf 76' lang='lat' dir='ltr'><strong>uelis</strong></span> <span class='ocrx_word' id='word_1_727' title='bbox 1898 4674 2035 4728; x_wconf 83' lang='lat' dir='ltr'><strong>eventus</strong></span> <span class='ocrx_word' id='word_1_728' title='bbox 2064 4678 2175 4731; x_wconf 87' lang='lat' dir='ltr'><strong>manet</strong></span> <span class='ocrx_word' id='word_1_729' title='bbox 2202 4665 2289 4730; x_wconf 90' lang='lat' dir='ltr'><strong>hene</strong></span> <span class='ocrx_word' id='word_1_730' title='bbox 2311 4687 2368 4730; x_wconf 85' lang='lat' dir='ltr'><strong>ex·</strong></span> 
     </span>
     <span class='ocr_line' id='line_1_51' title="bbox 386 4738 2370 4834; baseline -0.002 -15"><span class='ocrx_word' id='word_1_731' title='bbox 386 4755 533 4830; x_wconf 87' lang='lat' dir='ltr'><strong>alteram,</strong></span> <span class='ocrx_word' id='word_1_732' title='bbox 554 4748 616 4814; x_wconf 90' lang='lat' dir='ltr'><strong>hoo</strong></span> <span class='ocrx_word' id='word_1_733' title='bbox 638 4768 702 4811; x_wconf 92' lang='lat' dir='ltr'><strong>non</strong></span> <span class='ocrx_word' id='word_1_734' title='bbox 726 4754 775 4810; x_wconf 88' lang='lat' dir='ltr'><strong>est</strong></span> <span class='ocrx_word' id='word_1_735' title='bbox 797 4765 838 4807; x_wconf 89' lang='lat' dir='ltr'><strong>ex</strong></span> <span class='ocrx_word' id='word_1_736' title='bbox 860 4755 1012 4808; x_wconf 90' lang='lat' dir='ltr'><strong>eonsueto</strong></span> <span class='ocrx_word' id='word_1_737' title='bbox 1033 4740 1157 4818; x_wconf 90' lang='lat' dir='ltr'><strong>ordine,</strong></span> <span class='ocrx_word' id='word_1_738' title='bbox 1179 4749 1212 4804; x_wconf 89' lang='lat' dir='ltr'><strong>et</strong></span> <span class='ocrx_word' id='word_1_739' title='bbox 1230 4761 1296 4804; x_wconf 91' lang='lat' dir='ltr'><strong>non</strong></span> <span class='ocrx_word' id='word_1_740' title='bbox 1315 4743 1352 4806; x_wconf 86' lang='lat' dir='ltr'><strong>iit</strong></span> <span class='ocrx_word' id='word_1_741' title='bbox 1403 4742 1617 4822; x_wconf 91' lang='lat' dir='ltr'><strong>peditionem:</strong></span> <span class='ocrx_word' id='word_1_742' title='bbox 1652 4738 1767 4805; x_wconf 89' lang='lat' dir='ltr'><strong>deinde</strong></span> <span class='ocrx_word' id='word_1_743' title='bbox 1793 4741 1848 4808; x_wconf 92' lang='lat' dir='ltr'><strong>illo</strong></span> <span class='ocrx_word' id='word_1_744' title='bbox 1876 4765 1961 4810; x_wconf 89' lang='lat' dir='ltr'><strong>anno</strong></span> <span class='ocrx_word' id='word_1_745' title='bbox 1991 4748 2053 4811; x_wconf 89' lang='lat' dir='ltr'><strong>hoe</strong></span> <span class='ocrx_word' id='word_1_746' title='bbox 2082 4751 2292 4834; x_wconf 88' lang='lat' dir='ltr'><strong>aggredietur</strong></span> <span class='ocrx_word' id='word_1_747' title='bbox 2321 4752 2370 4815; x_wconf 91' lang='lat' dir='ltr'><strong>in·</strong></span> 
     </span>
     <span class='ocr_line' id='line_1_52' title="bbox 387 4824 2369 4918; baseline -0.001 -16"><span class='ocrx_word' id='word_1_748' title='bbox 387 4847 521 4903; x_wconf 89' lang='lat' dir='ltr'><strong>natura:</strong></span> <span class='ocrx_word' id='word_1_749' title='bbox 561 4833 618 4902; x_wconf 91' lang='lat' dir='ltr'><strong>sed</strong></span> <span class='ocrx_word' id='word_1_750' title='bbox 652 4854 691 4897; x_wconf 90' lang='lat' dir='ltr'><strong>ex</strong></span> <span class='ocrx_word' id='word_1_751' title='bbox 725 4829 899 4895; x_wconf 89' lang='lat' dir='ltr'><strong>ambitione</strong></span> <span class='ocrx_word' id='word_1_752' title='bbox 936 4834 969 4890; x_wconf 93' lang='lat' dir='ltr'><strong>et</strong></span> <span class='ocrx_word' id='word_1_753' title='bbox 1001 4827 1137 4891; x_wconf 86' lang='lat' dir='ltr'><strong>avaritia</strong></span> <span class='ocrx_word' id='word_1_754' title='bbox 1174 4825 1351 4889; x_wconf 92' lang='lat' dir='ltr'><strong>hominum.</strong></span> <span class='ocrx_word' id='word_1_755' title='bbox 1403 4825 1549 4902; x_wconf 89' lang='lat' dir='ltr'><strong>felieiter,</strong></span> <span class='ocrx_word' id='word_1_756' title='bbox 1572 4825 1624 4889; x_wconf 85' lang='lat' dir='ltr'><strong>vel</strong></span> <span class='ocrx_word' id='word_1_757' title='bbox 1640 4824 1722 4889; x_wconf 88' lang='lat' dir='ltr'><strong>illud</strong></span> <span class='ocrx_word' id='word_1_758' title='bbox 1740 4825 1820 4891; x_wconf 90' lang='lat' dir='ltr'><strong>bene</strong></span> <span class='ocrx_word' id='word_1_759' title='bbox 1838 4830 1997 4896; x_wconf 89' lang='lat' dir='ltr'><strong>sueeedet.</strong></span> <span class='ocrx_word' id='word_1_760' title='bbox 2028 4833 2148 4899; x_wconf 90' lang='lat' dir='ltr'><strong>Postea</strong></span> <span class='ocrx_word' id='word_1_761' title='bbox 2167 4837 2222 4902; x_wconf 92' lang='lat' dir='ltr'><strong>ubi</strong></span> <span class='ocrx_word' id='word_1_762' title='bbox 2240 4837 2369 4918; x_wconf 86' lang='lat' dir='ltr'><strong>genesis</strong></span> 
     </span>
     <span class='ocr_line' id='line_1_53' title="bbox 387 4909 2368 5008; baseline -0.001 -19"><span class='ocrx_word' id='word_1_763' title='bbox 387 4925 519 5008; x_wconf 88' lang='lat' dir='ltr'><strong>Regnat</strong></span> <span class='ocrx_word' id='word_1_764' title='bbox 540 4920 668 5005; x_wconf 90' lang='lat' dir='ltr'><strong>quidem</strong></span> <span class='ocrx_word' id='word_1_765' title='bbox 690 4916 814 4982; x_wconf 89' lang='lat' dir='ltr'><strong>oeeulte</strong></span> <span class='ocrx_word' id='word_1_766' title='bbox 836 4911 1038 4995; x_wconf 86' lang='lat' dir='ltr'><strong>providentia</strong></span> <span class='ocrx_word' id='word_1_767' title='bbox 1060 4909 1132 4986; x_wconf 90' lang='lat' dir='ltr'><strong>Dei,</strong></span> <span class='ocrx_word' id='word_1_768' title='bbox 1164 4910 1220 4975; x_wconf 91' lang='lat' dir='ltr'><strong>sed</strong></span> <span class='ocrx_word' id='word_1_769' title='bbox 1249 4910 1351 4991; x_wconf 90' lang='lat' dir='ltr'><strong>loqui·</strong></span> <span class='ocrx_word' id='word_1_770' title='bbox 1404 4931 1469 4974; x_wconf 92' lang='lat' dir='ltr'><strong>non</strong></span> <span class='ocrx_word' id='word_1_771' title='bbox 1491 4909 1635 4975; x_wconf 86' lang='lat' dir='ltr'><strong>venitin</strong></span> <span class='ocrx_word' id='word_1_772' title='bbox 1657 4910 1826 4990; x_wconf 86' lang='lat' dir='ltr'><strong>rationem,</strong></span> <span class='ocrx_word' id='word_1_773' title='bbox 1855 4915 2030 4981; x_wconf 87' lang='lat' dir='ltr'><strong>subiieiunt</strong></span> <span class='ocrx_word' id='word_1_774' title='bbox 2059 4931 2163 4985; x_wconf 92' lang='lat' dir='ltr'><strong>totum</strong></span> <span class='ocrx_word' id='word_1_775' title='bbox 2185 4920 2368 4986; x_wconf 86' lang='lat' dir='ltr'><strong>humanum</strong></span> 
     </span>
     <span class='ocr_line' id='line_1_54' title="bbox 387 4993 2369 5089; baseline -0.002 -16"><span class='ocrx_word' id='word_1_776' title='bbox 387 5028 461 5073; x_wconf 92' lang='lat' dir='ltr'><strong>mur</strong></span> <span class='ocrx_word' id='word_1_777' title='bbox 483 5007 522 5072; x_wconf 92' lang='lat' dir='ltr'><strong>de</strong></span> <span class='ocrx_word' id='word_1_778' title='bbox 548 5004 668 5084; x_wconf 91' lang='lat' dir='ltr'><strong>oausis,</strong></span> <span class='ocrx_word' id='word_1_779' title='bbox 701 5023 782 5086; x_wconf 89' lang='lat' dir='ltr'><strong>quae</strong></span> <span class='ocrx_word' id='word_1_780' title='bbox 811 5020 830 5063; x_wconf 90' lang='lat' dir='ltr'><strong>a</strong></span> <span class='ocrx_word' id='word_1_781' title='bbox 860 4997 953 5062; x_wconf 91' lang='lat' dir='ltr'><strong>nobis</strong></span> <span class='ocrx_word' id='word_1_782' title='bbox 982 4994 1124 5076; x_wconf 83' lang='lat' dir='ltr'><strong>expendi</strong></span> <span class='ocrx_word' id='word_1_783' title='bbox 1156 4995 1287 5072; x_wconf 86' lang='lat' dir='ltr'><strong>debent,</strong></span> <span class='ocrx_word' id='word_1_784' title='bbox 1321 5005 1353 5059; x_wconf 93' lang='lat' dir='ltr'><strong>et</strong></span> <span class='ocrx_word' id='word_1_785' title='bbox 1404 5015 1507 5074; x_wconf 90' lang='lat' dir='ltr'><strong>genus</strong></span> <span class='ocrx_word' id='word_1_786' title='bbox 1530 4993 1713 5059; x_wconf 77' lang='lat' dir='ltr'><strong>nenessitati</strong></span> <span class='ocrx_word' id='word_1_787' title='bbox 1740 5001 1918 5063; x_wconf 87' lang='lat' dir='ltr'><strong>astrorum:</strong></span> <span class='ocrx_word' id='word_1_788' title='bbox 1952 5001 2046 5080; x_wconf 82' lang='lat' dir='ltr'><strong>Eoos,</strong></span> <span class='ocrx_word' id='word_1_789' title='bbox 2076 5006 2103 5069; x_wconf 91' lang='lat' dir='ltr'><strong>si</strong></span> <span class='ocrx_word' id='word_1_790' title='bbox 2126 5006 2369 5089; x_wconf 88' lang='lat' dir='ltr'><strong>expeditionem</strong></span> 
     </span>
     <span class='ocr_line' id='line_1_55' title="bbox 388 5077 2368 5177; baseline -0.002 -19"><span class='ocrx_word' id='word_1_791' title='bbox 388 5100 528 5177; x_wconf 85' lang='lat' dir='ltr'><strong>possunt</strong></span> <span class='ocrx_word' id='word_1_792' title='bbox 555 5093 653 5157; x_wconf 88' lang='lat' dir='ltr'><strong>etiem</strong></span> <span class='ocrx_word' id='word_1_793' title='bbox 683 5110 702 5155; x_wconf 93' lang='lat' dir='ltr'><strong>a</strong></span> <span class='ocrx_word' id='word_1_794' title='bbox 729 5086 820 5152; x_wconf 91' lang='lat' dir='ltr'><strong>nobis</strong></span> <span class='ocrx_word' id='word_1_795' title='bbox 851 5078 1091 5166; x_wconf 76' lang='lat' dir='ltr'><strong>comprehendi,</strong></span> <span class='ocrx_word' id='word_1_796' title='bbox 1124 5079 1199 5160; x_wconf 89' lang='lat' dir='ltr'><strong>quia</strong></span> <span class='ocrx_word' id='word_1_797' title='bbox 1231 5077 1354 5144; x_wconf 90' lang='lat' dir='ltr'><strong>eadunt</strong></span> <span class='ocrx_word' id='word_1_798' title='bbox 1405 5077 1546 5160; x_wconf 90' lang='lat' dir='ltr'><strong>aliquam</strong></span> <span class='ocrx_word' id='word_1_799' title='bbox 1575 5079 1731 5161; x_wconf 77' lang='lat' dir='ltr'><strong>suscipias</strong></span> <span class='ocrx_word' id='word_1_800' title='bbox 1762 5082 1823 5146; x_wconf 93' lang='lat' dir='ltr'><strong>boo</strong></span> <span class='ocrx_word' id='word_1_801' title='bbox 1844 5083 1897 5147; x_wconf 88' lang='lat' dir='ltr'><strong>vel</strong></span> <span class='ocrx_word' id='word_1_802' title='bbox 1919 5085 1974 5149; x_wconf 91' lang='lat' dir='ltr'><strong>illo</strong></span> <span class='ocrx_word' id='word_1_803' title='bbox 1995 5086 2058 5168; x_wconf 91' lang='lat' dir='ltr'><strong>die,</strong></span> <span class='ocrx_word' id='word_1_804' title='bbox 2088 5088 2148 5154; x_wconf 92' lang='lat' dir='ltr'><strong>tibi</strong></span> <span class='ocrx_word' id='word_1_805' title='bbox 2178 5093 2262 5157; x_wconf 87' lang='lat' dir='ltr'><strong>bene</strong></span> <span class='ocrx_word' id='word_1_806' title='bbox 2289 5095 2368 5156; x_wconf 90' lang='lat' dir='ltr'><strong>erit:</strong></span> 
     </span>
     <span class='ocr_line' id='line_1_56' title="bbox 389 5161 2370 5251; baseline -0.002 -6"><span class='ocrx_word' id='word_1_807' title='bbox 389 5180 450 5245; x_wconf 89' lang='lat' dir='ltr'><strong>sub</strong></span> <span class='ocrx_word' id='word_1_808' title='bbox 483 5198 597 5244; x_wconf 92' lang='lat' dir='ltr'><strong>sensus</strong></span> <span class='ocrx_word' id='word_1_809' title='bbox 632 5183 766 5241; x_wconf 86' lang='lat' dir='ltr'><strong>nostros.</strong></span> <span class='ocrx_word' id='word_1_810' title='bbox 813 5169 1010 5251; x_wconf 81' lang='lat' dir='ltr'><strong>Quanquam</strong></span> <span class='ocrx_word' id='word_1_811' title='bbox 1044 5163 1142 5228; x_wconf 83' lang='lat' dir='ltr'><strong>simul</strong></span> <span class='ocrx_word' id='word_1_812' title='bbox 1174 5162 1353 5228; x_wconf 89' lang='lat' dir='ltr'><strong>notandum</strong></span> <span class='ocrx_word' id='word_1_813' title='bbox 1405 5162 1460 5225; x_wconf 92' lang='lat' dir='ltr'><strong>sed</strong></span> <span class='ocrx_word' id='word_1_814' title='bbox 1484 5163 1511 5227; x_wconf 90' lang='lat' dir='ltr'><strong>si</strong></span> <span class='ocrx_word' id='word_1_815' title='bbox 1530 5161 1664 5227; x_wconf 87' lang='lat' dir='ltr'><strong>festines</strong></span> <span class='ocrx_word' id='word_1_816' title='bbox 1687 5173 1761 5228; x_wconf 90' lang='lat' dir='ltr'><strong>ente</strong></span> <span class='ocrx_word' id='word_1_817' title='bbox 1784 5165 1962 5248; x_wconf 86' lang='lat' dir='ltr'><strong>meridiem,</strong></span> <span class='ocrx_word' id='word_1_818' title='bbox 1984 5185 2093 5238; x_wconf 91' lang='lat' dir='ltr'><strong>manet</strong></span> <span class='ocrx_word' id='word_1_819' title='bbox 2110 5185 2143 5240; x_wconf 88' lang='lat' dir='ltr'><strong>te</strong></span> <span class='ocrx_word' id='word_1_820' title='bbox 2161 5176 2277 5242; x_wconf 79' lang='lat' dir='ltr'><strong>infelix</strong></span> <span class='ocrx_word' id='word_1_821' title='bbox 2303 5199 2370 5242; x_wconf 92' lang='lat' dir='ltr'><strong>sne·</strong></span> 
     </span>
    </p>
   </div>
   <div class='ocr_carea' id='block_1_3' title="bbox 390 5246 2370 5344">
    <p class='ocr_par' dir='ltr' id='par_1_3' title="bbox 390 5246 2370 5344">
     <span class='ocr_line' id='line_1_57' title="bbox 390 5246 2370 5344; baseline -0.004 -13"><span class='ocrx_word' id='word_1_822' title='bbox 390 5272 448 5344; x_wconf 90' lang='lat' dir='ltr'><strong>est,</strong></span> <span class='ocrx_word' id='word_1_823' title='bbox 471 5283 600 5330; x_wconf 90' lang='lat' dir='ltr'><strong>eorsum</strong></span> <span class='ocrx_word' id='word_1_824' title='bbox 624 5274 784 5327; x_wconf 89' lang='lat' dir='ltr'><strong>astrorum</strong></span> <span class='ocrx_word' id='word_1_825' title='bbox 808 5278 866 5341; x_wconf 90' lang='lat' dir='ltr'><strong>per</strong></span> <span class='ocrx_word' id='word_1_826' title='bbox 887 5274 922 5320; x_wconf 91' lang='lat' dir='ltr'><strong>se</strong></span> <span class='ocrx_word' id='word_1_827' title='bbox 945 5274 1010 5318; x_wconf 94' lang='lat' dir='ltr'><strong>non</strong></span> <span class='ocrx_word' id='word_1_828' title='bbox 1033 5247 1153 5314; x_wconf 88' lang='lat' dir='ltr'><strong>habere</strong></span> <span class='ocrx_word' id='word_1_829' title='bbox 1175 5246 1353 5330; x_wconf 87' lang='lat' dir='ltr'><strong>quidquem</strong></span> <span class='ocrx_word' id='word_1_830' title='bbox 1405 5266 1522 5314; x_wconf 88' lang='lat' dir='ltr'><strong>oessus.</strong></span> <span class='ocrx_word' id='word_1_831' title='bbox 1553 5246 1610 5312; x_wconf 85' lang='lat' dir='ltr'><strong>Sia</strong></span> <span class='ocrx_word' id='word_1_832' title='bbox 1632 5268 1709 5331; x_wconf 93' lang='lat' dir='ltr'><strong>ergo</strong></span> <span class='ocrx_word' id='word_1_833' title='bbox 1730 5248 1879 5314; x_wconf 85' lang='lat' dir='ltr'><strong>divinant</strong></span> <span class='ocrx_word' id='word_1_834' title='bbox 1900 5252 1940 5318; x_wconf 91' lang='lat' dir='ltr'><strong>de</strong></span> <span class='ocrx_word' id='word_1_835' title='bbox 1958 5267 2024 5320; x_wconf 92' lang='lat' dir='ltr'><strong>tota</strong></span> <span class='ocrx_word' id='word_1_836' title='bbox 2047 5258 2217 5326; x_wconf 91' lang='lat' dir='ltr'><strong>bominum</strong></span> <span class='ocrx_word' id='word_1_837' title='bbox 2236 5264 2315 5344; x_wconf 85' lang='lat' dir='ltr'><strong>vita,</strong></span> <span class='ocrx_word' id='word_1_838' title='bbox 2338 5266 2370 5325; x_wconf 89' lang='lat' dir='ltr'><strong>et</strong></span> 
     </span>
    </p>
   </div>
   <div class='ocr_carea' id='block_1_4' title="bbox 0 0 2542 6116">
    <p class='ocr_par' dir='ltr' id='par_1_4' title="bbox 0 0 2542 6116">
     <span class='ocr_line' id='line_1_58' title="bbox 0 0 2542 6116; baseline 0 0"><span class='ocrx_word' id='word_1_839' title='bbox 0 0 2542 6116; x_wconf 95' lang='lat' dir='ltr'><strong> </strong></span> 
     </span>
    </p>
   </div>
  </div>
 </body>
</html>
