5134 6124
223 494 285 561 165
928 495 976 560 IN
998 493 1247 561 tenentem
1293 493 1391 560 OAP.
1415 493 1512 560 XIII.
2155 497 2216 562 166

224 683 314 768 prius
336 683 454 747 sentiat
477 681 611 765 pedibus
633 703 669 747 ee
692 680 843 746 menibus
858 681 1072 761 obstaculum,
1096 702 1191 764 qnam
1245 681 1517 764 quemadmodum
1542 682 1612 747 heri
1637 681 1741 747 visum
1765 682 1843 760 luit,
1873 682 2019 766 quisuis
2050 682 2215 751 blanditiis

222 768 325 836 oeulis
347 768 513 851 pereipiat.
559 766 727 848 Quantum
751 766 793 832 66
817 787 869 831 66
892 774 1031 849 6666161,
1061 787 1193 850 prorsus
1245 787 1301 833 eos
1323 767 1489 832 fallebant.
1528 757 1694 850 Propheta
1715 789 1793 851 ergo
1818 789 1883 832 non
1906 769 2050 852 loquitur
2071 769 2215 848 eoniuse,

223 854 308 920 6666
330 855 564 937 expositionem
591 853 743 918 existimo
766 872 838 918 esse
866 853 1054 937 genuinam.
1098 851 1213 938 Aeta-¹
1245 853 1458 935 6616161661
1479 853 1561 917 11166
1590 853 1688 917 61616
1718 851 1888 935 frigidum:
1922 851 1978 918 sed
2009 854 2129 920 diserte
2159 877 2215 920 66-

222 959 317 1024 msam
339 959 416 1022 ergo
435 939 593 1022 offendent
608 940 704 1022 pedae
720 940 816 1005 vetra·
833 939 875 1005 ae
889 943 1006 1004 montes
1022 943 1193 1016 6661111666,
1246 937 1373 1020 primit,
1409 939 1486 1004 Nisi
1511 939 1645 1004 6661661
1666 939 1747 1020 qued
1767 939 1893 1004 diecret
1926 941 2074 1021 proximo
2107 961 2214 1009 versu.

224 1027 284 1092 hoo
317 1038 382 1101 est,
417 1023 458 1090 ed
488 1034 616 1090 montes
649 1023 848 1090 tenebrosos.
892 1023 1012 1089 Postea
1034 1023 1192 1108 adiungit,
1247 1023 1325 1088 Nisi
1345 1043 1418 1108 ergo
1438 1025 1517 1090 66116
1537 1024 1672 1107 gloriam
1695 1023 1773 1101 Deo,
1797 1043 1866 1108 ego,
1896 1025 1985 1106 vobis
2007 1025 2139 1102 reliotis,
2163 1027 2215 1091 in·

231 1111 290 1178 Ubi
311 1111 515 1194 speraveritis
536 1111 896 1191 1116661,66661666116
910 1109 1054 1175 umbram
1069 1109 1194 1175 martie:
1245 1111 1323 1192 quit,
1353 1120 1410 1174 aut
1433 1110 1543 1175 valere
1563 1109 1671 1190 iussis,
1701 1108 1817 1173 abdam
1841 1130 1893 1173 me
1915 1110 1950 1174 16
1978 1111 2134 1195 angulum
2158 1112 2214 1178 eli·

225 1182 443 1276 6661116511,
477 1205 515 1260 61
547 1196 808 1273 611616161666,
841 1194 1047 1277 grammatioi
1076 1205 1193 1278 putant
1245 1215 1359 1276 6666,
1392 1203 1426 1258 61
1454 1195 1520 1262 11116
1549 1194 1674 1261 6611666
1702 1205 1830 1260 vestras
1852 1197 2008 1261 miserias.
2054 1195 2116 1263 Ubi
2141 1219 2215 1278 pro·

225 1305 345 1351 nomen
366 1303 437 1350 esse
458 1283 673 1365 6666661166
697 1305 716 1346 6
738 1266 788 1358 Ι111,
811 1282 934 1364 umbra,
957 1292 1079 1359 6111111,
1106 1279 1192 1363 6666
1245 1280 1343 1362 66616
1366 1279 1448 1344 61611
1469 1280 1533 1346 6161
1554 1279 1709 1363 relinquit
1732 1290 1861 1363 praeter
1883 1282 2006 1346 fletum.
2040 1281 2214 1366 Signifieat

225 1381 361 1436 mortem
395 1369 576 1449 signifieat:
611 1375 644 1432 et
675 1375 810 1432 vertunt
845 1367 995 1432 tenebras
1029 1365 1192 1432 mortales.
1245 1377 1352 1432 aetum
1376 1387 1446 1431 esse
1469 1366 1507 1432 de
1530 1367 1623 1449 ipsis,
1658 1374 1690 1430 et
1712 1364 1850 1431 salutem
1873 1386 1985 1431 eorum
2008 1388 2080 1433 esee
2102 1368 2215 1452 despe-

224 1459 399 1538 alequam
420 1475 498 1539 ergo
515 1458 614 1536 portat
634 1452 723 1518 Daue
744 1453 842 1518 lucem
861 1453 898 1517 in
919 1452 1068 1534 tenebrae,
1095 1454 1195 1535 portet
1245 1464 1359 1517 ratam.
1405 1449 1542 1518 Summe
1569 1460 1634 1530 661,
1667 1473 1734 1516 666
1767 1471 1896 1534 semper
1930 1451 2097 1519 habituros
2151 1454 2215 1519 aod

222 1545 258 1608 16
279 1541 453 1625 calginem,
477 1540 591 1622 166611,
613 1540 684 1604 6616
704 1539 755 1604 1111
774 1539 918 1623 gloriam.
960 1539 1194 1603 1116166166-
1246 1557 1334 1602 6666
1356 1548 1525 1620 spernunt,
1548 1557 1667 1618 nempe
1687 1549 1724 1601 nt
1746 1547 1942 1602 moneantur
1964 1559 1984 1602 6
2005 1541 2109 1604 servis
2165 1539 2214 1604 ei:

223 1629 287 1694 1166
308 1628 536 1710 eognosoimus
558 1625 644 1707 6666
668 1646 773 1707 nuper
795 1625 855 1689 etti
880 1624 899 1700 i,
924 1644 1040 1708 nempe
1055 1623 1193 1689 verbum
1245 1623 1398 1705 quoniam
1421 1625 1449 1689 si
1473 1625 1677 1706 perrexerint
1699 1635 1909 1688 contemnere
1937 1644 2051 1688 omnes
2080 1624 2216 1708 prophe-

223 1725 319 1802 ·611111
347 1712 464 1777 debere
487 1711 601 1776 relerri
630 1710 671 1774 ad
693 1709 813 1775 Deum.
857 1645 925 1776 666
954 1708 1035 1777 6666
1065 1727 1195 1775 summa
1246 1710 1318 1792 ties,
1342 1709 1431 1774 Dens
1454 1707 2049 1793 666666616611116161666161166.
2083 1710 2216 1775 Interea

224 1809 283 1876 est,
307 1820 400 1882 posse
422 1799 510 1880 ipsos
532 1816 701 1862 oeoorrere
723 1794 840 1861 iudioio
862 1795 936 1876 Dei,
958 1795 986 1862 si
1009 1805 1137 1861 mature
1159 1815 1194 1858 se
1245 1793 1389 1861 ostendit
1428 1794 1588 1879 prophete
1620 1815 1684 1877 quo
1718 1794 1838 1859 affeetu
1872 1793 2068 1860 vetieinatus
2106 1796 2214 1862 luerit.

224 1884 270 1950 illi
294 1884 488 1968 permittent
511 1891 665 1964 tanquam
687 1882 785 1947 iudiei
808 1899 883 1947 seo:
906 1881 1021 1946 deinde
1045 1901 1195 1947 reveren·
1246 1881 1318 1946 Etsi
1340 1881 1427 1945 6616
1450 1901 1549 1962 6666
1572 1881 1671 1946 seirat
1692 1879 1862 1944 mandates
1885 1880 1946 1945 sibi
1962 1901 2032 1946 6666
2047 1883 2216 1964 praeconis

224 1972 289 2037 tius
304 1968 543 2052 empleotantur
557 1969 629 2032 eius
644 1968 789 2046 verbum,
813 1987 911 2049 quem
927 1967 1017 2050 prius
1032 1967 1193 2034 ieeissont.
1247 1975 1366 2050 partes,
1389 1967 1535 2032 animose
1557 1965 1772 2031 denuntiabat
1799 1965 1929 2030 Iudaeis
1959 1966 2049 2031 illem
2079 1966 2213 2042 616666,

224 2057 356 2121 Interea
378 2055 549 2120 denuntiet
571 2073 663 2135 spem
686 2053 816 2118 illorum
838 2054 908 2118 fore
935 2073 1063 2133 venem,
1093 2052 1121 2119 si
1144 2050 1193 2115 16·
1246 2071 1344 2134 6666
1367 2051 1523 2118 vidimus:
1552 2061 1660 2117 temen
1682 2051 1805 2134 aliquid
1825 2051 2066 2116 miserioordiae
2088 2073 2217 2135 semper

225 2163 293 2208 666
328 2140 389 2206 6161
422 2140 622 2222 promittant.
676 2137 852 2205 Sciendum
886 2157 964 2205 vero
1003 2138 1109 2205 16666
1141 2137 1195 2200 616
1247 2140 1379 2223 vigebat
1401 2138 1434 2202 in
1458 2138 1529 2202 6166
1551 2137 1673 2214 animo,
1703 2144 1739 2201 61
1761 2136 1895 2202 defleret
1917 2137 2048 2201 illorum
2071 2138 2215 2204 obstine-

225 2225 442 2309 metaphoriee
465 2223 576 2307 aeoipi,
607 2233 645 2288 ut
666 2224 738 2289 aliis
760 2223 909 2307 pluribus
931 2224 1019 2301 16616,
1050 2232 1084 2288 61
1106 2236 1194 2288 1666·
1246 2225 1380 2302 116666,
1403 2243 1485 2306 6666
1502 2222 1615 2288 futura
1630 2222 1693 2288 illis
1711 2221 1853 2286 exitialis
1871 2233 1950 2288 erat.
1984 2222 2074 2307 Ergo
2091 2232 2215 2289 utrum·

224 2313 300 2379 bras
322 2313 420 2377 etiam
443 2333 484 2375 66
506 2310 662 2394 opposito.
697 2311 865 2375 Tenebrae
886 2309 987 2393 igitur
1009 2309 1196 2394 signifieeot
1246 2330 1308 2392 666
1329 2309 1482 2374 effaetum
1504 2309 1680 2374 eoniunxit
1701 2307 1870 2390 prophete,
1902 2328 2018 2391 nempe
2041 2307 2096 2373 ubi
2114 2308 2216 2374 libero

224 2420 278 2464 res
300 2397 463 2476 adversas,
486 2396 544 2460 166
567 2403 676 2460 66166
698 2396 861 2479 signifieat
883 2415 995 2478 peeem
1014 2407 1047 2460 et
1061 2413 1194 2477 prospe·
1246 2405 1280 2460 et
1303 2393 1464 2478 intrepido
1487 2395 1605 2476 spiritu
1629 2393 1838 2458 denuntiaret
1859 2391 1990 2458 Iudaeis
2020 2395 2215 2460 vindiotem:

225 2505 296 2549 rum
320 2491 450 2549 statum.
496 2481 637 2547 Proinde
660 2481 739 2546 dieit
769 2479 1088 2564 prophete-Iudaeos
1118 2480 1195 2556 ialli,
1247 2489 1413 2546 6116666
1437 2478 1533 2546 61661
1562 2480 1685 2544 valeret
1712 2478 1798 2562 apud
1827 2479 1936 2561 16666
1966 2478 2153 2546 humanitas
2184 2489 2218 2545 et

224 2571 253 2636 si
275 2576 393 2653 putent
415 2567 602 2632 lelioitatem
625 2567 686 2632 sibi
709 2568 778 2633 iore
807 2567 1014 2646 diuturnam,
1043 2565 1121 2631 dum
1150 2565 1196 2630 ita
1247 2566 1444 2650 sympathia.
1488 2564 1592 2630 Addit
1614 2583 1763 2648 oensem,
1797 2584 1914 2647 nempe
1943 2565 2020 2648 6616
2047 2567 2219 2647 6661116611

225 2663 385 2738 spernunt
420 2654 524 2720 Deum
558 2663 592 2718 et
625 2653 696 2718 eius
734 2653 917 2735 prophetas.
961 2651 1093 2733 Quare?
1134 2651 1196 2717 hoe
1245 2650 1483 2738 6661666666.
1527 2651 1642 2716 Potuit
1663 2651 1794 2733 quidem
1816 2648 1973 2714 Ieremias
2002 2651 2099 2717 simul
2123 2653 2219 2717 retio-

226 2741 314 2806 enim
350 2739 543 2825 tantundem
579 2744 628 2802 661
661 2747 759 2821 atque
789 2739 895 2820 ipsum
924 2758 1108 2814 exarmare,
1142 2737 1195 2802 vel
1249 2758 1325 2803 nem
1357 2737 1478 2802 habere
1510 2735 1561 2802 661
1594 2735 1772 2820 sanguinis.
1827 2734 1940 2815 Quum
1980 2756 2059 2821 ergo
2092 2737 2219 2802 videret

225 2846 346 2892 exuere
367 2845 427 2890 sue
449 2825 609 2908 potentie,
640 2824 816 2889 6661666
843 2823 1049 2889 6666116666
1073 2822 1196 2888 mnndi.
1249 2827 1391 2908 gentem,
1417 2843 1458 2888 ex
1481 2842 1547 2904 qua
1569 2821 1728 2886 oriundus
1750 2833 1828 2897 arat,
1861 2821 1979 2885 misere
2003 2823 2116 2904 perire,
2147 2823 2218 2888 fieri

226 2909 364 2979 Summe
386 2919 445 2988 est,
468 2911 592 2975 instare
615 2907 804 2974 horribilem
827 2910 1017 2990 vindiotem,
1040 2909 1103 2975 uisi
1126 2929 1195 2974 66·
1250 2929 1314 2974 666
1346 2907 1460 2992 661611,
1493 2907 1573 2990 6616
1595 2906 1686 2973 16616
1709 2916 1961 2988 prosequeretur
1988 2907 2132 2987 ipsorum
2155 2907 2220 2974 ele·

227 3007 300 3063 ture
331 3006 503 3062 ooourrant
535 2993 664 3072 Iudaei,
707 3007 803 3078 61666
836 2994 908 3060 1)66
942 3016 977 3061 66
1011 2993 1196 3061 6661161661.
1250 2992 1338 3059 dem:
1371 2993 1428 3060 sed
1463 2993 1632 3077 praeeipue
1665 2992 1809 3074 respexit
1840 2989 1905 3054 Dei
1939 2994 2095 3074 gratiam:
2133 2992 2218 3078 qnod

227 3084 324 3148 Nune
345 3081 502 3164 seqnitur,
1250 3080 1348 3146 etiam
1372 3078 1522 3144 videmus
1543 3079 1577 3142 in
1600 3075 1714 3142 Paulo.
1748 3077 1830 3141 Nem
1854 3079 2002 3159 quemvis
2024 3099 2219 3145 oommemo-

1250 3176 1300 3231 ret
1322 3184 1427 3250 genus
1452 3185 1487 3230 se
1509 3164 1626 3230 daeere
1648 3164 1687 3229 ab
1710 3161 1886 3245 Israelitis,
1917 3171 1949 3227 et
1972 3162 2057 3229 hane
2086 3184 2218 3230 666666

314 3254 363 3318 ll.
395 3251 483 3334 Quod
504 3253 536 3317 ei
556 3271 618 3318 aon
638 3250 808 3316 audieritis
828 3249 882 3317 boe
904 3251 940 3317 ia
968 3251 1095 3316 areanis
1124 3249 1199 3402 Q
1249 3247 1484 3334 assignet,''eur
1501 3249 1676 3314 66616666Ι
1690 3249 1800 3331 666161
1815 3267 1887 3313 esse
1901 3268 1922 3312 6
1936 3247 2070 3314 Christo
2086 3263 2220 3334 propter

226 3349 287 3420 est,
308 3341 342 3404 in
365 3337 512 3422 seereto),
535 3337 648 3420 1666611
668 3337 779 3402 anime
800 3356 868 3402 mee
890 3357 912 3402 a
931 3336 1014 3419 faeie
1035 3337 1161 3420 euper'
1250 3339 1353 3420 ipsos:
1386 3334 1450 3400 6116
1472 3345 1581 3401 temen
1604 3333 1644 3400 de
1665 3354 1762 3400 eausa
1784 3344 1952 3416 tantopere
1976 3336 2220 3400 eommendatos

226 3425 388 3511 (honest,
415 3437 549 3507 propter
571 3420 787 3508 superbiam),
818 3427 847 3486 et
868 3421 1069 3506 incremendo
1099 3421 1198 3506 1666·
1251 3422 1350 3488 161666
1373 3430 1526 3504 epparet:
1551 3421 1628 3503 quia
1651 3419 1747 3504 poulo
1769 3429 1842 3502 post
1863 3419 2004 3496 subiioit,
2028 3419 2124 3501 Quod
2146 3421 2219 3485 illo-

226 3509 380 3593 mubitur,
414 3514 443 3574 at
463 3507 620 3574 6666611661
648 3509 755 3574 oeutue
782 3509 931 3573 meseia
959 3508 1115 3592 lacrymae
1144 3506 1199 3594 (de
1250 3529 1323 3574 rum
1347 3507 1388 3574 611
1411 3507 1532 3584 166666,
1555 3505 1640 3589 quod
1661 3505 1824 3588 originem
1846 3524 1866 3568 a
1889 3506 2037 3588 patribus
2055 3506 2219 3585 duxerint,

227 3597 289 3663 heo
311 3595 499 3678 loquutione
521 3594 664 3660 vidimus
686 3613 756 3677 eap.
778 3593 812 3656 9:
838 3593 965 3658 diffluet
987 3614 1064 3679 ergo
1086 3595 1199 3660 oeulus
1250 3594 1338 3678 quod
1360 3615 1400 3658 66
1428 3593 1508 3676 16616
1538 3591 1741 3657 deseeoderit
1762 3589 1916 3657 Christus
1944 3591 2121 3656 seeundum
2149 3611 2220 3657 eer-

226 3678 1199 3766 666616166666616666166661666666661666166
1251 3701 1344 3758 nem,
1378 3680 1434 3761 qui
1458 3687 1507 3743 est
1530 3678 1619 3742 Deus
1643 3676 1831 3741 benedietus
1854 3676 1887 3740 16
1911 3677 2050 3742 seeenle.
2095 3677 2220 3744 Paulus

228 3787 321 3832 mens
349 3765 524 3851 1666666),
555 3765 704 3848 quonium
731 3765 880 3832 abductae
905 3770 949 3831 eet
969 3785 1048 3849 gree
1070 3763 1200 3831 Ielroooe
1251 3786 1330 3850 ergo
1352 3771 1482 3829 tentum
1505 3763 1639 3828 honoris
1662 3782 1699 3828 ee
1722 3761 1819 3843 pretii
1841 3761 1945 3827 defert
1968 3763 2133 3828 benefieiis
2154 3763 2220 3830 illie

227 3851 355 3936 (666166
376 3849 450 3937 661).
1251 3849 1368 3935 661666
1390 3849 1498 3913 ornati
1520 3849 1650 3914 fuerent
1670 3846 1801 3927 Iudaei,
1831 3859 1868 3911 ut
1897 3847 2007 3932 eupiat
2029 3869 2063 3912 se
2087 3868 2145 3931 pro
2167 3869 2220 3913 eo·

1251 3957 1324 4002 rem
1347 3935 1452 4001 salute
1474 3933 1567 4017 66661
1589 3933 1745 4017 proiieere
1766 3933 1802 3996 16
1833 3943 1985 4012 mortem,
2019 3935 2083 3998 imo
2112 3935 2222 4018 eupiat

314 4022 454 4104 Oblique
482 4021 624 4087 minatus
654 4021 761 4086 iuerat
789 4020 964 4104 prophete:
999 4021 1055 4086 sed
1090 4032 1199 4087 temen
1252 4043 1323 4088 esse
1345 4019 1522 4085 anathema
1544 4039 1563 4085 a
1585 4018 1728 4084 Christo.
1768 4017 1906 4084 Minime
1929 4018 2063 4084 dubium
2087 4029 2137 4085 est
2160 4021 2221 4087 hoo

228 4109 354 4191 relique
374 4127 449 4190 spes
464 4116 535 4171 erat
551 4107 675 4184 veniae,
698 4106 724 4170 si
745 4106 779 4172 16
796 4111 941 4189 tempore
956 4116 1200 4172 anteverterent
1252 4109 1349 4173 etiem
1373 4113 1524 4188 respeotu
1546 4103 1720 4170 Ieremiem
1744 4123 1832 4168 nuno
1847 4103 1975 4182 addere,
1999 4124 2033 4170 66
2049 4105 2227 4171 coneedere

228 4195 356 4270 Iudaei,
386 4204 420 4258 61
441 4213 548 4258 eoram
572 4191 644 4257 Deo
666 4213 700 4256 se
724 4191 945 4257 humiliarent.
990 4191 1085 4257 Ν666
1106 4214 1199 4277 aper·
1253 4195 1287 4258 16
1310 4211 1491 4270 16666666,
1522 4191 1576 4256 vel
1605 4190 1765 4269 latebras,
1794 4188 1851 4254 ubi
1874 4190 2019 4273 deploret
2041 4191 2151 4274 populi
2175 4191 2226 4257 sui

230 4283 295 4346 1166
318 4278 499 4352 666661161,
528 4276 651 4343 616666
675 4279 889 4344 oertissimem
913 4277 978 4342 illis
1004 4278 1199 4354 inoumbere
1253 4278 1434 4356 exeidium,
1468 4277 1545 4359 6616
1576 4276 1620 4342 eil
1648 4295 1726 4359 gree
1760 4274 1902 4344 Iebovea
1958 4275 2116 4344 Videmus
2147 4296 2226 4361 ergo

231 4365 269 4432 st
291 4383 443 4449 organon
464 4363 642 4442 audieritis,
665 4364 779 4445 166611,
810 4363 923 4448 legabit
942 4365 1053 4429 anime
1075 4383 1143 4430 meu
1164 4366 1201 4429 16
1242 4375 1291 4441 ,ut
1323 4364 1363 4429 ed
1396 4364 1560 4447 laerymes
1593 4381 1668 4426 666
1701 4361 1849 4443 impellet
1881 4361 1996 4427 foedus
2028 4363 2105 4443 Dei,
2138 4362 2226 4447 quod

228 4470 354 4517 araneo.
399 4447 466 4516 Sed
487 4446 625 4512 661166
649 4448 802 4532 ponderis
825 4450 885 4514 hoe
906 4449 1005 4514 hebet
1028 4450 1105 4515 dnm
1126 4471 1200 4533 pro·
1253 4449 1343 4515 videt
1376 4448 1613 4534 quodammodo
1647 4445 1841 4513 intercidere
1873 4447 1985 4530 populi
2015 4448 2122 4532 eulpa.
2167 4449 2226 4514 Se·

229 4537 328 4619 pheta
350 4535 513 4618 signifieat
536 4552 571 4597 66
593 4535 690 4599 6666
714 4533 865 4617 16666661
894 4537 1072 4614 faeturum,
1107 4535 1201 4619 quasi
1253 4537 1372 4620 quitur,

231 4623 361 4696 dieeret‚
386 4621 482 4685 Nune
505 4618 634 4702 quidem
658 4619 766 4686 adhue
784 4620 907 4686 hortari
925 4642 980 4686 vos
996 4642 1060 4685 non
1077 4622 1199 4700 desino,

231 4708 307 4790 quia
329 4705 421 4772 Deus
443 4707 489 4770 ite
507 4702 691 4770 mandevit:
715 4705 770 4770 sed
787 4706 914 4770 nullum
931 4707 993 4771 erit
1012 4707 1201 4788 remedium,
1340 4705 1391 4771 18.
1422 4703 1486 4770 Die
1507 4705 1575 4788 regi
1597 4710 1625 4770 et
1645 4705 1798 4784 dominae,
1829 4703 2058 4771 Humiliemiai
2079 4704 2226 4791 (deseen-

229 4794 257 4858 si
280 4811 370 4855 more
393 4799 503 4857 vestro
525 4789 738 4856 obdoresoitis
755 4803 870 4856 eontra
885 4792 1076 4858 doetrinam.
1109 4793 1200 4857 Nihil
1254 4790 1341 4876 dite),
1363 4791 1460 4856 sedete
1482 4789 1556 4876 (hoe
1578 4801 1636 4874 est,
1660 4789 1784 4875 iaoete),
1807 4791 1883 4872 6616
1905 4789 2061 4857 descendet
2078 4813 2100 4856 6
2116 4792 2227 4873 666111-

230 4899 309 4962 ergo
332 4877 411 4942 mihi
435 4877 587 4956 restabit,
616 4876 680 4941 6161
704 4883 814 4941 6166
842 4877 1055 4956 abscondam,
1085 4878 1200 4960 166611,
1253 4879 1311 4943 bue
1351 4876 1461 4940 vestris
1499 4895 1611 4942 rorone
1658 4877 1776 4940 deeoris
1822 4877 1917 4941 vestri
1964 4876 2034 4962 (elii
2080 4887 2225 4960 vertunt,

231 4965 265 5029 in
288 4964 440 5038 latebras,
469 4974 501 5028 et
524 4961 590 5027 illie
635 4962 752 5027 lorem:
786 4963 860 5044 quie
883 4962 1107 5046 propheticum
1131 4983 1201 5027 mu·
1255 4960 1427 5028 deseendet
1456 4961 1645 5027 altitudines
1675 4973 1817 5042 vestrae,
1848 4981 1908 5044 pro
1937 4960 2074 5027 61111666
2105 4973 2226 5043 vestra,

232 5071 293 5114 nus
323 5048 409 5131 apud
439 5071 496 5114 vos
525 4983 663 5114 cessabit
692 5056 847 5130 tanquam
876 5048 1026 5132 indignos
1054 5047 1116 5114 666
1140 5048 1202 5112 Dei
1254 5059 1287 5112 et
1311 5048 1493 5131 appositive
1514 5047 1628 5131 legunt
1651 5046 1735 5128 quod
1759 5049 1922 5130 sequitur,
1952 5065 2071 5112 661666
2101 5047 2227 5116 deeoris

231 5133 393 5200 benefioio.
438 5133 512 5198 Non
535 5134 626 5216 ponit
647 5133 844 5218 simpliciter,
875 5132 914 5198 Si
934 5153 996 5198 uon
1019 5133 1202 5200 audieritis:
1255 5134 1367 5198 vestri.

230 5219 287 5285 sed
310 5220 401 5285 addit
422 5221 519 5284 etiam
543 5219 836 5284 demonstrativum
858 5240 1053 5301 pronomen,
1083 5219 1119 5284 Si
1141 5240 1202 5284 uon

230 5305 396 5372 audieritis
427 5303 488 5368 bec.
540 5305 698 5370 Poterant
727 5305 815 5370 enim
846 5303 994 5386 exeipere
1023 5304 1137 5369 Iudaei
1167 5325 1202 5369 se
1341 5303 1405 5368 Η16
1429 5303 1587 5386 prophete
1609 5303 1738 5369 iubetur
1760 5324 1946 5369 sermonem
1970 5316 2058 5370 reeta
2085 5305 2226 5389 dirigere

231 5413 297 5456 non
320 5411 391 5456 6666
415 5389 485 5454 1)66
508 5389 751 5474 immorigeros:
774 5401 808 5455 et
831 5390 993 5454 habebant
1015 5391 1201 5474 prophetas,
1255 5389 1296 5454 ad
1318 5409 1429 5473 regem
1452 5388 1581 5453 loekim
1603 5401 1635 5454 et
1667 5401 1801 5454 matrem
1831 5391 1911 5456 eius.
1956 5391 2020 5456 Hie
2050 5393 2138 5456 6616
2167 5413 2227 5456 no·

1971 5492 2021 5546 11·
