5038 6118
253 329 260 348 ·
350 383 411 448 147
1073 430 1077 438 .
1161 379 1548 448 PRAELBOTIONES
2290 379 2348 444 148

348 571 488 637 verbum
520 582 592 639 rur.
648 569 715 638 Sed
749 570 830 638 haee
863 569 1010 655 enallage
1063 572 1143 636 satis
1175 572 1322 653 frequen·
1373 569 1600 636 inhumaniter
1622 569 1750 636 trattati
1773 568 1912 634 inerant.
1957 565 2131 632 Praefatur
2151 572 2270 645 autem,
2299 563 2350 630 Sia

349 666 399 721 ter
441 659 582 722 oeourrit
632 661 666 722 et
713 656 777 720 hoe
820 657 889 722 loeo
932 656 1117 738 emphatiea
1160 669 1218 722 ast.
1284 654 1322 721 Si
1374 656 1450 722 dieii
1472 654 1624 720 Ielweab:
1645 653 1734 738 dieit,
1756 673 1850 737 super
1871 672 1975 718 omnes
1995 653 2116 718 vitiam
2136 671 2222 717 areos
2241 652 2349 716 malea.

349 742 438 808 enim
471 741 608 809 dixisset
642 743 677 808 iu
711 741 809 808 tertia
867 762 999 820 areana,
1037 742 1163 808 eonlnsi
1195 751 1272 807 sunt
1304 762 1325 806 a
1375 741 1540 824 Loquitur
1561 741 1616 806 hie
1638 741 1672 804 iu
1701 759 1841 823 persona
1863 737 1937 816 Dei,
1967 739 2023 822 qui
2048 737 2171 802 vieiuos
2200 757 2276 802 suos
2298 757 2352 801 no

349 826 508 893 fruetibus
530 829 608 908 suis,
637 848 704 894 non
732 829 780 892 ita
802 763 1013 894 reflementer
1042 833 1169 911 poterat
1197 828 1325 892 alfioere
1376 828 1480 891 minat
1506 837 1573 891 tam
1598 825 1762 892 Moabitas
1792 834 1827 890 et
1847 823 2022 889 Idumaeos
2051 843 2149 906 quam
2179 822 2259 888 alios
2287 842 2350 887 om·

350 932 462 978 eorum
484 913 620 980 animos.
665 912 732 979 Sed
761 917 972 996 eontemptim
1002 914 1141 978 antehae
1167 912 1325 995 loquutus
1376 931 1444 991 nes,
1467 913 1623 994 quoniam
1648 923 1767 976 terram
1792 910 1961 976 Chaunum
1992 908 2055 975 sibi
2076 908 2222 993 elegerat
2243 907 2277 973 in
2301 908 2352 972 du·

350 1006 400 1064 est
432 997 472 1063 de
504 997 645 1078 Iudaeis,
677 999 840 1082 quoniam,
874 1011 911 1064 ut
944 999 1065 1062 dietum
1097 999 1170 1080 tuit,
1203 998 1325 1064 solebat
1376 997 1545 1062 misilium.
1580 997 1663 1062 Fuit
1684 996 1783 1079 enim,
1807 1007 1843 1060 ut
1861 995 1991 1079 saepius
2010 1002 2101 1077 patet
2118 1015 2159 1059 ex
2179 993 2352 1077 prophetis,

349 1082 466 1150 surdos
488 1105 576 1150 esse:
608 1105 697 1150 nune
726 1093 836 1150 autem
859 1083 964 1151 obiter
985 1083 1147 1150 convertit
1168 1083 1208 1149 ad
1238 1085 1326 1166 ipsos
1378 1082 1439 1148 hoa
1469 1104 1549 1166 prae
1575 1082 1648 1148 aliis
1677 1082 1806 1166 insigne
1840 1083 1959 1165 pignus
1994 1081 2120 1163 gratiae
2152 1078 2234 1160 Dei,
2266 1079 2352 1162 quod

349 1189 544 1250 sermonem,
574 1178 607 1236 et
641 1169 719 1236 dieit
751 1170 942 1252 pudelaetos
975 1190 1063 1234 esse:
1098 1169 1175 1249 imo,
1208 1169 1325 1251 inquit,
1378 1168 1541 1234 habitaret
1563 1168 1597 1232 iu
1620 1167 1739 1251 populo
1761 1167 1826 1232 illo.
1871 1166 1944 1231 Nou
1968 1175 2040 1231 erat
2057 1165 2187 1248 quidem
2208 1163 2353 1231 inolusus

348 1255 472 1336 ooafusa‘
500 1255 574 1321 eatis
595 1256 788 1338 uirtutibus
817 1257 936 1322 ambo.
981 1255 1043 1320 list
1070 1255 1174 1340 igitur
1202 1255 1326 1338 speeies
1378 1255 1431 1319 vel
1455 1253 1586 1337 templo,
1610 1254 1661 1317 vel
1684 1262 1772 1317 terre
1795 1252 1982 1318 chanaam:
2006 1250 2062 1317 sed
2085 1263 2274 1334 suseeperat
2295 1270 2352 1332 po·

349 1341 570 1422 oorreetionis,
593 1341 649 1406 ssd
673 1349 801 1406 tautum
824 1353 861 1406 ut
883 1339 1041 1424 propheta
1070 1342 1178 1407 aerius
1200 1350 1326 1423 pungat
1378 1339 1490 1423 pulum
1515 1339 1576 1406 hae
1599 1339 1669 1423 lege
1691 1340 1724 1403 in
1741 1337 1964 1422 'patrooinium
1995 1347 2028 1402 et
2057 1337 2156 1402 fidem
2185 1357 2287 1412 suam,
2317 1357 2353 1402 aa

349 1445 462 1492 eorum
500 1429 627 1492 animos
659 1428 712 1512 qui
746 1448 828 1510 opus
862 1427 1027 1493 habebant
1060 1427 1160 1494 variis
1193 1426 1324 1510 figuris:
1378 1425 1406 1490 si
1429 1425 1565 1490 haberet
1587 1434 1739 1490 extentas
1760 1445 1880 1489 manus
1902 1424 1942 1488 ad
1965 1443 2079 1489 omnes
2106 1422 2182 1489 illos
2205 1420 2352 1488 tuendos.

372 1532 452 1576 uum
481 1511 604 1578 scilieet
632 1512 772 1596 simplex
804 1513 909 1578 oratio
943 1510 1028 1594 apud
1061 1513 1148 1595 ipsos
1180 1512 1325 1596 frigeret.
1379 1510 1475 1576 Nune
1497 1511 1647 1576 videmus
1676 1531 1734 1576 our
1763 1510 1910 1575 nominet
1932 1507 2057 1574 vioinas
2079 1518 2191 1593 gentes
2213 1507 2353 1584 Iudaeis,

349 1531 515 1680 {equitum
1378 1597 1479 1662 malos
1498 1616 1575 1662 saoa
1595 1597 1723 1662 viciuos.
1768 1594 1913 1659 Tametsi
1935 1595 2022 1660 enim
2046 1595 2201 1658 extremis
2224 1594 2354 1675 quibus-

1379 1703 1441 1766 que
1464 1681 1559 1748 malis
1590 1682 1680 1765 digni
1710 1686 1805 1746 erant
1827 1679 1951 1756 ludaei,
1980 1679 2132 1745 manebat
2161 1688 2270 1744 tamen
2299 1678 2355 1744 illa

436 1768 486 1832 14.
511 1767 565 1835 Sia
587 1769 663 1834 dieii
685 1768 830 1845 Iebooab,
864 1788 958 1852 super
980 1789 1082 1835 mnes
1104 1769 1223 1835 seinos
1243 1788 1328 1834 meos
1379 1768 1550 1850 promissio
1577 1767 1645 1849 Qui
1667 1769 1771 1850 tangit
1790 1787 1855 1846 vos,
1873 1766 1979 1850 tangit
1996 1764 2153 1847 pupillam
2172 1763 2257 1830 oeuli
2279 1766 2353 1831 mei.

350 1853 451 1919 malos
471 1855 529 1936 qai
550 1858 681 1938 terreant
710 1854 927 1919 laureatam
954 1875 1071 1936 meam,
1099 1874 1195 1938 qaam
1222 1855 1327 1920 baare
1379 1853 1498 1918 Postea
1520 1816 1619 1932 addit,
1654 1852 1716 1934 Qui
1738 1856 1868 1936 tangant
1890 1851 2108 1917 auersatam
2136 1870 2247 1916 meam.
2292 1850 2355 1916 Hie

350 1938 445 2003 atate
464 1939 591 2017 obtinui,
610 1939 762 2022 populum
783 1960 885 2005 meum
902 1940 1016 2024 Israel,
1039 1961 1103 2006 aare
1125 1961 1179 2024 ago
1200 1941 1327 2006 medam
1379 1959 1444 2004 non
1467 1938 1611 2021 loquitur
1634 1939 1757 2004 ironiae
1787 1947 1825 2003 nt
1853 1940 1956 2021 prius,
1985 1936 2043 2001 sed
2073 1937 2206 2019 raspieit
2232 1936 2356 2017 simpli·

350 2023 439 2104 theos
459 2045 476 2089 a
496 2028 581 2089 terre
609 2028 760 2110 ipsorum,
793 2027 966 2092 aldamton
988 2025 1134 2094 Iabadab
1162 2026 1327 2092 wellume
1377 2025 1460 2090 aiter
1481 2025 1672 2090 elaetionem
1697 2043 1799 2101 suam,
1829 2025 1920 2106 quasi
1944 2023 2074 2098 diaeret,
2104 2021 2355 2104 Qualesaunque

350 2109 452 2175 medio
473 2110 621 2192 spamam.
1378 2111 1444 2174 sint
1465 2109 1591 2190 Iudaei,
1621 2121 1732 2175 tamen
1755 2129 1816 2192 ego
1838 2109 1920 2173 mihi
1949 2109 2113 2184 eonstabo,
2144 2118 2179 2172 st
2208 2127 2274 2172 uon
2298 2129 2355 2172 ex·

1379 2195 1463 2261 uidet
1481 2206 1655 2279 propterea
1670 2193 1783 2260 foedus
1799 2215 1926 2260 meum:
1949 2194 2115 2276 superabit
2129 2193 2218 2257 enim
2232 2192 2355 2258 veritas

359 2317 362 2324 .
436 2279 507 2344 Iam
540 2280 699 2365 propheta
727 2281 842 2363 inoipit
877 2281 1029 2365 mitigare
1062 2302 1146 2366 quae
1174 2293 1327 2366 poteraut
1380 2301 1450 2346 mea
1472 2281 1616 2363 ipsorum
1639 2280 1821 2364 perfidiam.
1866 2281 1912 2346 lit
1942 2281 2066 2344 interea
2095 2279 2276 2344 notandum
2307 2289 2355 2344 est

351 2364 437 2429 ultra
460 2366 592 2431 modum
616 2367 810 2432 exeoerbare
833 2367 944 2450 populi
966 2369 1108 2433 animos:
1132 2390 1235 2451 neque
1258 2378 1325 2434 tam
1380 2367 1465 2450 quod
1497 2389 1601 2450 nuper
1630 2367 1708 2443 dixi,
1743 2376 1843 2431 totam
1874 2365 1959 2430 hano
1989 2365 2169 2432 doctrinam
2201 2364 2355 2448 restringi

350 2451 428 2514 iaeit
450 2450 512 2516 hoo
533 2452 625 2537 vulgi
648 2472 753 2530 eausa,
778 2471 875 2535 quam
899 2460 936 2517 ut
954 2454 1101 2519 eonsulat
1122 2453 1247 2519 eleatis:
1270 2454 1326 2536 qui
1378 2453 1419 2517 ad
1435 2452 1562 2532 eleetos,
1586 2455 1640 2536 qui
1659 2453 1754 2535 pauoi
1769 2459 1866 2516 erant
1881 2471 2027 2529 numero,
2049 2461 2083 2515 et
2098 2450 2244 2515 latebant
2262 2451 2355 2532 quasi

351 2533 458 2601 adhue
480 2539 574 2619 pauei
597 2539 773 2604 restabant.
812 2536 963 2604 Vidimus
986 2540 1073 2603 enim
1097 2549 1203 2604 aetum
1225 2539 1328 2604 luisse
1380 2538 1498 2620 viginti
1521 2552 1578 2603 ant
1600 2549 1732 2603 eentum
1756 2556 1859 2621 grana
1881 2537 1941 2602 sub
1969 2557 2088 2619 magua
2118 2536 2269 2618 oongerie
2300 2556 2354 2618 pa·

351 2619 391 2685 de
413 2622 485 2703 ipso
506 2622 640 2706 populo:
672 2633 704 2689 et
733 2623 854 2689 dietum
877 2622 985 2688 inerat
1004 2625 1066 2706 ipsi
1087 2624 1253 2705 ieremias,
1275 2625 1326 2690 Ne
1379 2623 1458 2688 leae.
1492 2623 1655 2704 Quoniam
1673 2644 1753 2706 ergo
1771 2623 1930 2706 propbeta
1944 2621 1999 2688 hio
2014 2621 2224 2705 peculiariter
2238 2621 2356 2687 eleetos

350 2726 432 2787 eres,
455 2708 620 2790 quianon
644 2707 937 2791 exaudiamipsos.
978 2709 1111 2775 Solebat
1132 2711 1234 2794 igitur
1254 2731 1327 2794 pro·
1379 2709 1442 2774 Dei
1465 2709 1650 2792 alloquitur,
1685 2729 1750 2772 non
1783 2709 1904 2774 mirum
1938 2717 1988 2773 est
2019 2708 2047 2774 ei
2079 2717 2171 2774 voeet
2201 2727 2257 2772 eos
2290 2706 2355 2772 Dei

350 2793 451 2876 pheta
473 2794 676 2860 immutabile
699 2815 769 2860 essa
791 2793 856 2858 Dei
878 2793 1053 2873 deeretum,
1084 2795 1189 2878 quoad
1219 2796 1327 2878 ipsum
1380 2795 1630 2874 haereditatem,
1664 2815 1771 2876 neque
1802 2793 2023 2875 exprobrandi
2055 2814 2171 2876 eausa,
2201 2792 2356 2876 quemad·

350 2898 477 2962 eorpus.
530 2880 599 2946 Neo
628 2901 707 2946 vero
738 2879 792 2947 hia
823 2881 924 2946 voluit
952 2881 1055 2948 lenire
1085 2881 1170 2964 quod
1200 2882 1327 2948 tristius
1380 2881 1511 2945 modum
1535 2881 1627 2962 prius
1648 2881 1733 2963 feeit,
1756 2879 1812 2945 ssd
1833 2880 1909 2962 quia
1924 2879 2016 2944 Deus
2031 2899 2109 2944 vere
2128 2878 2200 2944 illos
2215 2878 2354 2952 amabat,

350 2964 455 3029 videri
476 2973 604 3046 poterat
630 2967 664 3031 in
688 2968 758 3032 eiua
780 2967 937 3032 doetrina.
983 2965 1049 3033 Sed
1071 2967 1147 3032 alibi
1171 2966 1326 3047 diximus,
1380 2975 1412 3032 et
1435 2966 1563 3032 volebat
1585 2966 1694 3033 salvos
1716 2985 1796 3030 esse.
1832 2967 1876 3030 Fit
1899 2964 1964 3030 alia
1981 2965 2079 3029 etiam
2103 2965 2188 3029 ratio
2208 2963 2357 3029 notanda

351 3062 383 3113 at
416 3050 547 3131 quidem
581 3052 709 3135 saepius
740 3051 803 3118 hoe
836 3053 898 3117 luit
929 3054 1118 3134 repetitum,
1150 3053 1326 3136 prophetas
1380 3060 1438 3128 est,
1461 3051 1545 3135 quod
1569 3050 1661 3118 Deus
1684 3053 1864 3134 respexerit
1885 3061 1951 3115 tam
1971 3048 2144 3116 Idumaeos
2162 3069 2259 3134 quam
2278 3051 2357 3113 Am·

351 3133 543 3214 simplieiter
565 3135 753 3219 obiurgasse
770 3144 875 3201 toturn
898 3138 1073 3219 populum:
1096 3137 1212 3202 deinde
1234 3139 1326 3222 quasi
1378 3138 1531 3218 monitae,
1554 3135 1719 3222 Sydonios
1740 3147 1773 3202 et
1795 3136 1923 3221 Tyrios,
1952 3135 2007 3219 qui
2030 3135 2151 3200 iniuste
2180 3155 2356 3218 perseque-

351 3238 498 3284 seorsum
521 3218 674 3301 loquutos
697 3221 798 3285 luisse
820 3239 894 3284 eum
923 3223 1042 3287 alsatis.
1089 3223 1172 3288 Nam
1195 3243 1326 3306 semper
1379 3221 1498 3288 bantur·
1531 3224 1686 3307 populum
1720 3221 1822 3287 illum.
1875 3221 1961 3286 Nam
1993 3231 2063 3285 erat
2094 3220 2294 3286 Ammonitia
2324 3230 2357 3284 et

351 3305 411 3370 luit
434 3304 549 3386 aliquis
572 3324 728 3371 uumerus
757 3304 908 3370 residuus
936 3306 970 3369 in
1003 3307 1121 3388 populo
1151 3308 1221 3372 iilo:
1250 3309 1327 3390 quia
1378 3307 1531 3374 Moabitis
1553 3309 1663 3392 aliqua
1684 3307 1843 3391 cognatio,
1867 3310 1943 3389 quia
1965 3305 2088 3372 stillost
2110 3306 2272 3390 originem
2297 3305 2356 3370 du·

351 3409 520 3473 nunquam
544 3409 658 3472 passus
687 3402 736 3455 est
761 3391 851 3457 Deus
881 3391 1048 3476 exstingui
1076 3391 1191 3457 foedus
1218 3413 1325 3457 suum.
1378 3391 1493 3457 eebaut
1523 3394 1653 3460 aLoth
1685 3402 1800 3477 nepote
1822 3393 1986 3458 Abrahae.
2038 3391 2208 3473 Quantum
2238 3391 2357 3458 attinet

349 3475 440 3562 Ergo
464 3475 542 3559 quia
564 3473 709 3540 noudum
727 3476 898 3542 interierat
915 3475 1050 3542 ecelesia
1067 3476 1132 3552 illa,
1156 3475 1230 3542 ideo
1252 3498 1325 3559 pro·
1379 3476 1418 3540 ad
1436 3478 1609 3544 idumaeos
1631 3489 1726 3544 erant
1741 3479 1864 3563 posteri
1879 3479 1979 3556 Esau,
2002 3476 2165 3563 progeniti
2181 3498 2222 3542 ex
2241 3475 2357 3542 eadem

348 3563 447 3646 pheta
470 3559 616 3644 respexit
638 3580 749 3626 semen
771 3560 852 3626 illud
881 3561 1060 3628 oaoultum:
1091 3571 1124 3625 et
1153 3561 1224 3627 ideo
1255 3583 1326 3644 per·
1378 3561 1512 3627 familia.
1572 3562 1728 3629 Selebant
1764 3571 1874 3630 autam
1911 3562 2051 3629 Iudaeos
2089 3583 2159 3628 esse
2197 3561 2356 3628 divinitus

348 3647 479 3714 misouit
507 3645 593 3712 hana
614 3646 869 3712 consolationem
890 3655 959 3712 tam
989 3646 1067 3712 diris
1094 3655 1127 3712 et
1155 3646 1326 3714 horrendis
1378 3647 1506 3713 eleetos.
1551 3650 1640 3730 Ergo
1665 3650 1756 3714 Deus
1778 3649 1831 3716 hie
1857 3648 1998 3715 ostendit
2028 3669 2062 3714 se
2091 3670 2161 3715 esse
2183 3648 2355 3726 violatum,

349 3733 521 3809 vatieiniis‚
544 3753 628 3815 quae
650 3740 726 3797 ante
747 3724 898 3798 vidimde.
942 3733 1017 3799 Hae
1039 3733 1142 3817 igitur
1165 3731 1206 3797 de
1228 3752 1324 3799 eausa
1378 3731 1456 3797 dnm
1479 3733 1561 3798 tales
1582 3734 1721 3798 iniuriae
1743 3734 1852 3801 illatae
1871 3746 1947 3800 sunt
1970 3734 2090 3817 populo
2108 3755 2175 3800 suo.
2209 3734 2355 3798 Proinde

348 3839 435 3884 nune
458 3818 537 3882 diait
558 3817 668 3882 Deum
691 3837 817 3902 quoque
840 3817 1002 3882 viudieem
1025 3819 1095 3882 lore
1112 3817 1324 3897 erudelitatie,
1378 3817 1526 3884 videmus
1548 3840 1606 3885 aur
1628 3820 1682 3886 hie
1706 3818 1797 3885 Deus
1824 3822 1970 3885 nominet
1999 3819 2105 3886 Israel
2132 3819 2356 3885 haereditatem

348 3923 448 3988 quam
483 3905 689 3969 exerauarint
721 3903 823 3969 vieini
853 3902 1009 3968 adversus
1038 3903 1188 3968 Iudaeos.
1238 3903 1324 3969 Nam
1376 3923 1477 3969 amm.
1522 3904 1622 3988 Dieit,
1655 3905 1756 3986 Qrmm
1778 3905 1967 3975 haereditate
1988 3906 2126 3986 possedi.
2172 3905 2237 3970 Hie
2267 3905 2355 3969 tollit

348 3997 476 4074 poterat
498 3987 579 4053 haee
607 3989 741 4054 tentatio
764 3989 977 4054 vehementer
1004 3988 1135 4053 turbare
1158 3989 1229 4071 pios
1257 3989 1323 4055 ani·
1377 3989 1493 4056 vieinis
1515 3991 1582 4056 illis
1604 3991 1758 4074 gentibus
1780 3991 2018 4074 tergiversandi
2041 4010 2169 4056 ansam:
2190 3991 2285 4074 quasi
2309 3989 2355 4054 di·

348 4094 433 4142 mos:
463 4073 552 4155 Quid
573 4073 636 4139 hoo
657 4073 718 4139 sibi
741 4075 821 4156 vult,
843 4073 927 4157 qnod
951 4072 1043 4138 Deus
1065 4083 1133 4138 tam
1157 4075 1262 4158 rigide
1289 4077 1323 4140 in
1376 4084 1473 4154 aeret,
1498 4077 1635 4140 Etiamsi
1652 4087 1824 4161 pausarent
1839 4076 1962 4154 Iudaei,
1983 4087 2092 4141 tamen
2108 4076 2183 4142 illos
2198 4095 2266 4140 non
2282 4096 2355 4141 esse

348 4183 408 4229 nos
442 4161 564 4238 saevit,
604 4167 638 4224 et
674 4159 799 4226 interea
832 4160 936 4244 paruit
968 4159 1115 4243 profanis
1146 4159 1322 4243 gentibus?
1376 4158 1513 4226 iudiees:
1539 4160 1655 4226 deiude
1678 4182 1743 4226 non
1768 4161 1884 4228 debere
1907 4161 2064 4227 iuditium
2094 4162 2166 4226 fieri
2196 4183 2239 4227 ex
2268 4163 2353 4243 ipso

349 4248 475 4315 nihilne
497 4247 551 4312 vel
575 4245 750 4322 Moabitae,
781 4245 833 4311 vel
856 4246 1078 4326 Ammonitas,
1101 4245 1152 4309 rel
1175 4245 1324 4310 Idumaei
1377 4265 1449 4308 rum
1473 4245 1689 4326 improbitate.
1725 4248 1796 4330 Ego
1816 4255 1939 4320 tamen,
1955 4248 2072 4330 inquit,
2091 4269 2145 4313 eos
2164 4246 2253 4312 volui
2272 4246 2353 4311 mihi

348 4344 426 4401 sunt
449 4329 640 4417 promeriti?
663 4349 721 4394 our
743 4349 821 4414 argo
839 4331 905 4396 illis
922 4332 1011 4395 Deus
1029 4329 1187 4413 indulget,
1210 4337 1245 4394 et
1266 4351 1325 4396 noe
1377 4329 1498 4412 eligere
1519 4331 1555 4395 in
1579 4331 1823 4398 haereditatem.
1859 4333 1947 4416 Ergo
1966 4332 2114 4398 ridemus
2133 4333 2272 4398 verbum
2292 4332 2355 4396 hoe

349 4432 416 4486 tam
440 4418 566 4485 duriter
589 4415 816 4500 persequitur?
857 4415 1011 4482 Oeourrit
1031 4416 1132 4498 igitur
1155 4415 1324 4499 propheta,
1376 4415 1560 4498 emphatiee
1581 4415 1682 4482 fuisse
1705 4417 1869 4482 additum:
1891 4419 1982 4501 qnasi
2005 4418 2127 4484 diueret
2149 4418 2259 4483 Deum
2282 4419 2355 4481 vin·

349 4518 383 4572 et
412 4503 594 4580 denuntiat,
624 4503 722 4567 etiam
752 4501 817 4566 illis
846 4502 999 4585 gentibus
1028 4501 1149 4566 instare
1177 4521 1324 4584 poenam,
1378 4498 1497 4566 dietam
1520 4509 1730 4584 sumpturum
1754 4523 1825 4568 essa
1848 4503 1887 4568 de
1909 4503 2039 4569 iniuriis
2061 4503 2181 4586 populo
2203 4525 2262 4569 suo
2285 4504 2355 4567 illa·

350 4591 475 4676 qualem
498 4588 607 4653 meriti
629 4596 718 4666 sunt,
748 4585 846 4670 idque
868 4588 902 4651 in
924 4587 1064 4670 gratiam
1087 4585 1179 4650 alesti
1202 4587 1324 4668 populi.
1378 4586 1429 4662 tis,
1463 4587 1616 4669 quoniam
1645 4589 1753 4654 luerat
1785 4588 1874 4654 laesa
1905 4610 1964 4654 sua
1998 4591 2160 4666 maiestas,
2194 4589 2250 4654 uhi
2287 4609 2352 4652 uon

349 4677 435 4744 Nam
458 4674 486 4742 si
509 4683 635 4740 tantum
667 4672 805 4739 dixisset
826 4681 983 4738 venturos
1006 4670 1167 4736 Moabitas
1193 4682 1226 4736 et
1248 4671 1325 4736 Idu·
1378 4669 1493 4736 habuit
1514 4672 1607 4755 quale
1631 4671 1786 4739 debuerat
1807 4674 1936 4757 pondus
1959 4674 2028 4739 aius
2051 4673 2192 4757 adoptio.
2237 4673 2354 4755 Neque

349 4782 460 4830 masos
482 4769 517 4826 et
537 4759 679 4842 reliquos
702 4757 743 4824 ad
766 4757 910 4823 tribunal
929 4757 1002 4836 Dei,
1024 4765 1062 4821 ut
1083 4756 1182 4822 etiam
1205 4775 1325 4838 poenas
1378 4757 1465 4819 enim
1488 4757 1536 4823 fas
1558 4759 1702 4837 profanis
1725 4761 1876 4842 gentibus
1898 4759 1959 4824 fuit
1981 4779 2098 4826 voeare
2119 4762 2155 4825 iu
2181 4761 2353 4837 rationem,

350 4850 466 4915 darent
487 4867 547 4913 suo
572 4854 727 4928 tempore,
756 4844 816 4910 boe
846 4863 910 4907 non
939 4841 1082 4907 levasset
1109 4840 1247 4906 miseros
1269 4842 1325 4906 Iu·
1378 4840 1470 4924 digni
1492 4851 1599 4906 essent
1620 4863 1680 4908 naa
1703 4864 1743 4908 ne
1765 4843 1895 4911 Iudaei:
1919 4846 1996 4926 quia
2013 4845 2085 4910 Deo
2106 4845 2276 4928 plaeuerat
2297 4865 2353 4908 eos

351 4935 457 5001 dasos.
502 4932 563 4998 Est
592 4933 677 4997 enim
710 4928 767 4994 illa
794 4926 890 4994 valde
918 4927 1025 4992 inanis
1055 4925 1241 5000 consolatio,
1272 4928 1324 4991 ubi
1378 4927 1412 4990 iu
1437 4924 1532 4990 iidem
1554 4947 1592 4990 ao
1615 4929 1828 5009 patrocinium
1848 4932 2019 5012 suseipere.
2054 4932 2174 4996 Postea
2192 4930 2291 4996 adiun
2319 4931 2353 5011 it,

350 5020 508 5086 aoeedunt
531 5017 626 5084 multi
649 5016 725 5082 sosii
749 5014 789 5080 ed
819 5024 947 5079 nostras
975 5011 1134 5077 miserias.
1179 5009 1245 5076 Sed
1269 5014 1325 5076 ad·
1350 5036 1352 5047 ·
1378 5009 1457 5075 Ecce
1478 5031 1529 5093 epo
1552 5013 1679 5077 avellum
1700 5015 2054 5096 marterteram,
2078 5015 2281 5081 adamam]
2318 5037 2353 5080 a·

350 5105 459 5190 iungit
492 5105 588 5170 etiam
622 5101 790 5186 propheta,
823 5100 932 5164 Deum
966 5097 1012 5162 ita
1045 5098 1113 5161 fore
1145 5097 1326 5180 propitium
1378 5094 1442 5159 dab
1462 5095 1589 5160 audiam
1608 5118 1624 5160 a
1645 5099 1745 5164 medio
1766 5099 1917 5180 ipsorum.
1952 5098 2126 5183 Duplieem
2149 5101 2351 5167 evulsionem

350 5192 461 5258 alsatis
493 5190 577 5268 suis,
609 5203 641 5255 et
673 5188 735 5253 hoo
766 5189 897 5270 signum
931 5184 999 5249 lore
1031 5181 1154 5246 favoris
1188 5183 1326 5264 paterni,
1378 5178 1433 5244 hio
1455 5181 1553 5262 ponit,
1576 5202 1692 5264 nempe
1715 5183 1800 5264 quod
1820 5182 1977 5248 violenter
1998 5186 2149 5251 extrahet
2168 5187 2352 5263 Idumaeos,

351 5277 437 5362 quod
460 5276 569 5340 trahat
591 5274 630 5338 ad
658 5273 851 5358 supplitium
876 5290 989 5334 omnes
1012 5268 1145 5343 vicinos,
1169 5288 1188 5330 a
1210 5265 1325 5349 quibus
1379 5275 1413 5328 et
1442 5264 1477 5328 in
1506 5266 1655 5331 exsilium
1690 5266 1802 5348 proaul
1836 5266 1953 5348 abiget.
2008 5271 2092 5336 Nem
2128 5272 2188 5337 hoe
2221 5271 2354 5356 proprie
