5158 6124
238 423 302 488 469
942 422 991 486 IN
1013 421 1263 488 resumant.
1309 421 1407 488 OAP.
1430 422 1544 490 XXV.
2180 429 2247 494 470

239 609 301 676 sibi
335 609 414 677 velit
447 611 599 676 ultimum
634 611 816 677 membrum
851 610 916 677 alio
956 611 1027 678 loeo
1066 611 1214 693 exposui.
1266 631 1323 675 sus
1356 619 1406 676 est
1438 611 1645 695 promulgare
1678 612 1835 680 Ieremias
1869 633 1956 679 anno
1990 625 2106 697 quarto
2137 616 2243 700 ipsius

238 694 342 762 Addit
363 695 537 780 propbeta:
564 695 665 778 Quam
682 696 755 762 dedi
771 695 839 763 illis
855 702 884 762 et
895 696 1044 780 patribus
1060 696 1214 778 ipsoram.
1266 694 1461 762 Iehoialxim.
1505 696 1673 781 Regnavit
1701 706 1813 763 autem
1839 697 1909 781 ipse
1937 721 2063 782 quoque
2091 701 2242 769 undecim

239 781 322 848 Vult
349 782 436 848 enim
466 791 619 848 exoutere
641 780 775 847 Iudaeis
803 782 940 848 stultam
970 782 1123 849 fiduoiam
1152 803 1217 865 qua
1268 802 1386 859 annos,
1416 794 1454 847 nt
1476 793 1589 866 postea
1611 782 1804 850 videbimus.
1847 786 1938 868 Ergo
1960 785 2144 870 eolligimus
2166 809 2243 854 eon·

239 875 334 934 erunt
354 867 515 934 inebriati.
561 865 673 948 Quum
703 868 791 932 enim
825 867 978 936 audirent
1010 880 1147 947 terram,
1179 869 1214 933 in
1266 868 1387 933 fectum
1414 866 1516 934 fuisse
1544 868 1632 934 buno
1660 869 1780 934 librum
1813 891 1856 934 ex
1886 872 1985 936 variis
2023 873 2242 949 nebulonibus,

238 973 302 1036 qua
324 950 524 1033 habitabant,
544 973 616 1018 esse
637 952 701 1018 Dei
724 953 880 1035 requiem,
905 964 938 1020 st
959 954 1082 1020 seirent
1104 952 1214 1018 datam
1267 952 1324 1018 sed
1348 973 1412 1018 non
1435 954 1534 1018 luisse
1555 975 1684 1038 semper
1706 955 1855 1020 ordinem
1886 957 2042 1040 temporis
2064 963 2242 1026 servatum.

238 1037 300 1104 sibi
322 1059 393 1105 esse
415 1039 485 1104 iure
507 1039 734 1118 haereditario,
757 1039 853 1105 sieuti
875 1039 1023 1122 patribus
1038 1039 1116 1104 olim
1139 1059 1214 1121 pro·
1268 1038 1407 1104 Summa
1429 1044 1539 1104 autem
1562 1049 1627 1118 est,
1658 1059 1759 1122 quum
1783 1041 1909 1106 videret
1931 1042 2024 1108 Deus
2053 1063 2120 1108 non
2149 1064 2243 1127 posse

237 1123 339 1189 missa
360 1124 485 1188 luerat:
508 1145 574 1190 non
593 1124 752 1206 putabant
770 1123 832 1190 sibi
847 1146 941 1208 posse
958 1145 1101 1208 unquam
1122 1124 1213 1207 eripi.
1268 1125 1343 1189 ullis
1371 1123 1603 1192 monitionibus
1633 1126 1786 1208 populum
1815 1126 1925 1192 sanari
1960 1136 1994 1192 et
2021 1129 2167 1194 revocari
2200 1129 2241 1194 ad

237 1208 381 1275 Perinde
402 1209 505 1294 igitur
529 1211 700 1292 torpebant
726 1211 761 1274 in
784 1211 852 1276 suis
875 1211 980 1290 vitiis,
1011 1231 1049 1278 ao
1070 1209 1099 1276 si
1123 1210 1214 1274 Deus
1268 1211 1385 1275 bonam
1410 1217 1561 1288 mentem,
1585 1210 1794 1277 denuntiasse
1810 1212 1964 1278 ultimum
1987 1214 2155 1278 interitum
2175 1224 2243 1280 tam

238 1294 304 1359 illis
325 1302 412 1360 esset
432 1296 601 1361 obnoxius.
647 1295 785 1360 Deridet
808 1296 967 1381 propheta
997 1295 1082 1362 bano
1103 1297 1214 1362 stulti·
1266 1294 1397 1360 Iudaeis
1420 1315 1517 1377 qnam
1537 1296 1820 1364 omnibusvioinis
1843 1299 2008 1382 gentibus.
2044 1298 2112 1365 Cur
2130 1310 2241 1366 autem

238 1380 328 1458 dam,
350 1401 450 1464 quum
471 1380 550 1447 dioit
572 1401 636 1447 non
660 1381 788 1448 obstare
811 1383 1061 1466 promissionem
1084 1391 1117 1446 et
1138 1401 1213 1464 gra·
1266 1381 1455 1462 complexus
1489 1381 1589 1447 luerit
1621 1390 1736 1464 gentes
1764 1383 1934 1465 profanas,
1969 1383 2151 1450 videbimus
2181 1406 2241 1451 suo

238 1466 319 1532 tiam
337 1466 410 1542 Dei,
433 1467 509 1549 quin
529 1468 636 1549 privet
650 1468 739 1550 ipsos
758 1479 845 1534 terra
863 1478 896 1534 et
916 1469 987 1535 aius
1002 1468 1214 1552 possessione,
1267 1467 1345 1532 loeo.
1390 1466 1479 1532 Dinit
1500 1467 1603 1551 igitur
1622 1469 1724 1550 foisse
1752 1468 1814 1534 sibi
1842 1469 2025 1534 madamm
2053 1469 2108 1536 boe
2135 1472 2243 1538 votat

238 1562 271 1616 et
300 1551 427 1619 abdieet
456 1553 554 1618 etiam
588 1575 658 1634 eoe,
691 1564 728 1620 ut
761 1555 828 1619 sint
860 1559 1017 1637 tanquam
1052 1554 1212 1630 extranei,
1265 1553 1356 1618 aiom
1377 1572 1460 1618 anno
1481 1558 1592 1633 warte
1615 1551 1757 1620 Iooltim:
1779 1553 1859 1620 dieit
1874 1554 1955 1620 bono
1971 1556 2101 1622 eaodem
2122 1577 2241 1624 annom

238 1637 390 1720 quamvis
421 1638 510 1720 ipsos
539 1639 629 1721 prius
659 1637 868 1724 adoptaverit
896 1641 930 1705 in
967 1641 1063 1707 filios.
1118 1639 1147 1704 N
1152 1660 1213 1706 une
1264 1638 1531 1719 frostrariorum
1557 1639 1644 1723 regis
1674 1638 1949 1706 Nabrwbodnerer.
2002 1639 2145 1706 Videtur
2179 1642 2241 1709 boe

238 1733 389 1789 tenemus
428 1744 587 1790 summam
629 1727 798 1808 utriusque
839 1726 986 1792 membri.
1046 1725 1214 1807 Propheta
1267 1743 1414 1807 pugnare
1437 1744 1511 1788 oum
1534 1724 1608 1790 aliis
1631 1725 1725 1801 loeis,
1755 1725 1812 1790 ubi
1834 1745 1894 1808 pro
1921 1747 2007 1790 anno
2030 1736 2147 1809 quarto
2169 1728 2243 1794 Ioa-

238 1809 326 1874 enim
350 1808 491 1874 dolorem
510 1810 661 1876 exsulum
690 1809 795 1876 lenire
818 1812 922 1876 voluit
949 1832 1052 1894 quum
1082 1809 1213 1890 diaeret,
1265 1808 1334 1874 kim
1359 1808 1490 1892 ponitur
1512 1810 1644 1876 tertius:
1674 1810 1791 1876 deinde
1812 1831 1872 1893 pro
1895 1831 1982 1876 auno
2005 1814 2109 1895 primo
2132 1812 2241 1878 Nabu-

237 1895 372 1960 tandem
389 1895 514 1960 exitum
532 1897 602 1960 lore
622 1895 799 1975 meliorem,
821 1907 920 1979 atque
935 1897 980 1962 ita
997 1898 1212 1979 promitteret,
1266 1893 1448 1960 ebsdnener
1470 1895 1602 1978 ponitur
1624 1894 1758 1981 longum
1781 1905 1919 1978 tempus.
1953 1895 2020 1962 Sed
2042 1896 2160 1964 solutio
2175 1920 2241 1964 non

238 1978 347 2046 Deum
370 1981 568 2048 exorabilem
591 1981 677 2058 lore,
709 1993 879 2066 postquam
911 1983 985 2048 illos
1013 1981 1054 2046 ad
1086 1994 1213 2066 tempus
1266 1991 1316 2046 est
1339 1980 1489 2058 dillieilis,
1512 1981 1540 2046 si
1556 1981 1629 2063 quis
1644 1979 2241 2050 oonsideretNabuohadnezersubito

238 2067 440 2150 eastigasset.
486 2067 588 2148 Atqui
618 2067 679 2133 hoe
709 2089 773 2133 non
803 2067 966 2136 meditere
987 2067 1140 2133 solatium
1164 2077 1215 2134 est
1266 2087 1435 2132 reversum
1459 2067 1557 2133 luisse
1579 2067 1613 2131 in
1632 2067 1844 2146 Chaldaeam,
1867 2089 1968 2150 quum
1986 2089 2101 2134 rumor
2122 2068 2241 2134 allatus

238 2151 274 2216 in
296 2151 401 2230 malis,
424 2150 480 2217 ubi
501 2152 691 2218 eoniioimus
713 2152 823 2218 oeulos
853 2154 887 2218 in
910 2156 1019 2220 finem.
1065 2153 1150 2218 Nam
1172 2155 1212 2220 si·
1265 2162 1353 2220 esset
1374 2151 1415 2216 de
1437 2153 1540 2236 patris
1562 2165 1685 2238 morte,
1715 2160 1753 2220 ut
1774 2153 1936 2218 stabiliret
1957 2173 2011 2219 res
2033 2154 2240 2222 domestioas.

239 2236 307 2303 euti
337 2236 416 2303 dioit
444 2236 608 2320 apostolus
641 2239 691 2304 12.
713 2259 782 2321 eap.
812 2237 858 2323 (v.
883 2239 937 2325 11)
965 2239 1006 2304 ad
1033 2237 1213 2318 Hebraeos,
1266 2238 1418 2303 Timebat
1445 2238 1533 2304 enim
1562 2259 1603 2303 ne
1631 2238 1705 2321 quis
1733 2240 1895 2304 tumultus
1925 2239 1996 2322 ipso
2023 2238 2173 2319 absente,
2205 2249 2243 2306 ut

239 2320 315 2389 dnm
349 2323 470 2388 ferulas
503 2322 566 2388 Dei
599 2324 777 2403 sentimus,
811 2345 941 2409 semper
974 2324 1065 2390 dolor
1096 2326 1212 2403 obstat,
1266 2344 1362 2407 saepe
1392 2323 1474 2389 solet
1501 2324 1588 2398 lieri.
1619 2325 1813 2390 exoriretur.
1869 2323 1983 2389 Voluit
2011 2325 2113 2408 igitur
2144 2324 2241 2392 rebus

238 2408 411 2490 quominus
435 2408 528 2475 dulee
546 2411 589 2475 sit
607 2409 683 2491 pati.
721 2411 812 2494 Ergo
831 2411 1068 2493 inpraesentia
1085 2431 1214 2493 semper
1266 2409 1334 2476 suis
1356 2407 1536 2476 oonsulere.
1581 2409 1694 2476 Rebus
1715 2419 1826 2476 autem
1849 2409 2036 2494 oompoeitis
2058 2411 2187 2494 redegit
2207 2411 2242 2475 in

238 2493 407 2576 eastigatio
440 2493 544 2559 tristis
580 2504 613 2560 et
645 2494 763 2562 aoerba
795 2496 889 2562 nobis
929 2498 993 2562 orit
1025 2510 1059 2562 et
1093 2496 1211 2562 odiosa.
1265 2493 1413 2561 ordinem
1435 2495 1541 2576 ipsum
1564 2494 1709 2576 Ioakim,
1740 2503 1774 2560 et
1796 2506 1912 2578 quarto
1936 2517 2023 2562 anno
2052 2498 2145 2580 regni
2170 2496 2242 2562 eius

238 2577 378 2644 Nsoesse
408 2590 459 2646 eet
486 2580 601 2664 igitur,
631 2581 658 2646 si
689 2581 840 2648 volumus
868 2583 1030 2664 patienter
1059 2601 1119 2648 noa
1140 2581 1212 2648 Deo
1265 2580 1371 2665 ooegit
1394 2581 1526 2662 'aperire
1555 2580 1742 2648 thesauros:
1771 2580 1889 2648 deinde
1919 2580 2058 2647 abduxit
2083 2601 2243 2664 quoseun·

238 2664 408 2745 sublinere,
430 2666 592 2746 respioere
613 2665 655 2730 ad
676 2669 814 2733 exitum.
848 2667 933 2733 Nam
957 2667 1059 2733 donee
1076 2669 1213 2750 ineipiat
1265 2687 1329 2748 que
1350 2664 1464 2732 voluit.
1509 2666 1554 2730 Et
1576 2677 1654 2732 tuno
1683 2668 1753 2749 ipse
1775 2665 1895 2734 Daniel
1925 2687 1991 2733 nna
2019 2686 2094 2732 enm
2124 2665 2241 2733 sodali·

236 2759 387 2832 peeuater
409 2760 543 2834 gustare
564 2751 703 2834 gratiam
724 2750 787 2818 Dei
811 2760 842 2817 et
860 2753 1127 2830 miserirordiam,
1151 2755 1213 2822 lra-
1266 2755 1325 2818 bus
1348 2752 1417 2819 suis
1439 2757 1564 2818 treetus
1586 2751 1650 2818 luit
1675 2754 1709 2817 in
1738 2753 1906 2828 exsilium,
1935 2753 2033 2817 simul
2065 2773 2140 2818 eum
2171 2773 2242 2834 pre·

238 2845 306 2900 met
327 2844 361 2901 et
382 2836 648 2917 tumultuabitur,
670 2837 721 2902 vel
745 2838 808 2902 erit
829 2838 996 2922 stupidus:
1020 2847 1109 2906 eerte
1131 2861 1213 2907 nun·
1266 2837 1356 2902 tiosis
1388 2837 1476 2903 vasis
1510 2837 1633 2919 templi.
1686 2836 1856 2919 Quantum
1890 2839 2009 2902 attinet
2041 2837 2083 2904 ad
2116 2858 2240 2902 annum

237 2941 334 3004 quam
357 2922 477 2990 sentiet
497 2922 673 3006 quidquam
697 2921 814 2990 solatii.
858 2924 979 2992 Postea
1000 2946 1042 2991 ex
1064 2926 1211 3007 opposito
1265 2923 1406 3004 primum
1430 2923 1524 3006 regni
1546 2921 1834 3001 Nabuohadnener,
1864 2923 1958 3005 prius
1980 2934 2176 3006 regnaverat
2198 2925 2240 2988 si·

237 3006 380 3074 ostendit
401 3005 575 3091 propbeta,
603 3009 753 3091 quamvis
774 3008 867 3076 Deus
890 3010 984 3078 nobis
1012 3010 1052 3075 ad
1083 3020 1212 3093 tempus
1265 3008 1334 3073 mul
1357 3027 1428 3074 oum
1451 3015 1561 3090 patre,
1591 3020 1762 3091 postquam
1792 3007 1834 3072 ad
1863 3029 1898 3074 ee
1927 3009 2031 3074 traxit
2053 3016 2155 3074 totam
2179 3009 2240 3073 im·

237 3101 359 3175 pareat,
393 3113 459 3158 non
492 3099 604 3158 tamen
635 3093 708 3160 ideo
741 3114 870 3162 eaumm
914 3117 984 3162 esse
1022 3116 1081 3162 our
1117 3096 1211 3162 nobis
1265 3093 1347 3178 perii
1370 3112 1541 3172 summam,
1572 3096 1689 3160 merito
1712 3095 1845 3178 ponitur
1868 3095 1993 3176 primus
2015 3115 2123 3160 annus
2146 3114 2240 3160 exor-

237 3178 433 3261 plaeeamue,
456 3179 610 3262 quoniam
632 3179 766 3246 tandem
787 3181 940 3263 pensabit
959 3202 1083 3248 moram
1102 3183 1211 3266 gravi·
1265 3179 1357 3246 dium
1380 3179 1472 3262 quasi
1494 3179 1571 3244 novi
1595 3181 1699 3264 regni.
1744 3181 1889 3246 Tametsi
1912 3180 2014 3264 igitur
2043 3201 2101 3245 rex
2132 3181 2242 3246 fuerat

237 3273 306 3328 tate
328 3283 470 3347 poenae:
500 3270 534 3330 et
563 3284 627 3347 quo
657 3264 883 3350 indulgentius
905 3265 1074 3335 nobiseum
1098 3267 1210 3350 egerit,
1265 3271 1409 3346 oreatus,
1442 3273 1554 3330 tamen
1586 3265 1740 3348 quoniam
1775 3285 1841 3332 non
1874 3265 2060 3349 potiebatur
2092 3266 2240 3347 imperio,

237 3370 275 3416 eo
306 3351 440 3434 gravior
472 3359 506 3415 et
535 3351 640 3435 magis
670 3351 837 3419 horribilis
866 3353 928 3418 erit
956 3353 1027 3420 eius
1053 3352 1211 3431 vindieta,
1265 3353 1327 3418 nisi
1349 3357 1422 3435 post
1444 3349 1547 3432 patris
1570 3360 1724 3429 mortem,
1754 3361 1832 3418 tuno
1863 3351 1969 3433 eoepit
1990 3352 2101 3418 venari
2123 3372 2181 3418 rex
2203 3351 2240 3416 in

236 3435 292 3502 nbi
314 3435 435 3502 viderit
462 3455 522 3502 nos
550 3435 725 3506 tolerantia
751 3458 812 3508 sua
840 3437 958 3506 abusos
989 3459 1070 3508 esse.
1115 3439 1212 3508 Nune
1263 3437 1413 3504 solidum.
1447 3436 1538 3504 Haeo
1560 3438 1643 3503 ratio
1666 3447 1715 3504 est
1732 3457 1790 3504 our
1808 3439 1867 3504 fiat
1889 3436 2011 3502 mentio
2033 3436 2130 3519 primi
2150 3437 2239 3502 anni.

236 3523 390 3604 sequitur,
1263 3523 1334 3590 Iam
1358 3521 1542 3588 notandum
1564 3527 1615 3593 eet
1637 3523 1721 3606 qnod
1745 3521 1825 3590 dieit
1844 3521 2018 3606 propheta,
2047 3519 2110 3587 eibi
2131 3522 2240 3588 ἀοιιιιιι

1261 3609 1363 3692 fuisse
1393 3627 1580 3688 semmam,
1612 3607 1669 3674 sed
1702 3628 1769 3673 non
1803 3609 1958 3691 privatim
1990 3607 2093 3689 ipsius
2126 3624 2239 3676 eausa:

1264 3696 1342 3777 quin
1370 3693 1479 3777 potius
1508 3701 1545 3758 ut
1574 3702 1659 3760 esset
1693 3693 1842 3776 publious
1871 3693 1935 3758 Dei
1964 3712 2090 3776 praeeo.
2142 3691 2240 3760 Nune

1264 3779 1421 3866 sequitur,

399 3919 538 3990 CAPUT
564 3920 808 3992 VlGESlMUM
836 3923 1046 4005 QUINTUM·
1350 3951 1380 4016 2.
1407 3949 1502 4031 Οιιειιι
1522 3969 1691 4016 sermonem
1706 3949 1839 4032 motum
1854 3948 2008 4020 Ieremias
2018 3951 2176 4033 propbeta
2197 3950 2240 4019 od

666 4043 667 4048 ’
1264 4041 1359 4102 totum
1386 4034 1542 4118 populum
1575 4034 1734 4119 Istorioi,
1772 4041 1800 4102 et
1831 4036 1875 4104 od
1914 4056 2019 4104 omrtas
2051 4035 2239 4102 bottatores

325 4119 355 4183 1.
379 4118 438 4185 Ser
510 4122 566 4201 qut
585 4121 649 4203 fait
669 4122 712 4190 od
738 4121 922 4202 Iararaiam,
952 4122 995 4190 od
1023 4143 1141 4188 omnem
1158 4142 1213 4204 po
1265 4119 1484 4205 Ieroeolymoe,
1507 4121 1643 4202 desudo,

230 4204 347 4286 patrm
375 4141 513 4290 (redwit
544 4205 703 4289 aoeipitur
732 4209 830 4274 etiam
861 4208 916 4276 hio
945 4209 1074 4276 diverso
1102 4229 1211 4276 sensu.

237 4289 355 4357 Sermo
384 4291 472 4356 enim
502 4290 646 4358 direotus
674 4293 736 4361 luit
769 4293 810 4360 ud
839 4293 1028 4374 Ieremiam‚
1062 4301 1100 4360 ut
1126 4301 1213 4360 esset
1351 4291 1483 4358 Clarius
1502 4291 1563 4358 boo
1579 4313 1677 4357 versu
1693 4293 1895 4360 demonstrat
1914 4294 1999 4376 qnod
2021 4315 2129 4377 nuper
2147 4294 2241 4376 dixit,

236 4375 326 4445 illins
349 4378 441 4444 testis
463 4397 500 4444 ae
523 4396 656 4460 praeeo:
680 4378 795 4450 deinde
817 4379 858 4446 ad
881 4381 1052 4464 populum,
1082 4389 1120 4446 ut
1142 4389 1213 4446 tan·
1265 4398 1338 4444 nem
1364 4398 1381 4443 e
1404 4397 1469 4444 non
1485 4377 1586 4444 luisse
1609 4377 1769 4444 divinitus
1787 4377 1939 4446 edootum
1962 4388 1999 4444 ut
2021 4381 2240 4464 supprimeret

237 4461 312 4528 dem
336 4463 524 4544 perveniret
546 4484 587 4528 ex
610 4483 666 4528 ore
688 4463 846 4532 ieremias
869 4465 910 4535 ad
934 4486 1048 4538 omues
1070 4465 1212 4534 Iudaeus
1265 4399 1362 4547 quod
1373 4461 1531 4541 audierat,
1554 4461 1610 4529 esd
1634 4472 1671 4528 ut
1692 4465 1915 4548 promulgaret
1937 4474 2092 4550 tunquam
2116 4489 2159 4532 ox
2184 4487 2240 4536 ore

236 4547 323 4630 quod
353 4549 411 4614 uni
438 4548 560 4614 dietum
590 4548 712 4634 luerat)
746 4571 830 4618 ortae
854 4557 966 4633 quarto
996 4552 1121 4618 Ioolcim
1148 4552 1213 4633 atti
1266 4550 1348 4616 Dei:
1375 4557 1410 4616 et
1430 4547 1502 4614 ideo
1524 4569 1560 4614 se
1581 4556 1677 4613 ornat
1700 4548 1805 4635 elogio
1828 4549 2013 4634 prophetae,
2036 4553 2131 4634 qnasi
2154 4551 2240 4618 dine·

237 4631 344 4700 Iosioe
363 4633 449 4715 regie
471 4632 629 4700 Istorioi:
660 4634 710 4701 tie
739 4642 784 4702 est
810 4655 914 4704 annas
927 4638 1057 4722 primos
1103 4637 1212 4704 Noba-
1265 4645 1316 4702 ret
1344 4656 1380 4702 se
1408 4635 1521 4702 venire
1551 4634 1751 4702 instruetnm
1789 4636 1888 4702 oertis
1916 4635 1980 4702 Dei
2012 4637 2177 4704 mandatis
2207 4641 2242 4704 et

236 4718 407 4786 obodneeer
428 4721 513 4804 repis
535 4718 646 4786 Bobal.
1265 4722 1363 4788 simul
1396 4731 1549 4787 ornatum
1584 4739 1654 4785 esse
1686 4740 1823 4788 munere
1854 4722 2060 4805 prophetiae,
2094 4743 2135 4786 ne
2168 4723 2242 4806 quis

1253 4826 1419 4890 ,spernere
1452 4803 1569 4870 audeat
1608 4807 1678 4873 siue
1711 4807 1903 4874 doctrinam.
1958 4809 2054 4874 Nune
2092 4809 2240 4892 sequitur

322 4887 398 4953 Non
431 4887 567 4955 dubium
601 4895 651 4956 est
677 4889 755 4972 quin
789 4889 850 4957 hoe
880 4893 1068 4958 vatieininm
1097 4893 1212 4961 ordine
1263 4893 1335 4978 ipsa
1356 4891 1476 4960 aeneio.
1834 4928 1836 4932 ·

237 4973 409 5056 praeeedat
431 4975 601 5056 visionem,
624 4995 721 5058 quam
746 4997 850 5060 nuper
874 4980 1100 5062 exposuimus,
1129 5001 1212 5062 quae

236 5059 367 5141 quidem
390 5060 498 5127 oblata
523 5062 588 5128 fuit
607 5062 784 5141 Ieremias,
815 5083 917 5145 quum
947 5073 1096 5131 mortuus
1125 5076 1213 5132 esset
1351 5063 1381 5129 3.
1404 5063 1437 5130 A
1459 5062 1547 5129 tertio
1565 5062 1680 5130 detineo
1697 5084 1778 5131 anno
1797 5065 1904 5131 Ioaioe
1919 5063 1984 5146 filii
2001 5063 2141 5130 Ammon
2157 5067 2241 5151 regie

234 5144 291 5211 hie
317 5144 509 5226 Iehoalxim,
540 5155 573 5212 et
599 5157 755 5232 regnaret
783 5148 937 5217 Zedeoias
973 5149 1044 5216 loeo
1072 5151 1210 5229 Ionium,
1264 5148 1410 5216 Ietotet
1432 5149 1474 5216 ad
1497 5149 1578 5217 burte
1594 5149 1686 5230 diem,
1709 5149 1759 5216 bio
1776 5151 1886 5217 tertiam
1906 5156 1936 5215 at
1952 5151 2117 5218 vicesimus
2136 5171 2241 5220 araas

235 5230 291 5312 qui
321 5230 383 5295 luit
409 5251 469 5296 rex
497 5232 634 5299 ultimus
663 5234 859 5318 subrogatus
888 5234 923 5300 in
952 5234 1059 5300 laeum
1082 5236 1210 5308 Ioakim
1263 5240 1317 5314 est,
1340 5235 1485 5318 laquotm
1505 5243 1550 5302 eet
1571 5234 1713 5303 retonat
1740 5235 1783 5300 od
1801 5256 1859 5320 me,
1890 5241 1917 5302 et
1938 5236 2084 5320 loquutus
2105 5258 2177 5306 sum
2198 5239 2241 5306 od

236 5317 374 5398 nepotis.
402 5315 499 5383 Nune
521 5327 629 5383 autem
645 5318 788 5385 retertur
809 5318 1013 5399 vatioinium,
1036 5321 1121 5404 quod
1144 5323 1211 5390 ins·
1262 5342 1326 5401 vos,
1348 5341 1479 5406 surgens
1500 5342 1592 5390 marte
1613 5321 1758 5404 boeotos
1779 5341 1860 5401 sum,
1883 5327 1911 5388 et
1931 5342 1993 5389 noa
2013 5324 2159 5392 audetis.

1982 5423 2034 5479 30*
