5158 6124
210 466 271 531 477
909 462 956 527 IN
979 461 1228 526 nsanmlsnt.
1274 459 1373 526 OAP.
1397 457 1510 524 XXV.
2145 465 2213 531 478

210 653 310 740 pheta
339 672 441 736 quum
471 651 564 730 dioit,
599 649 639 718 Ul
666 671 715 718 ute
736 651 919 716 induretis.
965 649 1071 732 Saepe
1101 652 1188 714 enim
1243 648 1413 726 dederunt,
1437 648 1487 714 vel
1511 651 1565 732 qni
1588 649 1724 716 militiae
1747 664 1824 717 sunt
1846 653 2013 735 adscripti.
2054 652 2106 718 Ita
2127 653 2217 720 Deus

210 741 379 824 eontinget
410 739 561 804 homines
583 757 693 802 errore
716 737 792 813 labi,
822 756 929 818 neque
957 735 1126 801 attendere
1148 733 1190 798 ad
1243 733 1295 800 his
1317 736 1425 801 verbis
1447 735 1621 820 signifieat,
1644 737 1706 801 sub
1729 757 1830 802 manu
1853 757 1912 802 sua
1934 757 2006 804 osse
2024 738 2216 822 Chaldaeos,

211 847 281 893 rem
298 826 414 908 ipsam,
433 826 512 907 quia
529 841 626 888 nemo
644 823 719 888 illos
737 822 900 888 admonet.
931 821 1068 898 Verum,
1086 839 1189 903 quum
1241 820 1289 886 ite
1312 834 1349 885 ut
1366 831 1496 905 praesto
1519 821 1620 886 lutari
1642 823 1717 900 sint,
1741 822 1838 888 simul
1861 834 1959 906 atque
1981 826 2114 908 signum
2137 825 2217 908 ipsis

210 913 308 979 toties
330 911 483 976 hortatus
505 918 592 975 esset
608 907 701 974 Deus
719 907 861 974 Iudaeos
882 908 923 972 ad
942 907 1189 990 poenitentiam,
1242 905 1375 986 dederit,
1404 905 1678 988 quemadmodum
1701 907 1776 973 alibi
1799 921 1939 993 usurpat
1960 909 2041 975 alios
2064 909 2217 993 loquendi

210 1019 277 1064 non
300 997 407 1080 potuit
435 995 525 1060 aliud
548 993 703 1060 iudioium
727 992 869 1076 deipsis
891 993 980 1058 fieri:
1010 993 1074 1058 nisi
1103 991 1188 1075 quod
1241 991 1363 1070 modos,
1386 992 1442 1059 sed
1466 992 1578 1058 eodem
1601 1013 1717 1059 sensu:
1748 993 1909 1060 Sibilabo:
1940 995 2066 1073 deinde,
2090 995 2216 1063 Canem

210 1093 365 1166 tanquam
389 1082 551 1148 destinato
570 1079 724 1146 volebant
746 1100 812 1144 non
831 1088 960 1143 tantum
972 1076 1082 1180 Deum
1101 1096 1190 1159 sper·
1241 1077 1422 1177 elassioum.
1468 1077 1642 1161 Soriptura
1673 1080 1794 1144 referta
1826 1091 1876 1146 est
1908 1081 2068 1146 eiusmodi
2102 1082 2216 1165 loquu-

210 1168 582 1335 lttlttttlttl:
601 1164 997 1334 tttttttttd‘lt
1014 1162 1190 1346 illidi
1241 1164 2217 1336 lttlllaltettlttfltltttltssttttttl

211 1350 280 1406 tato
295 1338 372 1423 Dei,
394 1339 460 1404 nisi
482 1347 605 1422 pareat,
628 1357 694 1403 non
716 1344 827 1419 potest
847 1356 867 1401 a
888 1355 925 1401 se
947 1335 1106 1418 repellere
1128 1353 1189 1399 err·
1241 1336 1309 1398 uti:
1343 1355 1408 1400 non
1438 1334 1525 1418 quod
1558 1336 1638 1419 ipsis
1666 1338 1869 1419 propositum
1901 1338 1945 1402 sit
1974 1339 2044 1403 Deo
2074 1339 2214 1405 serviro:

210 1443 286 1492 meu
311 1425 518 1490 voluntariae
540 1421 782 1500 obstinationis,
804 1419 891 1504 quod
914 1420 1038 1488 soilioot
1060 1421 1094 1483 in
1119 1419 1188 1484 ani·
1241 1420 1298 1485 sod
1321 1421 1474 1503 quoniam
1505 1440 1624 1487 aroano
1654 1422 1812 1488 instinotu
1835 1424 1883 1488 ita
1905 1444 1959 1488 eos
1981 1423 2153 1508 gubernat,
2183 1435 2216 1490 et

210 1531 303 1577 mum
326 1509 497 1575 induxerit
518 1529 594 1575 oum
617 1507 690 1574 Deo
713 1505 834 1572 bellum
863 1525 987 1591 gerere.
1032 1505 1106 1570 Hoo
1128 1504 1189 1570 etsi
1241 1505 1371 1588 linguae
1401 1509 1555 1591 ipsorum,
1585 1517 1618 1572 ot
1646 1519 1784 1592 mentes,
1813 1519 1845 1572 et
1867 1510 2002 1587 animos,
2032 1522 2065 1575 et
2087 1530 2214 1590 manus,

210 1596 303 1679 impii
335 1615 400 1660 non
431 1596 586 1672 latentur,
616 1613 670 1660 res
698 1600 809 1658 tamen
838 1591 997 1657 ostendit:
1031 1602 1065 1657 et
1086 1589 1188 1670 Deus,
1241 1601 1273 1656 et
1291 1593 1402 1673 pedes,
1425 1602 1460 1656 nt
1478 1601 1638 1676 ungamur
1659 1593 1766 1659 velint
1787 1593 1894 1660 nolint
1915 1614 1950 1659 se
1968 1595 2057 1662 illius
2078 1597 2215 1662 arbitrio

210 1683 267 1766 qui
287 1681 425 1747 idoneus
441 1689 492 1748 ost
508 1679 609 1746 iudex
626 1677 855 1763 pronuntiavit
873 1697 937 1759 quo
955 1678 1027 1742 louo
1045 1675 1187 1742 habendi
1240 1685 1273 1743 et
1295 1677 1456 1744 voluntati
1480 1678 1638 1744 addioere.
1682 1679 1729 1746 a:
1750 1679 1863 1746 eadem
1887 1681 2014 1746 ratione
2036 1693 2131 1746 uooet
2151 1702 2215 1748 aar·

212 1768 279 1833 sint
312 1768 367 1849 qui
401 1765 581 1833 doetrinam
616 1763 839 1850 prophetioam
873 1772 1043 1845 spernunt.
1096 1760 1189 1826 Dioit
1238 1782 1312 1828 uam
1332 1783 1427 1829 suum
1450 1763 1726 1830 Nabataeaque.
1770 1765 1885 1847 Neque
1907 1767 1993 1830 euim
2017 1766 2123 1832 voluit
2142 1787 2215 1834 orn·

211 1860 331 1930 autem
366 1854 402 1918 ia
421 1851 541 1918 ιιιαῑιιιιι
569 1849 663 1934 neto,
696 1860 735 1914 ut
755 1849 862 1918 seiont
883 1849 992 1915 Deum
1022 1867 1089 1912 non
1118 1854 1186 1912 tam
1240 1847 1321 1915 dolis
1342 1848 1398 1914 ille
1421 1861 1580 1930 tyrannus
1601 1850 1673 1915 Deo
1695 1871 1790 1916 suum
1813 1851 1959 1917 oliloium
1987 1852 2121 1918 offerro:
2156 1853 2214 1918 sed

210 1959 310 2023 agere
331 1959 463 2004 oensem
481 1957 585 2015 suam,
608 1956 647 2002 ao
664 1935 692 2000 ei
710 1934 841 2000 illorum
860 1934 1015 2017 obsequio
1032 1932 1187 2017 indigeat,
1239 1933 1332 2000 Deus
1354 1955 1434 2001 usus
1452 1945 1502 2001 est
1519 1935 1607 2001 illius
1625 1956 1733 2020 opera,
1755 1937 1965 2002 resiluisset
1983 1940 2213 2006 meroenarius.

211 2045 309 2109 quam
332 2045 449 2090 ourare
471 2025 617 2107 ipsorum
639 2021 788 2088 saluum.
834 2017 955 2088 Subest
976 2021 1064 2085 enim
1087 2019 1188 2085 taeita
1240 2021 1284 2086 lit
1306 2019 1383 2087 alibi
1412 2021 1511 2086 etiam
1540 2021 1722 2088 videbimus
1755 2022 1897 2088 eundem
1930 2025 2037 2089 vorari
2070 2044 2213 2090 servum.

209 2111 400 2189 antithesis,
438 2110 531 2192 quasi
564 2106 703 2174 dixisset
739 2106 915 2190 propheta,
952 2104 1041 2187 Quid
1075 2103 1188 2168 damni
1240 2107 1286 2171 Et
1308 2107 1369 2172 hoo
1390 2107 1569 2172 notandum
1592 2118 1652 2188 ost,
1681 2107 1758 2191 quia
1781 2108 1860 2174 hino
1881 2109 2065 2192 oolligimue
2093 2109 2213 2175 multoe

209 2217 328 2282 passus
361 2207 413 2261 est
442 2196 535 2261 Deus
569 2192 631 2259 hao
664 2203 773 2259 vestre
805 2190 1033 2259 eontumaeial
1069 2189 1187 2256 Oonati
1240 2213 1311 2257 esee
1330 2192 1392 2257 Dei
1411 2211 1532 2270 servos,
1554 2195 1610 2276 qui
1628 2203 1736 2258 tamen
1756 2194 1883 2278 indigni
1901 2207 1979 2260 sunt
2000 2203 2066 2259 tam
2086 2194 2215 2260 honori·

209 2283 340 2365 quidem
363 2281 442 2347 estis
464 2279 511 2345 illi
529 2277 707 2344 detrahere
728 2298 821 2344 suam
844 2277 999 2362 gloriam:
1035 2296 1110 2342 nam
1134 2295 1186 2340 or·
1239 2280 1300 2344 lieo
1333 2277 1453 2363 elogio:
1488 2277 1544 2344 sed
1578 2300 1642 2344 non
1677 2289 1838 2346 vorantur
1870 2281 2017 2364 ipsorum
2052 2292 2213 2364 respeetu.

208 2363 805 2449 nastieeiusepoliisvestraidola:
830 2362 975 2429 sednon
999 2362 1186 2428 estinho·
1239 2363 1521 2429 Nabuohadneaer
1563 2365 1691 2447 putavit
1734 2387 1770 2430 se
1814 2366 1934 2431 bollum
1977 2367 2100 2432 inferre
2143 2364 2215 2432 Deo

209 2455 337 2518 minum
359 2451 494 2518 arbitrio
517 2449 641 2533 aliquid
660 2451 808 2515 minuero
826 2469 868 2514 ax
886 2449 957 2514 iure
972 2446 1051 2513 Dei:
1074 2456 1188 2512 manet
1238 2448 1372 2515 Israelis
1406 2470 1507 2534 quum
1537 2451 1660 2515 invasit
1688 2450 1862 2516 Iudaeam:
1896 2463 1928 2516 et
1960 2473 2051 2517 mera
2079 2452 2215 2518 ambitio

209 2559 338 2624 semper
360 2539 498 2620 integer.
544 2535 653 2602 Gessit
682 2536 784 2619 igitur
813 2533 875 2600 hoo
905 2541 1010 2599 totum
1038 2533 1130 2600 vobis
1151 2533 1185 2596 in
1239 2544 1277 2601 et.
1295 2536 1435 2601 avaritia
1457 2547 1489 2600 et
1511 2536 1685 2601 erudelitas
1714 2538 1822 2620 ipsum
1846 2537 1977 2620 impulit
1998 2547 2037 2603 ut
2057 2543 2108 2603 tot
2130 2536 2216 2603 balla

208 2625 396 2708 pernitiem,
419 2644 521 2706 quum
544 2623 652 2689 fuistis
674 2620 823 2687 rebelles.
862 2621 952 2704 Iirgo
975 2640 1077 2703 quum
1091 2617 1186 2696 Deus
1238 2623 1427 2704 suseiperet.
1479 2621 1570 2706 Ergo
1598 2624 1626 2687 si
1654 2623 1898 2690 consideramus
1930 2624 2037 2707 ipsum
2071 2633 2105 2688 et
2137 2641 2214 2688 ouu-

208 2730 296 2776 nuno
315 2730 374 2775 voa
395 2708 552 2793 eoarguit,
577 2728 643 2773 non
662 2708 870 2792 prosequitur
891 2707 943 2771 ins
963 2726 1069 2782 snum,
1093 2705 1186 2787 qnasi
1238 2705 1349 2773 silium
1372 2707 1452 2786 eius,
1482 2718 1515 2772 ot
1538 2729 1651 2772 omnes
1673 2721 1812 2774 oonatus
1834 2715 1867 2774 et
1889 2709 2007 2793 studia,
2036 2729 2104 2774 non
2127 2709 2214 2776 dioe-

209 2795 333 2879 aliquid
362 2795 523 2862 eommodi
546 2793 599 2861 vel
621 2793 732 2858 damni
754 2812 775 2856 a
798 2792 890 2858 vobis
919 2793 1095 2875 pereipiat:
1128 2789 1186 2856 sed
1238 2812 1314 2858 mus
1341 2813 1412 2858 esse
1441 2813 1574 2858 servum
1603 2793 1685 2858 Dei:
1718 2793 1777 2859 sed
1806 2794 1867 2858 hoo
1895 2794 1937 2860 ad
1965 2797 2073 2860 Deum
2106 2794 2214 2860 solum

209 2881 271 2948 hoo
299 2883 430 2966 signum
459 2891 511 2948 est
540 2878 797 2961 miserioordiae,
827 2877 914 2960 quod
944 2899 1008 2942 non
1032 2877 1185 2943 vultune
1237 2879 1391 2959 refertur,
1425 2879 1482 2960 qui
1511 2879 1634 2945 soiliost
1667 2891 1734 2944 tam
1769 2879 1935 2944 diabolum
1970 2899 2067 2962 quam
2100 2900 2214 2946 omnes

208 2967 327 3051 perire,
357 2965 490 3033 mmetsi
512 2965 605 3032 ridet
632 2965 705 3048 rapi
732 2984 851 3030 vesano
880 2965 1006 3047 impetu
1039 2961 1081 3028 ad
1110 2982 1184 3045 per·
1238 2964 1355 3047 impios
1384 2963 1547 3048 gubernat
1575 2965 1722 3048 potentia
1749 2985 1809 3030 sua
1835 2984 1954 3030 aroana
1973 2975 2008 3030 et
2029 2966 2214 3048 inoompre·

207 3052 338 3120 nioiem.
382 3052 505 3119 Postea
525 3051 683 3135 sequitur,
1237 3049 1400 3127 hausibili‚
1421 3059 1459 3114 ut
1473 3049 1571 3115 inviti
1589 3051 1687 3116 etiam
1707 3059 1932 3133 exsequantur
1949 3049 2108 3134 quidquid
2125 3050 2214 3134 apud

1237 3157 1272 3202 se
1294 3136 1419 3202 statuit.
1463 3135 1625 3220 Magnum
1647 3157 1726 3220 ergo
1747 3138 1836 3202 inter
1857 3136 1931 3201 illos
1958 3136 2132 3202 disorimen
2163 3142 2215 3202 est

294 3225 324 3290 8.
358 3222 535 3306 Propterea
562 3223 608 3288 eie
635 3221 711 3288 atat
733 3221 870 3288 zelant
897 3221 1103 3302 ιωινοιέιιιιιιι,
1133 3217 1184 3284 Eo
1237 3229 1271 3288 et
1292 3223 1380 3288 inter
1402 3242 1515 3287 servos
1538 3221 1611 3306 Dei,
1640 3224 1759 3305 quibus
1788 3221 1842 3288 ubi
1868 3221 1992 3306 aliquid
2021 3221 2213 3287 mandatum

207 3312 288 3392 quod
314 3329 376 3376 aaa
398 3308 536 3375 audiatis
565 3307 608 3374 ad
631 3325 786 3374 semones
813 3327 896 3375 awos
925 3307 1001 3393 (hoo
1023 3313 1087 3384 est,
1118 3325 1183 3371 non
1236 3317 1302 3387 est,
1335 3307 1473 3392 eupiunt
1504 3307 1722 3374 obedientiam
1756 3315 1922 3390 praestare
1951 3327 2048 3392 quam
2078 3308 2214 3374 dehent:

208 3397 327 3463 munti
351 3395 460 3461 fuistis
482 3395 523 3460 ad
546 3413 715 3460 sermones
736 3393 857 3479 moos):
1237 3392 1319 3459 tales
1340 3403 1419 3460 eunt
1440 3413 1553 3460 omnes
1575 3393 1696 3461 fideles.
1740 3394 1832 3478 Ergo
1854 3404 2014 3460 vooentur
2040 3397 2126 3459 servi
2148 3393 2214 3458 Dei

293 3482 324 3547 9.
354 3479 436 3546 Eoos
456 3481 660 3564 epomidem,
683 3483 713 3544 et
732 3480 887 3562 oooipiam
916 3478 982 3565 (vel
1005 3476 1184 3563 maumam)
1236 3480 1364 3558 merito,
1389 3480 1542 3563 quoniam
1564 3489 1700 3548 mutuus
1722 3493 1771 3545 eet
1794 3499 1973 3546 eonsensus
1994 3479 2083 3544 inter
2103 3479 2214 3544 Deum

207 3586 311 3633 maes
337 3565 533 3650 annues
563 3564 629 3649 (vel
650 3563 806 3650 familias)
836 3565 1005 3647 aquileae,
1033 3563 1111 3630 dieii
1133 3560 1184 3627 Ie·
1236 3571 1270 3630 et
1291 3567 1398 3648 ipsos:
1432 3565 1523 3631 Deus
1551 3567 1720 3650 praeripit,
1755 3565 1872 3630 deinde
1894 3565 1958 3648 ipsi
1980 3565 2213 3647 obsequuntur.

206 3651 324 3736 aaa,
358 3657 387 3717 et
419 3651 687 3718 Nabuchodaeeer
717 3670 819 3734 repom
851 3649 1028 3734 Babylonis
1059 3669 1185 3714 seruum
1236 3649 1304 3717 Sed
1323 3653 1403 3717 haee
1420 3651 1513 3733 quasi
1531 3651 1648 3716 mutila
1665 3661 1699 3716 et
1716 3650 1852 3717 dimidia
1868 3661 1919 3717 est
1937 3650 2088 3726 servitus,
2111 3669 2213 3732 quum

206 3759 318 3820 mats»,
350 3738 547 3804 etiaduoom
569 3756 620 3802 eoa
639 3737 677 3800 ιἰι
697 3741 813 3802 mom
838 3735 928 3814 haar,
959 3740 988 3799 et
1007 3736 1044 3800 tn
1065 3734 1184 3800 hadim-
1236 3737 1361 3802 soilioet
1388 3737 1480 3819 impii
1510 3736 1690 3801 trahuntur
1717 3747 1848 3821 praeter
1869 3737 1969 3802 animi
1992 3737 2043 3800 sui
2066 3735 2212 3818 proposi·

207 3831 291 3890 tores
319 3825 403 3907 abu,
432 3829 460 3890 et
487 3825 521 3888 ιἰι
550 3841 653 3888 oetam
678 3827 782 3906 pates
809 3823 889 3888 letos
916 3822 953 3886 in
979 3821 1126 3904 olrouila,
1158 3825 1185 3885 et
1237 3832 1318 3898 tum,
1352 3831 1386 3888 et
1408 3823 1499 3888 Deus
1527 3831 1683 3905 tanquam
1714 3822 1941 3888 instrumentis
1963 3824 2077 3899 utitur,
2094 3824 2212 3903 squam

204 3911 338 3996 perdam
360 3930 431 3978 eae:
452 3914 616 3993 etpoaom
636 3926 691 3973 aas
712 3907 748 3973 ia
769 3913 935 3988 tropaea,
958 3906 1138 3988 aradum,
1157 3911 1186 3970 et
1236 3907 1324 3972 aliud
1347 3909 1491 3992 rogitent
1515 3917 1548 3973 et
1570 3909 1735 3974 studeant.
1780 3909 1912 3972 Interea
1941 3905 2121 3972 notandum
2151 3915 2212 3988 est,

206 3997 243 4062 ia
263 3997 425 4062 radimus
447 3996 566 4062 amasii
588 3993 634 4079 (id
656 4002 715 4073 ost,
738 3994 938 4078 perpetuas).
1237 3994 1370 4058 honoris
1392 4013 1492 4060 eausa
1513 3994 1692 4078 impropria
1713 3991 1854 4059 adsoribi
1876 4013 1996 4058 nomen
2018 3992 2081 4058 hoo
2102 3992 2213 4057 Nabu-

1236 4079 1427 4157 ohadneaer‚
1450 4087 1488 4144 ut
1508 4079 1676 4162 pudefient
1693 4080 1815 4144 Iudaei.
1847 4079 1930 4143 Fuit
1952 4079 2040 4144 enim
2062 4078 2129 4143 illie
2149 4077 2213 4144 hoo

293 4166 359 4233 Hio
382 4166 530 4249 sequitur
552 4185 678 4248 poenae
701 4165 916 4230 denuntiatio.
962 4162 1053 4230 Dioit
1082 4161 1185 4245 igitur
1237 4164 1333 4230 valde
1355 4165 1636 4242 eoutumeliosum‚
1666 4164 1752 4248 quod
1783 4167 1939 4248 profanus
1969 4163 2067 4229 homo
2089 4162 2212 4230 eleetos

207 4251 368 4336 propheta
400 4252 467 4316 iam
503 4271 570 4315 non
604 4263 753 4318 aetorum
792 4271 863 4317 esse
900 4247 1042 4334 amplius
1074 4248 1183 4314 Deum
1236 4251 1349 4315 aDeo
1371 4252 1447 4329 luit,
1482 4261 1515 4316 at
1537 4251 1624 4334 quod
1651 4249 1794 4316 obtinuit
1822 4271 1942 4316 nomen
1972 4250 2077 4334 servi,
2110 4268 2212 4331 quum

207 4337 328 4415 verbis,
351 4337 428 4420 quia
445 4338 606 4401 maturuit
628 4357 740 4402 eorum
759 4337 925 4419 iniqnitas,
949 4335 1046 4402 sieuti
1064 4332 1184 4399 dieitur
1235 4337 1299 4419 ipsi
1333 4336 1432 4402 alieni
1465 4347 1585 4402 essent.
1628 4337 1703 4401 Non
1737 4336 1872 4402 dubium
1905 4335 2007 4419 igitur
2038 4347 2097 4414 est,
2131 4334 2213 4417 quin

207 4422 352 4490 Genesis
380 4433 473 4488 sexto
502 4420 547 4505 (r.
570 4421 622 4508 3),
655 4423 730 4488 Non
753 4423 895 4508 litigabit
922 4422 1057 4506 spiritus
1080 4441 1183 4499 mous,
1236 4422 1397 4507 propheta
1432 4423 1573 4487 voluerit
1605 4421 1764 4503 pudorem
1798 4423 1879 4504 ipsis
1911 4423 2076 4502 iuoutore,
2109 4440 2212 4503 quum

206 4508 262 4577 vol
284 4529 349 4575 non
372 4507 566 4592 disoeptabit
587 4509 730 4591 amplius
751 4529 824 4574 oum
849 4509 998 4574 homine:
1021 4507 1075 4573 ubi
1092 4507 1184 4571 Deus
1236 4509 1357 4574 extulit
1376 4509 1410 4573 in
1435 4510 1526 4574 huno
1553 4507 1691 4593 gradum
1723 4507 1856 4573 honoris
1885 4527 1997 4591 rogem
2020 4506 2212 4591 Babylonis.

207 4615 280 4663 sese
303 4595 446 4680 aoeingit
467 4593 509 4659 ad
532 4595 726 4660 sumendam
748 4594 927 4660 vindiotam
950 4593 990 4658 de
1013 4593 1184 4658 hominum
1237 4593 1365 4660 Deinde
1397 4595 1462 4660 alia
1495 4595 1593 4660 etiam
1627 4594 1690 4658 luit
1719 4594 1813 4672 ratio,
1847 4613 1965 4676 nempe
1993 4602 2029 4658 ut
2055 4589 2213 4675 quidquid

207 4679 396 4762 seeleribus,
419 4681 498 4748 dioit
518 4679 584 4745 iam
602 4699 669 4744 non
688 4700 759 4746 sese
777 4687 905 4762 tempus
928 4678 1182 4762 disreptationis.
1236 4681 1366 4763 passuri
1388 4690 1497 4746 essent
1518 4678 1642 4757 ludaei,
1665 4680 1788 4746 seirent
1809 4679 1870 4745 sibi
1893 4677 1999 4764 infligi
2014 4677 2078 4742 Dei
2102 4697 2213 4756 manu,

206 4767 298 4850 Ilrgo
321 4766 375 4832 hio
397 4774 532 4832 notatur
553 4774 682 4831 matura
703 4766 898 4848 exsequutio
926 4766 1053 4832 iudioii:
1085 4763 1183 4828 simul
1236 4787 1297 4832 neo
1319 4767 1414 4832 aliter
1442 4765 1603 4831 sentirent
1631 4765 1672 4830 de
1693 4764 1983 4845 Nsbuohadnoaer,
2013 4783 2110 4846 quam
2140 4781 2213 4828 esse

208 4873 288 4919 vero
309 4871 449 4935 poenam
473 4849 637 4936 designat,
671 4861 840 4934 postquam
872 4854 1022 4934 exposuit
1053 4869 1183 4915 oausam
1236 4849 1300 4916 Dei
1330 4853 1511 4936 flagellum.
1544 4861 1585 4916 ut
1613 4851 1661 4916 ite
1689 4861 1905 4936 agnosoerent
1933 4868 1993 4915 sue
2020 4857 2152 4931 pennata
2181 4855 2214 4913 et

207 4945 322 5003 mutae
355 4937 552 5013 retentatis,
585 4957 704 5020 nempe
736 4936 818 5018 qaod
846 4957 906 5002 ιιοιι
936 4937 1095 5003 audirent
1122 4954 1185 5000 ser-
1236 4937 1497 5004 humiliarontnr.
1542 4937 1640 5003 Nune
1668 4958 1745 5022 ergo
1768 4946 1919 5002 tenemus
1941 4953 2074 5001 sensum
2098 4934 2213 5000 verbo·

207 5043 315 5091 moues
345 5023 427 5091 Da.-
459 5022 564 5101 addit,
598 5021 680 5092 aare
712 5042 765 5106 opo
795 5024 931 5105 mdtam,
962 5027 992 5087 et
1022 5039 1185 5087 ιιιειιιιιαιιι
1235 5042 1321 5088 rnna
1366 5023 1457 5090 Dioit
1477 5033 1600 5104 postea,
1630 5023 1785 5089 Iudaeam
1807 5042 1858 5088 eos
1879 5023 1915 5086 ιἰι
1937 5025 2054 5086 terrem
2074 5019 2214 5103 harad

209 5127 316 5176 amaea
337 5110 537 5194 combures
559 5109 730 5191 minae.
770 5107 856 5173 Mihi
877 5127 945 5173 non
968 5107 1102 5173 dubium
1125 5117 1185 5184 est,
1236 5127 1332 5190 suaper
1351 5108 1540 5175 reamare
1560 5109 1643 5174 eius:
1665 5111 1782 5192 quibus
1802 5107 1911 5175 verbis
1933 5107 2107 5172 oonfirmat
2126 5103 2213 5187 quod

208 5195 291 5278 quin
313 5193 441 5260 alludat
466 5193 627 5279 propheta
648 5193 690 5260 ad
712 5193 818 5260 ediota
840 5215 965 5279 regum.
1009 5193 1075 5260 Ubi
1097 5192 1185 5257 enim
1236 5214 1344 5278 nuper
1371 5195 1483 5278 attigi,
1513 5215 1633 5277 nempe
1660 5195 1870 5278 inpromptu
1899 5212 1971 5258 esse
1992 5190 2065 5256 Deo
2087 5190 2214 5258 vindie-

207 5280 329 5348 volunt
344 5281 504 5347 oonfioere
522 5279 665 5363 aliquem
684 5281 875 5363 exereitum,
897 5279 1111 5364 promulgant
1128 5297 1186 5342 sua
1238 5287 1314 5359 tam,
1333 5279 1430 5346 simul
1453 5300 1491 5347 ao
1511 5280 1654 5346 voluerit
1675 5279 1817 5346 ludaeos
1839 5297 1898 5362 pro
1921 5278 2039 5343 merito
2061 5287 2212 5342 traotare.

209 5366 332 5446 adleta,
364 5366 481 5433 iubent
513 5365 661 5448 undique
693 5368 870 5434 convenire
898 5366 954 5448 qni
981 5364 1038 5431 vel
1066 5383 1186 5430 nomen
1237 5363 1522 5446 Quemadmodum
1546 5386 1625 5450 orgo
1645 5365 1731 5432 dixit
1748 5362 2029 5432 Nabnohadneaer
2050 5371 2085 5430 et
2100 5379 2214 5428 omnes
