5038 6118
389 447 428 513 91
1186 442 1571 512 ΡΒΑΕΙιΙιΟΤῙΟΝιιΒ
1825 473 1827 478 ⁴
2332 445 2372 510 92

388 655 488 718 penes
509 651 612 699 unum
637 633 752 699 Deum.
786 631 870 697 Nam
894 632 979 715 quod
1002 632 1150 698 homines
1173 632 1271 716 vulgo
1292 632 1357 696 lor·
1408 633 1570 708 ostendit„
1598 632 1737 702 Iudaeos
1770 657 1807 700 eo
1837 635 1994 702 scelerum
2028 636 2196 720 prolapsos
2226 653 2311 712 ιιιι,
2340 641 2373 696 ιιι

389 734 502 786 tunam
524 718 706 802 appellant,
737 718 820 783 nihil
842 717 930 782 aliud
953 727 1003 782 ιιι
1025 739 1121 802 quam
1151 717 1356 801 providentia
1410 718 1498 783 Dens
1531 740 1597 784 non
1625 719 1742 786 debeat
1769 720 1834 787 illis
1863 722 2030 805 ignoscere
2056 722 2092 787 in
2121 729 2244 786 totum:
2273 737 2373 802 nequo

388 805 461 870 Dei.
505 803 616 884 Quum
644 803 744 887 igitur
768 804 857 870 Deus
887 803 1013 870 occulto
1045 824 1104 869 suo
1133 803 1267 871 oonsilio
1295 824 1355 887 gu·
1407 803 1505 869 etiam
1527 804 1591 888 ipsi
1613 805 1752 871 debeant
1769 817 1880 891 optare
1898 809 2029 874 veniam
2052 806 2174 889 absque
2195 804 2263 869 ulla
2284 803 2373 873 ιιιιι-

388 893 502 957 bernet
523 909 577 954 res
599 888 769 967 humanas,
791 889 940 971 sequitur
961 909 1074 955 omnes
1095 908 1265 955 successus
1287 899 1355 954 tam
1407 890 1549 972 gatiano,
1579 890 1635 956 ιιιι
1662 900 1791 958 tantum
1821 904 1860 957 nt
1881 891 1973 960 Dens
2003 894 2145 991 rigorem
2172 911 2269 956 suum
2296 898 2373 954 tem·

387 995 568 1059 prosperos,
589 995 686 1058 quam
705 976 858 1041 adversos
873 995 944 1039 esse
959 976 994 1039 in
1008 977 1077 1040 eius
1093 973 1235 1040 arbitrio.
1265 975 1355 1058 Ergo
1407 989 1508 1058 peret,
1534 976 1809 1058 quemadmodum
1835 976 1915 1045 dixi.
1960 978 2068 1045 Dartd
2098 977 2160 1043 hoe
2189 975 2276 1042 idem
2306 994 2374 1056 pro·

387 1060 542 1144 quidquid
564 1059 714 1126 homines
736 1060 911 1125 moliantur
932 1069 966 1125 et
986 1061 1173 1126 consultant.
1194 1070 1227 1126 et
1248 1060 1356 1126 decer·
1407 1062 1537 1142 fitetur,
1575 1064 1724 1144 quemvis
1756 1073 1834 1148 eget
1865 1081 1957 1129 tuam
1995 1065 2092 1130 unius
2122 1081 2271 1141 musam,
2310 1081 2372 1124 non

387 1155 481 1224 nant,
516 1159 626 1212 tamen
660 1146 741 1211 nihil
775 1150 929 1230 poterunt
959 1147 1107 1229 exsequi:
1145 1145 1238 1213 Deus
1267 1147 1353 1210 enim
1408 1145 1528 1228 populi.
1568 1147 1653 1212 Nam
1677 1147 1869 1231 deprecatur
1891 1149 1972 1214 iram
1991 1150 2055 1214 Dei
2076 1159 2109 1214 et
2131 1149 2289 1213 furorem:
2314 1167 2373 1210 non

387 1232 478 1298 dabit
504 1233 603 1297 talem
631 1233 754 1296 exitum
783 1231 913 1314 qualem
941 1232 1035 1297 volet.
1080 1231 1178 1300 Nunc
1208 1231 1355 1297 videmus
1408 1233 1479 1296 vult
1500 1231 1562 1296 sibi
1584 1234 1630 1296 ite
1658 1233 1781 1316 ignosci
1810 1245 1850 1299 ιιι
1878 1235 1961 1300 nihil
1989 1233 2212 1318 castigationis
2241 1232 2373 1297 sentiet:

386 1338 450 1401 qua
472 1318 512 1383 do
532 1339 567 1382 re
586 1317 725 1383 disseret
746 1317 922 1400 propheta:
945 1327 976 1383 et
995 1318 1092 1383 simul
1110 1316 1260 1383 ridemus
1281 1338 1354 1382 eum
1406 1317 1463 1382 sed
1487 1319 1561 1400 qnia
1583 1318 1778 1384 exhorrebat
1800 1320 1884 1386 iram
1906 1321 1978 1395 Dei,
2009 1342 2080 1386 eem
2104 1318 2320 1403 quantumin
2342 1336 2373 1382 ιι

387 1425 452 1469 non
486 1403 646 1486 attingere
679 1423 839 1487 quaenam
872 1403 939 1468 sint
971 1404 1059 1470 vires
1091 1403 1185 1469 liberi
1219 1402 1353 1468 arbitrii.
1406 1414 1470 1477 est,
1503 1405 1593 1484 eupit
1625 1416 1783 1470 avortere.
1842 1405 1888 1472 Et
1923 1407 1994 1471 ideo
2027 1407 2127 1472 otiam
2160 1403 2240 1469 alibi
2276 1401 2371 1486 (Ριιι.

386 1490 500 1570 Neque
533 1489 619 1553 enim
650 1489 704 1554 hie
732 1489 801 1572 agit
834 1488 874 1552 de
902 1488 1072 1555 voluntate
1106 1490 1264 1564 hominis,
1297 1487 1354 1554 sed
1407 1489 1555 1569 118,18)
1583 1491 1706 1572 gratias
1732 1492 1800 1572 agit
1822 1491 1905 1572 Deo,
1933 1492 2019 1575 quod
2048 1491 2149 1556 fuerit
2176 1509 2275 1554 manu
2309 1488 2374 1552 eius

386 1583 518 1640 tantum
550 1575 709 1655 ostendit,
747 1586 916 1658 postquam
954 1575 1105 1640 homines
1142 1577 1262 1658 optime
1295 1595 1355 1639 sua
1405 1576 1590 1658 castigatus,
1613 1574 1670 1640 sad
1692 1575 1821 1641 leviter:
1845 1576 2021 1661 Castigans
2043 1576 2215 1660 castigavit
2238 1593 2291 1638 me
2310 1571 2375 1636 Do-

385 1660 519 1746 negotia
548 1659 780 1738 ordinaverint,
811 1669 921 1725 tamen
946 1661 1056 1725 omnia
1078 1682 1188 1726 eorum
1211 1661 1353 1734 consilia,
1407 1661 1525 1734 minus,
1548 1670 1582 1724 et
1602 1661 1700 1726 morti
1723 1683 1788 1726 non
1811 1661 1936 1728 addixit
1961 1683 2021 1729 me.
2066 1661 2134 1728 Sed
2156 1661 2218 1726 hoo
2240 1659 2375 1743 speciale

386 1767 500 1812 omnes
521 1755 664 1826 conatus,
693 1747 802 1811 omnia
829 1745 937 1810 studia
959 1765 1161 1824 evanescere,
1191 1756 1224 1810 et
1246 1746 1353 1810 Deum
1407 1745 1584 1812 notandum
1608 1759 1659 1811 est
1685 1747 1718 1811 in
1740 1747 1848 1813 verbis
1869 1747 2037 1825 Ieremiee,
2067 1747 2153 1831 quod
2176 1745 2299 1812 seilicet
2321 1764 2374 1826 po·

384 1833 536 1902 frustrari
564 1853 675 1897 eorum
707 1831 946 1910 confidentiam,
979 1834 1055 1915 quia
1086 1835 1156 1897 ausi
1184 1843 1263 1896 suut
1294 1832 1354 1896 sibi
1407 1832 1502 1914 pulus
1525 1852 1589 1896 non
1613 1830 1759 1897 debuerit
1777 1841 1887 1917 petere
1908 1834 2047 1910 veniam,
2070 1833 2133 1898 nisi
2152 1852 2187 1897 ιι
2205 1831 2376 1897 subiiceret

385 1927 507 1984 temere
541 1918 729 2000 promittere
761 1917 834 2001 plus
867 1938 963 2000 quam
999 1917 1124 1984 licebat.
1177 1918 1274 1984 Nune
1304 1938 1353 1982 se·
1406 1917 1471 1982 Dei
1488 1916 1697 1983 correctioni:
1721 1920 1798 2000 quie
1814 1919 1937 1985 scilieet
1957 1921 2054 1983 nimis
2070 1918 2263 2002 gravitaret
2281 1917 2375 1981 nimis

385 2005 507 2088 quitur,
1405 2001 1565 2068 obstinate
1587 2013 1808 2084 peccaverant
1852 2003 2027 2070 Caeterum
2049 2005 2129 2069 hinc
2158 2003 2258 2068 etiam
2288 2001 2375 2067 colli·

1405 2089 1496 2171 gitur
1516 2087 1679 2172 generalis
1702 2089 1856 2154 doctrina.
1901 2088 1993 2156 Haec
2015 2090 2103 2155 enim
2123 2110 2201 2155 vera
2222 2097 2274 2152 est
2294 2087 2375 2152 ratio

1404 2184 1439 2237 ιι
1461 2184 1581 2238 natura
1608 2175 1835 2255 poenitentiae,
1865 2175 1919 2241 ubi
1953 2172 2143 2240 subiieimns
2171 2195 2230 2238 nos
2259 2171 2376 2238 iudicio

1407 2259 1478 2338 Dei,
1508 2266 1540 2322 et
1570 2261 1714 2342 petimur
1743 2279 1843 2342 aequo
1876 2260 1986 2325 enimn
2018 2261 2088 2326 eius
2120 2259 2374 2342 madgationem,

1406 2344 1502 2408 modo
1522 2345 1566 2409 sit
1586 2353 1733 2426 paterna.
1777 2345 1862 2410 Nem
1885 2346 1913 2411 si
1934 2345 2028 2411 Dens
2057 2366 2185 2410 summo
2207 2346 2279 2408 iure
2302 2355 2376 2428 agat

1406 2431 1584 2513 nobiscnm,
1606 2431 1711 2496 omnis
1733 2451 1807 2512 spes
1828 2429 1943 2496 salutis
1964 2432 2128 2498 exstincte
2150 2441 2215 2496 est:
2239 2431 2285 2495 ita
2307 2428 2375 2494 fieri

471 2513 599 2578 Rursus
630 2511 789 2597 prophete
820 2513 950 2597 oblique
982 2523 1126 2597 accusat,
1156 2516 1208 2581 vel
1240 2515 1354 2600 pungit
1407 2537 1472 2578 non
1505 2516 1626 2597 poterit
1658 2525 1695 2580 ut
1723 2536 1763 2579 ex
1796 2517 1904 2580 animo
1938 2517 2175 2600 resipiscamus.
2227 2514 2377 2581 Sciamus

386 2599 496 2682 populi
524 2608 699 2680 stuporem,
731 2600 806 2682 quia
836 2599 968 2664 videbat
996 2601 1104 2682 sperni
1133 2620 1247 2678 omnes
1278 2621 1354 2667 sues
1406 2620 1485 2683 ergo
1519 2602 1578 2665 hoc
1611 2601 1731 2683 requiri
1764 2600 1804 2665 ad
1837 2602 2081 2683 poenitentiam,
2114 2612 2151 2667 ut
2182 2601 2238 2684 qui
2267 2599 2376 2666 Deum

386 2685 501 2750 minas.
547 2683 689 2748 Tametsi
712 2683 798 2748 enim
821 2684 887 2748 iam
910 2684 1079 2767 aliquoties
1104 2697 1254 2768 sumptae
1275 2686 1354 2752 luis·
1405 2685 1542 2749 offendit
1563 2687 1657 2750 sistet
1679 2707 1713 2750 ιι
1743 2685 1882 2751 libenter
1904 2699 1937 2750 ιι
1963 2698 2080 2770 sponte
2101 2687 2143 2751 ad
2172 2688 2243 2751 eius
2273 2686 2377 2750 tribu·

386 2780 459 2835 sent
481 2769 520 2833 de
549 2768 616 2834 illis
644 2788 777 2851 poenae,
808 2770 964 2851 putabant
993 2790 1028 2836 ιι
1057 2791 1128 2835 ιιιι
1156 2772 1292 2853 elapsos,
1321 2780 1354 2836 et
1406 2770 1468 2848 nal,
1491 2781 1524 2834 ιι
1545 2773 1705 2836 sustineat
1733 2773 1803 2837 eius
1832 2772 2088 2854 castigationem.
2134 2773 2218 2836 Nam
2247 2772 2305 2854 qui
2334 2773 2377 2835 ita

385 2856 536 2940 quamvis
568 2853 683 2919 ultima
716 2853 822 2919 clades
861 2856 1013 2928 instaret.
1054 2856 1213 2938 putebant
1246 2857 1353 2922 Deum
1405 2866 1482 2919 sunt
1514 2855 1661 2935 delicati,
1697 2865 1735 2920 ut
1767 2856 1894 2922 nohum
1927 2857 2049 2922 lerulee
2082 2859 2181 2924 ictum
2215 2858 2377 2939 patienter

385 2942 496 3024 procul
519 2940 640 3023 abesse,
670 2950 703 3004 ιι
724 2942 771 3005 ita
793 2939 947 3006 forebant
974 2961 1009 3005 se
1040 2941 1073 3004 in
1104 2943 1268 3024 perversis
1298 2941 1353 3006 de·
1404 2940 1528 3018 forant,
1565 2962 1619 3006 eos
1649 2952 1784 3023 apparet
1813 2941 1919 3008 edhuc
1947 2943 2148 3025 praefractos
2177 2951 2210 3007 ιι
2239 2942 2377 3007 rebelles

471 2225 521 2290 24.
547 2223 674 2308 Oastt'pe
694 2246 742 2290 me
764 2225 902 2292 Iehovcla
927 2225 1134 2292 enumerato
1163 2227 1198 2292 ιἰι
1227 2225 1353 2304 iudicio,

386 2330 449 2376 non
471 2311 507 2376 ιἰι
528 2311 581 2375 ira
602 2315 666 2390 tau,
685 2330 723 2376 ιιι
744 2311 917 2378 ιιιιιιιιιιιιιι
937 2332 993 2377 ma.

385 3025 475 3091 litiis.
518 3027 608 3110 Ergo
632 3027 797 3174 (propheta
826 3027 958 3110 suspipit
988 3047 1073 3091 unus
1101 3029 1248 3092 omnium
1280 3049 1353 3110 per·
1405 3047 1484 3092 esse.
1528 3025 1725 3109 Ubicunque
1745 3027 1848 3110 igitur
1868 3027 1931 3092 erit
1949 3048 2047 3094 verus
2066 3028 2285 3111 poenitentiae
2303 3048 2377 3094 sen·

386 3131 511 3190 sonem,
540 3119 574 3175 et
595 3112 630 3176 in
654 3113 723 3176 uait
743 3131 948 3176 communem
971 3121 1003 3176 et
1025 3111 1189 3194 publicum
1210 3113 1352 3178 luctum:
1404 3132 1468 3191 sus,
1492 3110 1589 3176 simul
1612 3114 1785 3178 coniuncta
1805 3111 1869 3176 erit
1891 3113 1970 3178 haeo
1987 3113 2178 3191 obedientia,
2201 3133 2323 3196 nempe
2344 3123 2377 3176 ιιι

388 3195 518 3279 Oastipa
544 3215 601 3278 me,
634 3196 752 3277 inquit,
786 3194 930 3279 Ιιιιοιιιι,
963 3198 1018 3262 aad
1045 3197 1082 3261 in
1109 3199 1234 3264 ιιιιιιιι.
1288 3198 1354 3264 Hie
1404 3196 1495 3262 Deus
1528 3198 1666 3280 castiget
1687 3217 1761 3262 eum
1788 3197 1842 3280 qui
1871 3196 2016 3281 deliquit.
2060 3198 2127 3264 Sed
2156 3197 2238 3264 haee
2266 3219 2377 3264 neees-

386 3289 474 3346 eerte
496 3279 655 3364 prophete
676 3300 742 3344 non
765 3277 804 3344 ιιι
826 3300 885 3344 sua
907 3281 1007 3346 unius
1028 3281 1133 3346 seluta
1154 3290 1205 3346 est
1223 3285 1353 3367 anxius,
1404 3285 1491 3347 serie
1507 3291 1557 3348 est
1572 3283 1761 3360 moderatio,
1783 3283 1962 3348 secundum
1979 3285 2248 3366 promissionem:
2271 3284 2377 3350 Casti·

386 3385 446 3432 neo
477 3365 633 3449 privatim
665 3384 797 3430 eausam
829 3385 922 3430 suam
952 3367 1035 3448 agit:
1072 3366 1129 3431 sed
1162 3367 1354 3449 depreeatur
1405 3366 1488 3450 gebo
1519 3389 1582 3445 eos,
1611 3367 1668 3434 sed
1696 3390 1797 3433 manu
1824 3367 1986 3434 hominis:
2012 3368 2267 3436 misericordiam
2297 3390 2377 3435 vero

385 3459 534 3536 prototo
556 3449 684 3533 populo.
729 3449 798 3516 cur
825 3459 934 3516 autent
961 3450 1123 3535 singulari
1151 3471 1287 3516 numero
1309 3451 1353 3516 lo
1406 3471 1512 3516 meam
1534 3473 1601 3516 non
1629 3453 1774 3519 auferam
1807 3454 1846 3518 ab
1876 3453 1949 3520 illis.
1994 3453 2067 3522 Hoc
2087 3455 2182 3522 Deus
2211 3455 2378 3538 pollicitus

385 3534 521 3620 quitur?
544 3555 670 3618 nempe,
688 3534 960 3618 quemadmodum
978 3535 1044 3601 iam
1062 3536 1140 3613 dixi,
1155 3535 1264 3601 induit
1280 3557 1354 3619 per-
1405 3545 1455 3600 est
1477 3535 1653 3616 Salomoni,
1676 3537 1733 3601 sed
1751 3537 1871 3603 scimus
1893 3539 1934 3604 ad
1956 3542 2065 3605 omnia
2084 3539 2209 3607 Christi
2230 3541 2379 3606 membre

384 3642 498 3689 sonem
520 3620 675 3700 omnium,
702 3629 735 3684 et
760 3621 806 3683 ita
827 3625 974 3705 coarguit
995 3640 1052 3686 ιιι
1072 3641 1151 3687 suae
1179 3621 1353 3698 socordiae,
1405 3631 1560 3700 spectare.
1612 3621 1775 3702 Quamvis
1802 3642 1880 3706 ergo
1906 3627 2088 3707 promiscue
2116 3647 2238 3710 poenas
2265 3627 2378 3710 exiget

384 3709 538 3791 quoniam
560 3726 626 3772 uon
649 3705 754 3789 megia
776 3707 893 3770 attenti
912 3708 979 3771 sint
996 3706 1036 3771 ad
1054 3707 1272 3790 propinquum
1291 3705 1353 3770 Dei
1407 3707 1497 3770 Deus
1519 3704 1559 3770 de
1578 3706 1752 3772 sceleribus
1770 3707 1870 3773 totius
1886 3711 2008 3790 mnndi,
2030 3717 2203 3778 esttamen
2219 3731 2376 3796 magnum

383 3792 550 3858 iudicium.
594 3791 636 3856 In
661 3810 796 3869 summa,
825 3791 983 3873 propheta
1011 3791 1066 3856 hie
1094 3791 1186 3857 docet
1215 3791 1354 3872 qualiter
1406 3790 1580 3856 discrimen
1601 3792 1688 3857 inter
1709 3792 1828 3858 eleetos
1849 3797 2067 3878 etreprobos,
2095 3795 2255 3879 quiahoc
2277 3797 2377 3880 priri-

384 3877 513 3944 deoeret
534 3877 665 3942 effectos
688 3895 758 3942 esse
787 3895 908 3950 omnes,
939 3877 1002 3942 nisi
1031 3897 1163 3960 prorsus
1191 3877 1353 3941 excaecati
1405 3875 1490 3959 legio
1519 3878 1639 3943 eleetos
1667 3896 1745 3942 suos
1773 3875 1937 3962 dignatur,
1972 3881 2056 3964 quod
2085 3882 2209 3949 scilieet
2238 3885 2376 3966 castigat

384 3971 503 4040 ιιιιιιι,
530 3971 564 4027 ιι
584 3961 678 4044 qnasi
698 3962 733 4026 in
756 3960 927 4042 reprobum
957 3982 1091 4027 sensum
1119 3961 1265 4026 coniecti.
1309 3961 1354 4025 Et
1405 3980 1460 4026 eos
1481 3972 1615 4044 paterna
1637 3981 1737 4027 manu
1758 3965 1852 4046 quasi
1874 3964 1971 4031 filios:
1999 3988 2073 4032 cum
2096 3967 2243 4051 reprobis
2265 3978 2376 4034 eutem

384 4049 431 4115 ite
453 4046 597 4113 ostendit
618 4047 678 4111 hoe
700 4045 804 4112 solum
826 4045 905 4127 ipsis
928 4066 998 4112 ιιιι
1019 4045 1195 4125 residuum,
1217 4055 1256 4111 ut
1277 4066 1353 4129 sup·
1405 4047 1472 4129 agit
1494 4057 1646 4130 tanquam
1670 4069 1803 4113 severus
1824 4049 1933 4132 iudex,
1955 4051 2001 4117 ita
2021 4073 2134 4118 omnes
2153 4073 2280 4138 poenae
2297 4073 2376 4136 quas

385 4134 512 4217 pliciter
530 4131 662 4196 veniam
684 4139 797 4213 petent
819 4129 938 4210 aDeo,
961 4150 1066 4213 neque
1088 4141 1199 4196 tamen
1222 4150 1354 4213 prorsus
1405 4131 1575 4212 perferunt
1595 4133 1725 4216 reprobi
1747 4143 1825 4198 sunt
1847 4134 2009 4200 exitiales:
2041 4141 2115 4220 qnia
2140 4159 2207 4204 non
2238 4149 2377 4220 possunt

384 4218 548 4303 repellant
569 4235 698 4282 omnem
722 4215 984 4299 castigationem:
1013 4215 1069 4281 sed
1092 4225 1221 4281 tentum
1243 4227 1353 4298 postu·
1405 4215 1494 4280 aliud
1528 4219 1695 4300 concipere
1725 4238 1823 4300 quam
1852 4219 1935 4283 irem
1963 4221 2027 4286 Dei
2058 4224 2093 4288 in
2122 4223 2277 4289 omnibus
2307 4225 2377 4288 ιιιι

385 4305 457 4371 lent
478 4304 540 4369 sibi
568 4302 676 4384 eliqua
703 4321 746 4364 ex
774 4312 865 4382 porte
895 4301 1027 4385 ignosci,
1058 4321 1175 4383 nempe
1204 4315 1241 4364 ut
1264 4301 1353 4365 Deus
1405 4299 1542 4368 iudiciis.
1587 4303 1692 4368 illecti
1714 4312 1823 4367 autem
1847 4302 1969 4370 hebent
1992 4327 2122 4390 semper
2142 4309 2376 4376 consolationis

386 4395 548 4474 temperet
567 4387 709 4471 rigorem
732 4406 836 4460 suum,
863 4407 903 4450 ne
926 4406 1057 4470 prorsus
1078 4385 1153 4450 illos
1175 4393 1353 4451 consumat.
1406 4388 1584 4468 maurium,
1612 4388 1688 4470 quia
1710 4393 1892 4472 agnoscunt
1911 4389 2020 4456 Deum
2043 4393 2103 4459 sibi
2132 4414 2203 4459 esse
2229 4401 2377 4479 patrem:

385 4477 459 4543 Hoc
481 4479 591 4540 autem
614 4470 709 4538 modo
731 4470 872 4536 ostendit
896 4477 965 4536 tam
995 4471 1117 4536 atrocia
1145 4489 1215 4535 esse
1244 4470 1354 4552 populi
1406 4490 1443 4534 ac
1464 4473 1613 4553 quamvis
1640 4475 1745 4556 prima
1775 4473 1896 4538 intuitu
1925 4475 2092 4561 refugiant
2120 4480 2204 4544 iram
2231 4480 2315 4560 eius,
2344 4483 2377 4544 et

387 4561 519 4638 scelere,
550 4569 588 4622 ut
610 4577 676 4622 uon
698 4554 835 4620 debeant
856 4555 1047 4638 simpliciter
1075 4564 1109 4620 ιι
1137 4557 1208 4621 sine
1239 4574 1353 4638 excep·
1405 4557 1498 4637 quasi
1519 4563 1642 4622 terrore
1664 4557 1804 4641 perculsi
1825 4559 1958 4640 cupiant
1979 4561 2050 4628 dari
2065 4564 2127 4630 sibi
2145 4565 2274 4650 aliquas
2296 4567 2376 4631 late·

388 4649 477 4714 tione
507 4645 638 4710 veniam
667 4651 779 4726 petere
805 4661 825 4704 a
847 4639 928 4723 Deo,
957 4639 1014 4705 sed
1040 4648 1169 4705 tantum
1191 4639 1354 4704 vindictae
1405 4640 1490 4719 bras,
1505 4651 1614 4706 tamen
1629 4651 1741 4724 postea
1761 4651 1858 4725 gustu
1879 4645 2070 4715 clementiae
2085 4659 2119 4714 et
2133 4650 2377 4718 misericordiae

387 4732 651 4800 moderationem.
695 4727 781 4792 Nam
808 4725 931 4806 siquis
959 4725 1074 4790 leviter
1095 4723 1276 4806 deliquerit,
1298 4744 1354 4806 po·
1406 4727 1475 4790 eius
1496 4726 1656 4810 colligunt
1678 4727 1813 4794 animos:
1843 4737 1876 4794 et
1896 4732 1943 4796 ita
1964 4753 2096 4816 poenae,
2127 4737 2282 4818 quemvis
2310 4737 2377 4802 sint

387 4831 453 4887 ιιιι
484 4815 659 4899 confugere
692 4811 732 4877 ad
764 4811 825 4876 Dei
855 4810 1070 4890 clementiam,
1102 4818 1135 4874 et
1161 4829 1227 4873 uno
1257 4810 1354 4875 verbo
1407 4810 1508 4875 multo
1530 4813 1695 4893 graviores
1715 4833 1810 4895 quam
1826 4835 1905 4897 quas
1919 4821 2088 4898 perferunt
2102 4822 2242 4903 reprobi,
2265 4831 2375 4888 temen

388 4906 513 4986 dicere,
539 4899 678 4967 Domine
705 4897 863 4980 ignoscas.
915 4892 980 4976 Qui
1008 4904 1116 4959 autem
1146 4893 1232 4957 mela
1261 4894 1355 4958 malis
1406 4916 1470 4960 non
1493 4905 1573 4959 sunt
1592 4896 1659 4960 illie
1687 4898 1880 4978 mortiferae,
1909 4903 1986 4984 quia
2007 4905 2100 4970 Deus
2128 4909 2295 4974 convertit
2322 4929 2377 4972 eae

387 4989 605 5066 accumulent,
627 4992 660 5050 et
680 4981 808 5064 saepius
830 4979 985 5045 admoniti
1008 4999 1072 5043 non
1095 4981 1296 5061 resipiscunt,
1318 4997 1356 5042 ιι
1405 4981 1441 5043 in
1462 4980 1614 5045 remedia.
1654 4982 1749 5049 Nunc
1778 5004 1854 5068 ergo
1876 4987 2023 5055 videmus
2044 4991 2197 5072 quisnam
2219 4992 2264 5059 sit
2287 5014 2376 5068 neus,

388 5076 513 5145 sidate
534 5091 633 5155 opera
649 5067 772 5138 vellent
789 5085 916 5131 armare
938 5064 973 5130 in
995 5084 1039 5142 se,
1063 5073 1096 5127 ιι
1116 5064 1150 5128 in
1171 5083 1263 5127 snam
1286 5083 1355 5144 per·
1406 5073 1440 5128 et
1461 5085 1543 5147 quae
1565 5065 1688 5132 utilitas
1710 5068 1778 5134 eius
1795 5067 1967 5154 doctrinae
1988 5094 2090 5156 quum
2109 5075 2187 5142 dicit
2206 5077 2375 5161 propheta,

388 5163 507 5230 niciam
540 5158 661 5237 Deum,
693 5154 742 5220 illi
774 5173 817 5218 an
850 5151 967 5216 deinde
998 5155 1151 5233 poterunt
1183 5148 1220 5212 in
1252 5156 1355 5212 totum
1407 5148 1540 5214 Domine
1560 5152 1677 5234 ιιιιιιι
1693 5173 1750 5235 ma,
1767 5153 1820 5218 aad
1836 5158 2051 5243 tardamnrode,
2066 5160 2183 5246 inquit,
2198 5164 2235 5228 ia
2248 5165 2375 5230 tectim

389 5257 498 5334 petere
521 5243 761 5310 immunitatem
782 5238 822 5303 ab
847 5236 998 5301 omnibus
1027 5233 1165 5330 poenis?¹
1189 5233 1251 5299 hoe
1279 5253 1355 5298 con·
1406 5232 1570 5316 Iudicium
1586 5237 1741 5318 accipitur
1756 5257 1815 5319 pro
1830 5259 1990 5322 mensura,
2006 5266 2065 5328 pro
2081 5245 2253 5314 demenso:
2277 5249 2376 5314 habet

389 5341 581 5404 sentaneum
604 5350 670 5395 non
697 5335 792 5395 esset.
836 5322 926 5404 Ergo
954 5318 1112 5402 propheta
1134 5317 1187 5383 hic
1214 5317 1356 5382 breviter
1407 5317 1538 5400 quidem
1559 5320 1679 5388 multas
1700 5323 1948 5406 significationes
1965 5331 2053 5414 apud
2068 5332 2240 5400 Hebraeos
2258 5348 2374 5404 bovo:
