<?xml version="1.0" encoding="UTF-8"?>
<!DOCTYPE html PUBLIC "-//W3C//DTD XHTML 1.0 Transitional//EN"
    "http://www.w3.org/TR/xhtml1/DTD/xhtml1-transitional.dtd">
<html xmlns="http://www.w3.org/1999/xhtml" xml:lang="en" lang="en">
 <head>
  <title>
</title>
<meta http-equiv="Content-Type" content="text/html;charset=utf-8" />
  <meta name='ocr-system' content='tesseract 3.04.00' />
  <meta name='ocr-capabilities' content='ocr_page ocr_carea ocr_par ocr_line ocrx_word'/>
</head>
<body>
  <div class='ocr_page' id='page_1' title='image "./corpusreformato14melagoog/corpusreformato14melagoog_0256.png"; bbox 0 0 5158 6124; ppageno 0'>
   <div class='ocr_carea' id='block_1_1' title="bbox 221 481 2224 551">
    <p class='ocr_par' dir='ltr' id='par_1_1' title="bbox 221 481 2224 551">
     <span class='ocr_line' id='line_1_1' title="bbox 221 481 2224 551; baseline 0.001 -3"><span class='ocrx_word' id='word_1_1' title='bbox 221 482 282 548; x_wconf 86' lang='grc'><strong>481</strong></span> <span class='ocrx_word' id='word_1_2' title='bbox 921 483 971 548; x_wconf 91' lang='grc' dir='ltr'><strong>ΙΝ</strong></span> <span class='ocrx_word' id='word_1_3' title='bbox 993 481 1242 548; x_wconf 72' lang='lat' dir='ltr'><strong>lucaman.</strong></span> <span class='ocrx_word' id='word_1_4' title='bbox 1288 481 1387 548; x_wconf 83' lang='lat' dir='ltr'><strong>OAP.</strong></span> <span class='ocrx_word' id='word_1_5' title='bbox 1411 481 1522 548; x_wconf 85' lang='lat' dir='ltr'>XXV.</span> <span class='ocrx_word' id='word_1_6' title='bbox 2160 485 2224 551; x_wconf 80' lang='lat'><strong>482</strong></span> 
     </span>
    </p>
   </div>
   <div class='ocr_carea' id='block_1_2' title="bbox 222 668 2224 905">
    <p class='ocr_par' dir='ltr' id='par_1_2' title="bbox 222 668 2224 905">
     <span class='ocr_line' id='line_1_2' title="bbox 222 668 2224 757; baseline 0.002 -22"><span class='ocrx_word' id='word_1_7' title='bbox 222 673 336 736; x_wconf 90' lang='lat' dir='ltr'><strong>urbem</strong></span> <span class='ocrx_word' id='word_1_8' title='bbox 368 677 524 748; x_wconf 91' lang='lat' dir='ltr'><strong>sanctam,</strong></span> <span class='ocrx_word' id='word_1_9' title='bbox 559 679 592 736; x_wconf 92' lang='lat' dir='ltr'><strong>et</strong></span> <span class='ocrx_word' id='word_1_10' title='bbox 620 672 789 753; x_wconf 91' lang='lat' dir='ltr'><strong>templum.</strong></span> <span class='ocrx_word' id='word_1_11' title='bbox 834 670 879 734; x_wconf 85' lang='lat' dir='ltr'><strong>Eit</strong></span> <span class='ocrx_word' id='word_1_12' title='bbox 901 668 963 736; x_wconf 91' lang='lat' dir='ltr'><strong>hoc</strong></span> <span class='ocrx_word' id='word_1_13' title='bbox 991 670 1110 735; x_wconf 89' lang='lat' dir='ltr'><strong>melius</strong></span> <span class='ocrx_word' id='word_1_14' title='bbox 1140 691 1198 734; x_wconf 89' lang='lat' dir='ltr'><strong>ex·</strong></span> <span class='ocrx_word' id='word_1_15' title='bbox 1222 677 1225 728; x_wconf 90' lang='lat' dir='ltr'><strong>t</strong></span> <span class='ocrx_word' id='word_1_16' title='bbox 1251 690 1331 748; x_wconf 90' lang='lat' dir='ltr'><strong>mus,</strong></span> <span class='ocrx_word' id='word_1_17' title='bbox 1361 690 1426 735; x_wconf 93' lang='lat' dir='ltr'><strong>non</strong></span> <span class='ocrx_word' id='word_1_18' title='bbox 1449 669 1566 735; x_wconf 90' lang='lat' dir='ltr'><strong>debere</strong></span> <span class='ocrx_word' id='word_1_19' title='bbox 1594 671 1749 754; x_wconf 80' lang='lat' dir='ltr'>restringi</span> <span class='ocrx_word' id='word_1_20' title='bbox 1780 669 1821 736; x_wconf 89' lang='lat' dir='ltr'><strong>ad</strong></span> <span class='ocrx_word' id='word_1_21' title='bbox 1844 692 1947 737; x_wconf 91' lang='lat' dir='ltr'><strong>unum</strong></span> <span class='ocrx_word' id='word_1_22' title='bbox 1979 683 2108 755; x_wconf 90' lang='lat' dir='ltr'><strong>tempus</strong></span> <span class='ocrx_word' id='word_1_23' title='bbox 2138 675 2224 757; x_wconf 92' lang='lat' dir='ltr'><strong>quod</strong></span> 
     </span>
     <span class='ocr_line' id='line_1_3' title="bbox 222 754 2224 905; baseline 0.003 -85"><span class='ocrx_word' id='word_1_24' title='bbox 222 757 377 838; x_wconf 83' lang='lat' dir='ltr'><strong>primitur</strong></span> <span class='ocrx_word' id='word_1_25' title='bbox 397 757 547 841; x_wconf 91' lang='lat' dir='ltr'><strong>proximo</strong></span> <span class='ocrx_word' id='word_1_26' title='bbox 571 776 677 836; x_wconf 88' lang='lat' dir='ltr'><strong>versu,</strong></span> <span class='ocrx_word' id='word_1_27' title='bbox 703 757 757 821; x_wconf 90' lang='lat' dir='ltr'><strong>nbi</strong></span> <span class='ocrx_word' id='word_1_28' title='bbox 779 754 868 836; x_wconf 90' lang='lat' dir='ltr'><strong>dicit,</strong></span> <span class='ocrx_word' id='word_1_29' title='bbox 1249 755 1372 905; x_wconf 55' lang='lat' dir='ltr'><strong>passim</strong></span> <span class='ocrx_word' id='word_1_30' title='bbox 1402 755 1543 821; x_wconf 90' lang='lat' dir='ltr'><strong>occurrit</strong></span> <span class='ocrx_word' id='word_1_31' title='bbox 1571 755 1658 838; x_wconf 90' lang='lat' dir='ltr'><strong>apud</strong></span> <span class='ocrx_word' id='word_1_32' title='bbox 1688 755 1863 838; x_wconf 90' lang='lat' dir='ltr'><strong>prophetas</strong></span> <span class='ocrx_word' id='word_1_33' title='bbox 1891 756 1931 821; x_wconf 88' lang='lat' dir='ltr'><strong>da</strong></span> <span class='ocrx_word' id='word_1_34' title='bbox 1954 758 2089 824; x_wconf 89' lang='lat' dir='ltr'><strong>interita</strong></span> <span class='ocrx_word' id='word_1_35' title='bbox 2112 758 2224 844; x_wconf 81' lang='lat' dir='ltr'><strong>Baby-</strong></span> 
     </span>
    </p>
   </div>
   <div class='ocr_carea' id='block_1_3' title="bbox 221 840 2227 5471">
    <p class='ocr_par' dir='ltr' id='par_1_3' title="bbox 221 840 2227 5471">
     <span class='ocr_line' id='line_1_4' title="bbox 1263 840 2224 911; baseline 0.006 -6"><span class='ocrx_word' id='word_1_36' title='bbox 1263 841 1344 907; x_wconf 89' lang='lat' dir='ltr'><strong>onis.</strong></span> <span class='ocrx_word' id='word_1_37' title='bbox 1399 841 1516 905; x_wconf 80' lang='lat' dir='ltr'><strong>Voluit</strong></span> <span class='ocrx_word' id='word_1_38' title='bbox 1552 842 1639 906; x_wconf 89' lang='lat' dir='ltr'><strong>enim</strong></span> <span class='ocrx_word' id='word_1_39' title='bbox 1673 840 1767 907; x_wconf 90' lang='lat' dir='ltr'><strong>Dens</strong></span> <span class='ocrx_word' id='word_1_40' title='bbox 1804 852 1837 907; x_wconf 89' lang='lat' dir='ltr'><strong>et</strong></span> <span class='ocrx_word' id='word_1_41' title='bbox 1874 842 2012 910; x_wconf 90' lang='lat' dir='ltr'><strong>diversis</strong></span> <span class='ocrx_word' id='word_1_42' title='bbox 2049 844 2154 910; x_wconf 90' lang='lat' dir='ltr'><strong>modis</strong></span> <span class='ocrx_word' id='word_1_43' title='bbox 2191 851 2224 911; x_wconf 91' lang='lat' dir='ltr'><strong>et</strong></span> 
     </span>
     <span class='ocr_line' id='line_1_5' title="bbox 310 925 2224 1012; baseline 0.003 -21"><span class='ocrx_word' id='word_1_44' title='bbox 310 928 360 992; x_wconf 84' lang='lat'><strong>12.</strong></span> <span class='ocrx_word' id='word_1_45' title='bbox 394 927 439 992; x_wconf 86' lang='lat' dir='ltr'><strong>Et</strong></span> <span class='ocrx_word' id='word_1_46' title='bbox 465 933 540 1008; x_wconf 82' lang='lat' dir='ltr'><strong>erit,</strong></span> <span class='ocrx_word' id='word_1_47' title='bbox 574 948 669 1010; x_wconf 82' lang='lat' dir='ltr'><strong>quum</strong></span> <span class='ocrx_word' id='word_1_48' title='bbox 699 927 816 1012; x_wconf 84' lang='lat' dir='ltr'><strong>impleti</strong></span> <span class='ocrx_word' id='word_1_49' title='bbox 847 927 966 1008; x_wconf 77' lang='lat' dir='ltr'><strong>sueini</strong></span> <span class='ocrx_word' id='word_1_50' title='bbox 998 927 1199 1010; x_wconf 75' lang='lat' dir='ltr'><strong>septuaginta</strong></span> <span class='ocrx_word' id='word_1_51' title='bbox 1251 925 1387 993; x_wconf 91' lang='lat' dir='ltr'><strong>diversis</strong></span> <span class='ocrx_word' id='word_1_52' title='bbox 1417 925 1618 1010; x_wconf 79' lang='lat' dir='ltr'><strong>temporibus</strong></span> <span class='ocrx_word' id='word_1_53' title='bbox 1648 925 1825 993; x_wconf 87' lang='lat' dir='ltr'><strong>vindictam</strong></span> <span class='ocrx_word' id='word_1_54' title='bbox 1856 949 1950 994; x_wconf 91' lang='lat' dir='ltr'><strong>suam</strong></span> <span class='ocrx_word' id='word_1_55' title='bbox 1981 949 2134 996; x_wconf 82' lang='lat' dir='ltr'><strong>exeruere</strong></span> <span class='ocrx_word' id='word_1_56' title='bbox 2166 931 2224 996; x_wconf 91' lang='lat' dir='ltr'><strong>ad-</strong></span> 
     </span>
     <span class='ocr_line' id='line_1_6' title="bbox 223 1011 2224 1097; baseline 0.001 -18"><span class='ocrx_word' id='word_1_57' title='bbox 223 1013 465 1094; x_wconf 64' lang='lat' dir='ltr'><strong>annichilata</strong></span> <span class='ocrx_word' id='word_1_58' title='bbox 486 1033 582 1095; x_wconf 81' lang='lat' dir='ltr'><strong>super</strong></span> <span class='ocrx_word' id='word_1_59' title='bbox 602 1034 704 1097; x_wconf 74' lang='lat' dir='ltr'><strong>regem</strong></span> <span class='ocrx_word' id='word_1_60' title='bbox 727 1011 913 1096; x_wconf 78' lang='lat' dir='ltr'><strong>Babylonis,</strong></span> <span class='ocrx_word' id='word_1_61' title='bbox 936 1019 964 1078; x_wconf 92' lang='lat' dir='ltr'><strong>et</strong></span> <span class='ocrx_word' id='word_1_62' title='bbox 984 1031 1081 1093; x_wconf 81' lang='lat' dir='ltr'><strong>super</strong></span> <span class='ocrx_word' id='word_1_63' title='bbox 1096 1033 1198 1095; x_wconf 81' lang='lat' dir='ltr'><strong>pupu-</strong></span> <span class='ocrx_word' id='word_1_64' title='bbox 1250 1033 1366 1080; x_wconf 89' lang='lat' dir='ltr'><strong>versus</strong></span> <span class='ocrx_word' id='word_1_65' title='bbox 1390 1013 1543 1096; x_wconf 91' lang='lat' dir='ltr'><strong>populum</strong></span> <span class='ocrx_word' id='word_1_66' title='bbox 1566 1012 1668 1077; x_wconf 90' lang='lat' dir='ltr'><strong>illam.</strong></span> <span class='ocrx_word' id='word_1_67' title='bbox 1713 1012 1786 1078; x_wconf 90' lang='lat' dir='ltr'><strong>Hoc</strong></span> <span class='ocrx_word' id='word_1_68' title='bbox 1808 1018 1918 1078; x_wconf 89' lang='lat' dir='ltr'><strong>autem</strong></span> <span class='ocrx_word' id='word_1_69' title='bbox 1942 1022 2069 1080; x_wconf 89' lang='lat' dir='ltr'><strong>constat</strong></span> <span class='ocrx_word' id='word_1_70' title='bbox 2091 1037 2132 1080; x_wconf 90' lang='lat' dir='ltr'><strong>ex</strong></span> <span class='ocrx_word' id='word_1_71' title='bbox 2157 1017 2224 1084; x_wconf 91' lang='lat' dir='ltr'><strong>his·</strong></span> 
     </span>
     <span class='ocr_line' id='line_1_7' title="bbox 223 1096 2223 1184; baseline 0.002 -22"><span class='ocrx_word' id='word_1_72' title='bbox 223 1097 288 1162; x_wconf 91' lang='lat' dir='ltr'><strong>lum</strong></span> <span class='ocrx_word' id='word_1_73' title='bbox 305 1099 383 1180; x_wconf 84' lang='lat' dir='ltr'><strong>rius,</strong></span> <span class='ocrx_word' id='word_1_74' title='bbox 406 1100 482 1165; x_wconf 86' lang='lat' dir='ltr'><strong>dicit</strong></span> <span class='ocrx_word' id='word_1_75' title='bbox 500 1099 646 1183; x_wconf 89' lang='lat' dir='ltr'><strong>Iehouah,</strong></span> <span class='ocrx_word' id='word_1_76' title='bbox 670 1099 865 1182; x_wconf 89' lang='lat' dir='ltr'><strong>iniquitatem</strong></span> <span class='ocrx_word' id='word_1_77' title='bbox 887 1100 1038 1182; x_wconf 86' lang='lat' dir='ltr'><strong>ipsorum,</strong></span> <span class='ocrx_word' id='word_1_78' title='bbox 1059 1103 1198 1180; x_wconf 86' lang='lat' dir='ltr'><strong>etsuper</strong></span> <span class='ocrx_word' id='word_1_79' title='bbox 1250 1099 1352 1178; x_wconf 89' lang='lat' dir='ltr'><strong>toriis,</strong></span> <span class='ocrx_word' id='word_1_80' title='bbox 1374 1098 1478 1183; x_wconf 91' lang='lat' dir='ltr'><strong>magis</strong></span> <span class='ocrx_word' id='word_1_81' title='bbox 1501 1098 1600 1164; x_wconf 86' lang='lat' dir='ltr'><strong>tuisse</strong></span> <span class='ocrx_word' id='word_1_82' title='bbox 1618 1096 1760 1181; x_wconf 89' lang='lat' dir='ltr'><strong>optabile</strong></span> <span class='ocrx_word' id='word_1_83' title='bbox 1772 1098 1843 1164; x_wconf 92' lang='lat' dir='ltr'><strong>Bab</strong></span> <span class='ocrx_word' id='word_1_84' title='bbox 1867 1098 1964 1166; x_wconf 92' lang='lat' dir='ltr'><strong>loniis</strong></span> <span class='ocrx_word' id='word_1_85' title='bbox 1983 1101 2083 1165; x_wconf 89' lang='lat' dir='ltr'><strong>semel</strong></span> <span class='ocrx_word' id='word_1_86' title='bbox 2105 1102 2223 1184; x_wconf 92' lang='lat' dir='ltr'><strong>perire,</strong></span> 
     </span>
     <span class='ocr_line' id='line_1_8' title="bbox 221 1119 2226 1268; baseline 0.001 -19"><span class='ocrx_word' id='word_1_87' title='bbox 221 1189 339 1249; x_wconf 66' lang='lat' dir='ltr'><strong>huam</strong></span> <span class='ocrx_word' id='word_1_88' title='bbox 362 1182 602 1264; x_wconf 69' lang='lat' dir='ltr'><strong>Chaldaeorum,</strong></span> <span class='ocrx_word' id='word_1_89' title='bbox 635 1190 664 1250; x_wconf 89' lang='lat' dir='ltr'><strong>ct</strong></span> <span class='ocrx_word' id='word_1_90' title='bbox 684 1204 803 1266; x_wconf 78' lang='lat' dir='ltr'><strong>ponam</strong></span> <span class='ocrx_word' id='word_1_91' title='bbox 832 1204 902 1250; x_wconf 89' lang='lat' dir='ltr'><strong>eom</strong></span> <span class='ocrx_word' id='word_1_92' title='bbox 931 1185 964 1249; x_wconf 89' lang='lat' dir='ltr'><strong>in</strong></span> <span class='ocrx_word' id='word_1_93' title='bbox 994 1184 1198 1250; x_wconf 73' lang='lat' dir='ltr'><strong>desolationes</strong></span> <span class='ocrx_word' id='word_1_94' title='bbox 1250 1204 1348 1268; x_wconf 87' lang='lat' dir='ltr'><strong>qnam</strong></span> <span class='ocrx_word' id='word_1_95' title='bbox 1370 1191 1419 1248; x_wconf 89' lang='lat' dir='ltr'><strong>tot</strong></span> <span class='ocrx_word' id='word_1_96' title='bbox 1436 1182 1547 1249; x_wconf 90' lang='lat' dir='ltr'><strong>subire</strong></span> <span class='ocrx_word' id='word_1_97' title='bbox 1570 1183 1687 1249; x_wconf 89' lang='lat' dir='ltr'><strong>clades.</strong></span> <span class='ocrx_word' id='word_1_98' title='bbox 1722 1184 1805 1248; x_wconf 89' lang='lat' dir='ltr'><strong>Nam</strong></span> <span class='ocrx_word' id='word_1_99' title='bbox 1825 1119 1994 1268; x_wconf 72' lang='lat' dir='ltr'><strong>abqauuto</strong></span> <span class='ocrx_word' id='word_1_100' title='bbox 2016 1195 2089 1268; x_wconf 90' lang='lat' dir='ltr'><strong>post</strong></span> <span class='ocrx_word' id='word_1_101' title='bbox 2107 1187 2226 1253; x_wconf 86' lang='lat' dir='ltr'><strong>defecit</strong></span> 
     </span>
     <span class='ocr_line' id='line_1_9' title="bbox 222 1268 2225 1355; baseline 0 -19"><span class='ocrx_word' id='word_1_102' title='bbox 222 1270 340 1336; x_wconf 75' lang='lat' dir='ltr'><strong>saeua</strong></span> <span class='ocrx_word' id='word_1_103' title='bbox 362 1268 407 1354; x_wconf 92' lang='lat' dir='ltr'><strong>(id</strong></span> <span class='ocrx_word' id='word_1_104' title='bbox 431 1282 490 1350; x_wconf 91' lang='lat' dir='ltr'><strong>est,</strong></span> <span class='ocrx_word' id='word_1_105' title='bbox 513 1270 709 1355; x_wconf 90' lang='lat' dir='ltr'><strong>perpetuas).</strong></span> <span class='ocrx_word' id='word_1_106' title='bbox 1250 1270 1388 1354; x_wconf 86' lang='lat' dir='ltr'><strong>populus</strong></span> <span class='ocrx_word' id='word_1_107' title='bbox 1410 1269 1466 1335; x_wconf 90' lang='lat' dir='ltr'><strong>ille</strong></span> <span class='ocrx_word' id='word_1_108' title='bbox 1488 1270 1652 1336; x_wconf 89' lang='lat' dir='ltr'><strong>aPersis:</strong></span> <span class='ocrx_word' id='word_1_109' title='bbox 1677 1270 1754 1336; x_wconf 96' lang='grc' dir='ltr'>υνδε</span> <span class='ocrx_word' id='word_1_110' title='bbox 1776 1269 1939 1336; x_wconf 89' lang='lat' dir='ltr'><strong>industria</strong></span> <span class='ocrx_word' id='word_1_111' title='bbox 1962 1279 1995 1336; x_wconf 92' lang='lat' dir='ltr'><strong>et</strong></span> <span class='ocrx_word' id='word_1_112' title='bbox 2017 1286 2091 1336; x_wconf 87' lang='lat' dir='ltr'><strong>astu</strong></span> <span class='ocrx_word' id='word_1_113' title='bbox 2113 1272 2225 1354; x_wconf 81' lang='lat' dir='ltr'><strong>Zopiri</strong></span> 
     </span>
     <span class='ocr_line' id='line_1_10' title="bbox 1250 1355 2223 1441; baseline 0 -21"><span class='ocrx_word' id='word_1_114' title='bbox 1250 1363 1441 1438; x_wconf 87' lang='lat' dir='ltr'><strong>recuperata</strong></span> <span class='ocrx_word' id='word_1_115' title='bbox 1471 1355 1548 1420; x_wconf 84' lang='lat' dir='ltr'><strong>tuit:</strong></span> <span class='ocrx_word' id='word_1_116' title='bbox 1582 1355 1732 1438; x_wconf 73' lang='lat' dir='ltr'><strong>suspensi</strong></span> <span class='ocrx_word' id='word_1_117' title='bbox 1761 1362 1840 1422; x_wconf 92' lang='lat' dir='ltr'><strong>tunc</strong></span> <span class='ocrx_word' id='word_1_118' title='bbox 1862 1357 1995 1422; x_wconf 86' lang='lat' dir='ltr'><strong>luerunt</strong></span> <span class='ocrx_word' id='word_1_119' title='bbox 2017 1357 2052 1421; x_wconf 93' lang='lat' dir='ltr'><strong>in</strong></span> <span class='ocrx_word' id='word_1_120' title='bbox 2076 1357 2223 1441; x_wconf 91' lang='lat' dir='ltr'><strong>patibulo</strong></span> 
     </span>
     <span class='ocr_line' id='line_1_11' title="bbox 308 1439 2225 1527; baseline 0.001 -22"><span class='ocrx_word' id='word_1_121' title='bbox 308 1439 593 1521; x_wconf 81' lang='lat' dir='ltr'><strong>Quemadmodum</strong></span> <span class='ocrx_word' id='word_1_122' title='bbox 617 1441 696 1525; x_wconf 84' lang='lat' dir='ltr'><strong>dixi,</strong></span> <span class='ocrx_word' id='word_1_123' title='bbox 720 1462 806 1507; x_wconf 91' lang='lat' dir='ltr'><strong>nunc</strong></span> <span class='ocrx_word' id='word_1_124' title='bbox 825 1440 945 1506; x_wconf 87' lang='lat' dir='ltr'><strong>clarius</strong></span> <span class='ocrx_word' id='word_1_125' title='bbox 965 1441 1109 1506; x_wconf 81' lang='lat' dir='ltr'><strong>ostendit</strong></span> <span class='ocrx_word' id='word_1_126' title='bbox 1127 1461 1198 1525; x_wconf 92' lang='lat' dir='ltr'><strong>pro-</strong></span> <span class='ocrx_word' id='word_1_127' title='bbox 1251 1462 1364 1506; x_wconf 88' lang='lat' dir='ltr'><strong>omues</strong></span> <span class='ocrx_word' id='word_1_128' title='bbox 1387 1441 1456 1507; x_wconf 86' lang='lat' dir='ltr'><strong>tere</strong></span> <span class='ocrx_word' id='word_1_129' title='bbox 1474 1440 1608 1520; x_wconf 89' lang='lat' dir='ltr'><strong>nobiles,</strong></span> <span class='ocrx_word' id='word_1_130' title='bbox 1631 1443 1678 1505; x_wconf 92' lang='lat' dir='ltr'><strong>ita</strong></span> <span class='ocrx_word' id='word_1_131' title='bbox 1694 1448 1731 1505; x_wconf 91' lang='lat' dir='ltr'><strong>nt</strong></span> <span class='ocrx_word' id='word_1_132' title='bbox 1749 1442 1840 1506; x_wconf 89' lang='lat' dir='ltr'><strong>nulla</strong></span> <span class='ocrx_word' id='word_1_133' title='bbox 1862 1441 1993 1508; x_wconf 90' lang='lat' dir='ltr'><strong>residua</strong></span> <span class='ocrx_word' id='word_1_134' title='bbox 2014 1454 2099 1510; x_wconf 90' lang='lat' dir='ltr'><strong>asset</strong></span> <span class='ocrx_word' id='word_1_135' title='bbox 2120 1443 2225 1527; x_wconf 86' lang='lat' dir='ltr'><strong>digni-</strong></span> 
     </span>
     <span class='ocr_line' id='line_1_12' title="bbox 222 1525 2225 1611; baseline 0.001 -21"><span class='ocrx_word' id='word_1_136' title='bbox 222 1526 323 1611; x_wconf 90' lang='lat' dir='ltr'><strong>pheta</strong></span> <span class='ocrx_word' id='word_1_137' title='bbox 344 1547 501 1609; x_wconf 89' lang='lat' dir='ltr'><strong>quorsum</strong></span> <span class='ocrx_word' id='word_1_138' title='bbox 525 1525 687 1593; x_wconf 87' lang='lat' dir='ltr'><strong>definierit</strong></span> <span class='ocrx_word' id='word_1_139' title='bbox 712 1536 842 1609; x_wconf 90' lang='lat' dir='ltr'><strong>tempus</strong></span> <span class='ocrx_word' id='word_1_140' title='bbox 865 1527 1062 1609; x_wconf 90' lang='lat' dir='ltr'><strong>captivitatis</strong></span> <span class='ocrx_word' id='word_1_141' title='bbox 1085 1537 1118 1591; x_wconf 90' lang='lat' dir='ltr'><strong>et</strong></span> <span class='ocrx_word' id='word_1_142' title='bbox 1141 1549 1198 1591; x_wconf 90' lang='lat' dir='ltr'><strong>ex·</strong></span> <span class='ocrx_word' id='word_1_143' title='bbox 1252 1536 1318 1592; x_wconf 89' lang='lat' dir='ltr'><strong>tas:</strong></span> <span class='ocrx_word' id='word_1_144' title='bbox 1352 1527 1481 1592; x_wconf 91' lang='lat' dir='ltr'><strong>tandem</strong></span> <span class='ocrx_word' id='word_1_145' title='bbox 1516 1531 1673 1610; x_wconf 89' lang='lat' dir='ltr'><strong>occupata</strong></span> <span class='ocrx_word' id='word_1_146' title='bbox 1705 1527 1767 1591; x_wconf 89' lang='lat' dir='ltr'><strong>tait</strong></span> <span class='ocrx_word' id='word_1_147' title='bbox 1800 1527 1840 1592; x_wconf 89' lang='lat' dir='ltr'><strong>ab</strong></span> <span class='ocrx_word' id='word_1_148' title='bbox 1871 1526 2077 1594; x_wconf 82' lang='lat' dir='ltr'><strong>Alexandro:</strong></span> <span class='ocrx_word' id='word_1_149' title='bbox 2112 1541 2225 1611; x_wconf 90' lang='lat' dir='ltr'><strong>postca</strong></span> 
     </span>
     <span class='ocr_line' id='line_1_13' title="bbox 222 1611 2224 1693; baseline 0.001 -16"><span class='ocrx_word' id='word_1_150' title='bbox 222 1612 295 1690; x_wconf 88' lang='lat' dir='ltr'><strong>silii,</strong></span> <span class='ocrx_word' id='word_1_151' title='bbox 320 1632 438 1693; x_wconf 88' lang='lat' dir='ltr'><strong>nempe</strong></span> <span class='ocrx_word' id='word_1_152' title='bbox 460 1620 498 1676; x_wconf 93' lang='lat' dir='ltr'><strong>ut</strong></span> <span class='ocrx_word' id='word_1_153' title='bbox 521 1614 644 1679; x_wconf 90' lang='lat' dir='ltr'><strong>scirent</strong></span> <span class='ocrx_word' id='word_1_154' title='bbox 666 1613 785 1690; x_wconf 89' lang='lat' dir='ltr'><strong>fideles,</strong></span> <span class='ocrx_word' id='word_1_155' title='bbox 817 1611 925 1676; x_wconf 90' lang='lat' dir='ltr'><strong>Deum</strong></span> <span class='ocrx_word' id='word_1_156' title='bbox 949 1632 1013 1677; x_wconf 89' lang='lat' dir='ltr'><strong>non</strong></span> <span class='ocrx_word' id='word_1_157' title='bbox 1037 1631 1107 1678; x_wconf 89' lang='lat' dir='ltr'><strong>esse</strong></span> <span class='ocrx_word' id='word_1_158' title='bbox 1130 1612 1198 1678; x_wconf 86' lang='lat' dir='ltr'><strong>tue·</strong></span> <span class='ocrx_word' id='word_1_159' title='bbox 1251 1611 1410 1678; x_wconf 78' lang='lat' dir='ltr'><strong>Seleucus</strong></span> <span class='ocrx_word' id='word_1_160' title='bbox 1438 1612 1506 1679; x_wconf 92' lang='lat' dir='ltr'><strong>illic</strong></span> <span class='ocrx_word' id='word_1_161' title='bbox 1535 1614 1720 1678; x_wconf 83' lang='lat' dir='ltr'><strong>dominatus</strong></span> <span class='ocrx_word' id='word_1_162' title='bbox 1747 1623 1812 1678; x_wconf 87' lang='lat' dir='ltr'><strong>ast:</strong></span> <span class='ocrx_word' id='word_1_163' title='bbox 1847 1613 1918 1680; x_wconf 88' lang='lat' dir='ltr'><strong>eine</strong></span> <span class='ocrx_word' id='word_1_164' title='bbox 1940 1623 2018 1679; x_wconf 90' lang='lat' dir='ltr'><strong>tuna</strong></span> <span class='ocrx_word' id='word_1_165' title='bbox 2041 1616 2143 1680; x_wconf 90' lang='lat' dir='ltr'><strong>ruinis</strong></span> <span class='ocrx_word' id='word_1_166' title='bbox 2167 1635 2224 1679; x_wconf 91' lang='lat' dir='ltr'><strong>ex·</strong></span> 
     </span>
     <span class='ocr_line' id='line_1_14' title="bbox 223 1697 2223 1782; baseline 0.003 -22"><span class='ocrx_word' id='word_1_167' title='bbox 223 1697 310 1764; x_wconf 90' lang='lat' dir='ltr'><strong>deris</strong></span> <span class='ocrx_word' id='word_1_168' title='bbox 343 1697 393 1762; x_wconf 89' lang='lat' dir='ltr'><strong>sui</strong></span> <span class='ocrx_word' id='word_1_169' title='bbox 426 1698 580 1776; x_wconf 89' lang='lat' dir='ltr'><strong>oblitum,</strong></span> <span class='ocrx_word' id='word_1_170' title='bbox 621 1699 770 1781; x_wconf 84' lang='lat' dir='ltr'><strong>quamvis</strong></span> <span class='ocrx_word' id='word_1_171' title='bbox 803 1697 959 1781; x_wconf 90' lang='lat' dir='ltr'><strong>populum</strong></span> <span class='ocrx_word' id='word_1_172' title='bbox 994 1697 1199 1764; x_wconf 90' lang='lat' dir='ltr'><strong>haereditate</strong></span> <span class='ocrx_word' id='word_1_173' title='bbox 1251 1708 1375 1764; x_wconf 90' lang='lat' dir='ltr'><strong>structa</strong></span> <span class='ocrx_word' id='word_1_174' title='bbox 1396 1698 1459 1763; x_wconf 84' lang='lat' dir='ltr'><strong>fuit</strong></span> <span class='ocrx_word' id='word_1_175' title='bbox 1481 1699 1558 1764; x_wconf 89' lang='lat' dir='ltr'><strong>urbs</strong></span> <span class='ocrx_word' id='word_1_176' title='bbox 1581 1697 1771 1781; x_wconf 80' lang='lat' dir='ltr'><strong>Ctesiphon,</strong></span> <span class='ocrx_word' id='word_1_177' title='bbox 1801 1698 1902 1764; x_wconf 88' lang='lat' dir='ltr'><strong>donec</strong></span> <span class='ocrx_word' id='word_1_178' title='bbox 1933 1699 2091 1782; x_wconf 87' lang='lat' dir='ltr'><strong>paulatim</strong></span> <span class='ocrx_word' id='word_1_179' title='bbox 2114 1709 2223 1765; x_wconf 88' lang='lat' dir='ltr'><strong>vetus-</strong></span> 
     </span>
     <span class='ocr_line' id='line_1_15' title="bbox 223 1782 2225 1869; baseline 0.001 -22"><span class='ocrx_word' id='word_1_180' title='bbox 223 1795 330 1849; x_wconf 90' lang='lat' dir='ltr'><strong>terraa</strong></span> <span class='ocrx_word' id='word_1_181' title='bbox 352 1785 507 1867; x_wconf 86' lang='lat' dir='ltr'><strong>privaret.</strong></span> <span class='ocrx_word' id='word_1_182' title='bbox 542 1784 616 1848; x_wconf 93' lang='lat' dir='ltr'><strong>Non</strong></span> <span class='ocrx_word' id='word_1_183' title='bbox 636 1784 790 1866; x_wconf 83' lang='lat' dir='ltr'><strong>dirigitur</strong></span> <span class='ocrx_word' id='word_1_184' title='bbox 812 1784 864 1849; x_wconf 92' lang='lat' dir='ltr'><strong>hic</strong></span> <span class='ocrx_word' id='word_1_185' title='bbox 887 1803 993 1848; x_wconf 91' lang='lat' dir='ltr'><strong>sermo</strong></span> <span class='ocrx_word' id='word_1_186' title='bbox 1017 1787 1198 1866; x_wconf 89' lang='lat' dir='ltr'><strong>promiscue</strong></span> <span class='ocrx_word' id='word_1_187' title='bbox 1250 1792 1316 1851; x_wconf 89' lang='lat' dir='ltr'><strong>tate</strong></span> <span class='ocrx_word' id='word_1_188' title='bbox 1339 1783 1514 1851; x_wconf 88' lang='lat' dir='ltr'><strong>contabait.</strong></span> <span class='ocrx_word' id='word_1_189' title='bbox 1555 1782 1656 1849; x_wconf 92' lang='lat' dir='ltr'><strong>Nulla</strong></span> <span class='ocrx_word' id='word_1_190' title='bbox 1678 1793 1788 1850; x_wconf 89' lang='lat' dir='ltr'><strong>autem</strong></span> <span class='ocrx_word' id='word_1_191' title='bbox 1811 1785 1950 1868; x_wconf 90' lang='lat' dir='ltr'><strong>contigit</strong></span> <span class='ocrx_word' id='word_1_192' title='bbox 1972 1787 2117 1866; x_wconf 89' lang='lat' dir='ltr'><strong>mutatio,</strong></span> <span class='ocrx_word' id='word_1_193' title='bbox 2140 1804 2225 1869; x_wconf 90' lang='lat' dir='ltr'><strong>quae</strong></span> 
     </span>
     <span class='ocr_line' id='line_1_16' title="bbox 223 1868 2226 1954; baseline 0 -20"><span class='ocrx_word' id='word_1_194' title='bbox 223 1868 263 1934; x_wconf 91' lang='lat' dir='ltr'><strong>ad</strong></span> <span class='ocrx_word' id='word_1_195' title='bbox 283 1877 386 1934; x_wconf 88' lang='lat' dir='ltr'><strong>totam</strong></span> <span class='ocrx_word' id='word_1_196' title='bbox 405 1870 516 1952; x_wconf 90' lang='lat' dir='ltr'><strong>populi</strong></span> <span class='ocrx_word' id='word_1_197' title='bbox 536 1889 662 1952; x_wconf 89' lang='lat' dir='ltr'><strong>corpus,</strong></span> <span class='ocrx_word' id='word_1_198' title='bbox 686 1868 957 1951; x_wconf 89' lang='lat' dir='ltr'><strong>quemadmodum</strong></span> <span class='ocrx_word' id='word_1_199' title='bbox 981 1879 1057 1935; x_wconf 89' lang='lat' dir='ltr'><strong>ante</strong></span> <span class='ocrx_word' id='word_1_200' title='bbox 1075 1870 1199 1954; x_wconf 80' lang='lat' dir='ltr'><strong>eliquat</strong></span> <span class='ocrx_word' id='word_1_201' title='bbox 1251 1891 1315 1936; x_wconf 91' lang='lat' dir='ltr'><strong>nun</strong></span> <span class='ocrx_word' id='word_1_202' title='bbox 1351 1870 1490 1934; x_wconf 90' lang='lat' dir='ltr'><strong>multum</strong></span> <span class='ocrx_word' id='word_1_203' title='bbox 1524 1869 1734 1934; x_wconf 86' lang='lat' dir='ltr'><strong>imminueret</strong></span> <span class='ocrx_word' id='word_1_204' title='bbox 1767 1891 1808 1935; x_wconf 92' lang='lat' dir='ltr'><strong>ex</strong></span> <span class='ocrx_word' id='word_1_205' title='bbox 1838 1870 2005 1953; x_wconf 89' lang='lat' dir='ltr'><strong>opulentia</strong></span> <span class='ocrx_word' id='word_1_206' title='bbox 2035 1870 2136 1937; x_wconf 90' lang='lat' dir='ltr'><strong>urbis.</strong></span> <span class='ocrx_word' id='word_1_207' title='bbox 2180 1871 2226 1935; x_wconf 79' lang='lat' dir='ltr'><strong>ln</strong></span> 
     </span>
     <span class='ocr_line' id='line_1_17' title="bbox 222 1953 2224 2040; baseline 0.001 -21"><span class='ocrx_word' id='word_1_208' title='bbox 222 1955 301 2021; x_wconf 90' lang='lat' dir='ltr'><strong>locis</strong></span> <span class='ocrx_word' id='word_1_209' title='bbox 335 1955 580 2020; x_wconf 82' lang='lat' dir='ltr'><strong>admonuimus:</strong></span> <span class='ocrx_word' id='word_1_210' title='bbox 613 1956 669 2020; x_wconf 91' lang='lat' dir='ltr'><strong>sed</strong></span> <span class='ocrx_word' id='word_1_211' title='bbox 701 1955 859 2038; x_wconf 86' lang='lat' dir='ltr'><strong>propheta</strong></span> <span class='ocrx_word' id='word_1_212' title='bbox 889 1955 995 2020; x_wconf 83' lang='lat' dir='ltr'><strong>voluit</strong></span> <span class='ocrx_word' id='word_1_213' title='bbox 1028 1957 1198 2023; x_wconf 87' lang='lat' dir='ltr'><strong>consulere</strong></span> <span class='ocrx_word' id='word_1_214' title='bbox 1251 1956 1333 2021; x_wconf 92' lang='lat' dir='ltr'><strong>nihil</strong></span> <span class='ocrx_word' id='word_1_215' title='bbox 1364 1957 1469 2040; x_wconf 90' lang='lat' dir='ltr'><strong>potuit</strong></span> <span class='ocrx_word' id='word_1_216' title='bbox 1497 1953 1642 2021; x_wconf 89' lang='lat' dir='ltr'><strong>accidere</strong></span> <span class='ocrx_word' id='word_1_217' title='bbox 1671 1956 1776 2038; x_wconf 87' lang='lat' dir='ltr'><strong>magis</strong></span> <span class='ocrx_word' id='word_1_218' title='bbox 1810 1957 2012 2040; x_wconf 90' lang='lat' dir='ltr'><strong>probrosum,</strong></span> <span class='ocrx_word' id='word_1_219' title='bbox 2047 1977 2146 2040; x_wconf 89' lang='lat' dir='ltr'><strong>qnam</strong></span> <span class='ocrx_word' id='word_1_220' title='bbox 2169 1956 2224 2023; x_wconf 90' lang='lat' dir='ltr'><strong>ubi</strong></span> 
     </span>
     <span class='ocr_line' id='line_1_18' title="bbox 222 2040 2224 2125; baseline 0.001 -20"><span class='ocrx_word' id='word_1_221' title='bbox 222 2040 333 2106; x_wconf 91' lang='lat' dir='ltr'><strong>electis</strong></span> <span class='ocrx_word' id='word_1_222' title='bbox 355 2040 429 2116; x_wconf 85' lang='lat' dir='ltr'><strong>Dei,</strong></span> <span class='ocrx_word' id='word_1_223' title='bbox 463 2043 516 2122; x_wconf 93' lang='lat' dir='ltr'><strong>qui</strong></span> <span class='ocrx_word' id='word_1_224' title='bbox 547 2042 730 2106; x_wconf 90' lang='lat' dir='ltr'><strong>retinebant</strong></span> <span class='ocrx_word' id='word_1_225' title='bbox 760 2060 889 2123; x_wconf 88' lang='lat' dir='ltr'><strong>semper</strong></span> <span class='ocrx_word' id='word_1_226' title='bbox 914 2041 1044 2124; x_wconf 86' lang='lat' dir='ltr'><strong>aliquod</strong></span> <span class='ocrx_word' id='word_1_227' title='bbox 1066 2043 1198 2125; x_wconf 89' lang='lat' dir='ltr'><strong>pietatis</strong></span> <span class='ocrx_word' id='word_1_228' title='bbox 1249 2043 1370 2125; x_wconf 78' lang='lat' dir='ltr'><strong>arrepti</strong></span> <span class='ocrx_word' id='word_1_229' title='bbox 1394 2051 1472 2106; x_wconf 88' lang='lat' dir='ltr'><strong>sant</strong></span> <span class='ocrx_word' id='word_1_230' title='bbox 1494 2041 1678 2124; x_wconf 88' lang='lat' dir='ltr'><strong>quicunque</strong></span> <span class='ocrx_word' id='word_1_231' title='bbox 1707 2041 1873 2124; x_wconf 90' lang='lat' dir='ltr'><strong>pollebant</strong></span> <span class='ocrx_word' id='word_1_232' title='bbox 1901 2041 2009 2125; x_wconf 86' lang='lat' dir='ltr'><strong>aliqua</strong></span> <span class='ocrx_word' id='word_1_233' title='bbox 2039 2043 2224 2118; x_wconf 75' lang='lat' dir='ltr'><strong>autoritate,</strong></span> 
     </span>
     <span class='ocr_line' id='line_1_19' title="bbox 222 2125 2224 2211; baseline -0 -18"><span class='ocrx_word' id='word_1_234' title='bbox 222 2126 386 2193; x_wconf 89' lang='lat' dir='ltr'><strong>stadium:</strong></span> <span class='ocrx_word' id='word_1_235' title='bbox 427 2127 548 2192; x_wconf 88' lang='lat' dir='ltr'><strong>centies</strong></span> <span class='ocrx_word' id='word_1_236' title='bbox 583 2127 671 2191; x_wconf 92' lang='lat' dir='ltr'><strong>enim</strong></span> <span class='ocrx_word' id='word_1_237' title='bbox 709 2125 953 2209; x_wconf 83' lang='lat' dir='ltr'><strong>desperassent,</strong></span> <span class='ocrx_word' id='word_1_238' title='bbox 989 2127 1054 2192; x_wconf 92' lang='lat' dir='ltr'><strong>uisi</strong></span> <span class='ocrx_word' id='word_1_239' title='bbox 1087 2127 1198 2193; x_wconf 89' lang='lat' dir='ltr'><strong>addita</strong></span> <span class='ocrx_word' id='word_1_240' title='bbox 1250 2138 1284 2191; x_wconf 92' lang='lat' dir='ltr'><strong>et</strong></span> <span class='ocrx_word' id='word_1_241' title='bbox 1302 2128 1450 2211; x_wconf 88' lang='lat' dir='ltr'><strong>suspensi</strong></span> <span class='ocrx_word' id='word_1_242' title='bbox 1471 2127 1605 2191; x_wconf 89' lang='lat' dir='ltr'><strong>fuerant</strong></span> <span class='ocrx_word' id='word_1_243' title='bbox 1622 2128 1654 2191; x_wconf 92' lang='lat' dir='ltr'><strong>in</strong></span> <span class='ocrx_word' id='word_1_244' title='bbox 1674 2126 1838 2210; x_wconf 86' lang='lat' dir='ltr'><strong>patibulis,</strong></span> <span class='ocrx_word' id='word_1_245' title='bbox 1859 2136 1897 2192; x_wconf 88' lang='lat' dir='ltr'><strong>ut</strong></span> <span class='ocrx_word' id='word_1_246' title='bbox 1915 2127 2015 2193; x_wconf 85' lang='lat' dir='ltr'><strong>refert</strong></span> <span class='ocrx_word' id='word_1_247' title='bbox 2027 2127 2224 2211; x_wconf 88' lang='lat' dir='ltr'><strong>Xenophon,</strong></span> 
     </span>
     <span class='ocr_line' id='line_1_20' title="bbox 222 2210 2224 2296; baseline 0.002 -21"><span class='ocrx_word' id='word_1_248' title='bbox 222 2213 337 2278; x_wconf 83' lang='lat' dir='ltr'><strong>inisset</strong></span> <span class='ocrx_word' id='word_1_249' title='bbox 373 2212 454 2278; x_wconf 92' lang='lat' dir='ltr'><strong>baeu</strong></span> <span class='ocrx_word' id='word_1_250' title='bbox 490 2213 671 2295; x_wconf 86' lang='lat' dir='ltr'><strong>promissio.</strong></span> <span class='ocrx_word' id='word_1_251' title='bbox 727 2212 817 2295; x_wconf 79' lang='lat' dir='ltr'><strong>Ergo</strong></span> <span class='ocrx_word' id='word_1_252' title='bbox 854 2213 1002 2296; x_wconf 89' lang='lat' dir='ltr'><strong>specialis</strong></span> <span class='ocrx_word' id='word_1_253' title='bbox 1035 2223 1084 2277; x_wconf 88' lang='lat' dir='ltr'><strong>est</strong></span> <span class='ocrx_word' id='word_1_254' title='bbox 1118 2214 1198 2281; x_wconf 89' lang='lat' dir='ltr'><strong>haec</strong></span> <span class='ocrx_word' id='word_1_255' title='bbox 1250 2223 1283 2280; x_wconf 90' lang='lat' dir='ltr'><strong>at</strong></span> <span class='ocrx_word' id='word_1_256' title='bbox 1312 2214 1367 2278; x_wconf 90' lang='lat' dir='ltr'><strong>alii</strong></span> <span class='ocrx_word' id='word_1_257' title='bbox 1398 2215 1495 2278; x_wconf 88' lang='lat' dir='ltr'><strong>etiam</strong></span> <span class='ocrx_word' id='word_1_258' title='bbox 1524 2210 1678 2278; x_wconf 79' lang='lat' dir='ltr'><strong>historici.</strong></span> <span class='ocrx_word' id='word_1_259' title='bbox 1724 2212 1822 2278; x_wconf 87' lang='lat' dir='ltr'><strong>Nunc</strong></span> <span class='ocrx_word' id='word_1_260' title='bbox 1852 2234 1930 2296; x_wconf 89' lang='lat' dir='ltr'><strong>ergo</strong></span> <span class='ocrx_word' id='word_1_261' title='bbox 1960 2223 2110 2279; x_wconf 89' lang='lat' dir='ltr'><strong>tenemus</strong></span> <span class='ocrx_word' id='word_1_262' title='bbox 2143 2234 2224 2296; x_wconf 91' lang='lat' dir='ltr'><strong>quo·</strong></span> 
     </span>
     <span class='ocr_line' id='line_1_21' title="bbox 224 2296 2225 2382; baseline 0.002 -21"><span class='ocrx_word' id='word_1_263' title='bbox 224 2297 372 2364; x_wconf 88' lang='lat' dir='ltr'><strong>doctrina</strong></span> <span class='ocrx_word' id='word_1_264' title='bbox 401 2307 556 2381; x_wconf 89' lang='lat' dir='ltr'><strong>tanquam</strong></span> <span class='ocrx_word' id='word_1_265' title='bbox 588 2299 682 2380; x_wconf 92' lang='lat' dir='ltr'><strong>panis</strong></span> <span class='ocrx_word' id='word_1_266' title='bbox 706 2298 865 2363; x_wconf 88' lang='lat' dir='ltr'><strong>liliorum:</strong></span> <span class='ocrx_word' id='word_1_267' title='bbox 895 2299 971 2382; x_wconf 90' lang='lat' dir='ltr'><strong>qnia</strong></span> <span class='ocrx_word' id='word_1_268' title='bbox 994 2300 1083 2363; x_wconf 89' lang='lat' dir='ltr'><strong>Dens</strong></span> <span class='ocrx_word' id='word_1_269' title='bbox 1106 2301 1197 2380; x_wconf 90' lang='lat' dir='ltr'><strong>quasi</strong></span> <span class='ocrx_word' id='word_1_270' title='bbox 1250 2298 1344 2365; x_wconf 91' lang='lat' dir='ltr'><strong>modo</strong></span> <span class='ocrx_word' id='word_1_271' title='bbox 1367 2298 1456 2365; x_wconf 88' lang='lat' dir='ltr'><strong>locas</strong></span> <span class='ocrx_word' id='word_1_272' title='bbox 1478 2298 1531 2364; x_wconf 91' lang='lat' dir='ltr'><strong>hio</strong></span> <span class='ocrx_word' id='word_1_273' title='bbox 1552 2298 1692 2382; x_wconf 85' lang='lat' dir='ltr'><strong>intelligi</strong></span> <span class='ocrx_word' id='word_1_274' title='bbox 1711 2296 1834 2376; x_wconf 91' lang='lat' dir='ltr'><strong>debeat,</strong></span> <span class='ocrx_word' id='word_1_275' title='bbox 1859 2307 1896 2363; x_wconf 90' lang='lat' dir='ltr'><strong>ut</strong></span> <span class='ocrx_word' id='word_1_276' title='bbox 1914 2299 1969 2364; x_wconf 93' lang='lat' dir='ltr'><strong>alii</strong></span> <span class='ocrx_word' id='word_1_277' title='bbox 1987 2299 2126 2365; x_wconf 88' lang='lat' dir='ltr'><strong>similes:</strong></span> <span class='ocrx_word' id='word_1_278' title='bbox 2148 2301 2225 2382; x_wconf 89' lang='lat' dir='ltr'><strong>qnia</strong></span> 
     </span>
     <span class='ocr_line' id='line_1_22' title="bbox 222 2382 2224 2467; baseline -0 -19"><span class='ocrx_word' id='word_1_279' title='bbox 222 2403 367 2449; x_wconf 90' lang='lat' dir='ltr'><strong>seorsum</strong></span> <span class='ocrx_word' id='word_1_280' title='bbox 403 2382 578 2466; x_wconf 91' lang='lat' dir='ltr'><strong>alloquitur</strong></span> <span class='ocrx_word' id='word_1_281' title='bbox 611 2383 697 2449; x_wconf 90' lang='lat' dir='ltr'><strong>solos</strong></span> <span class='ocrx_word' id='word_1_282' title='bbox 728 2383 847 2449; x_wconf 89' lang='lat' dir='ltr'><strong>electos</strong></span> <span class='ocrx_word' id='word_1_283' title='bbox 880 2395 912 2448; x_wconf 87' lang='lat' dir='ltr'><strong>et</strong></span> <span class='ocrx_word' id='word_1_284' title='bbox 941 2382 1064 2449; x_wconf 85' lang='lat' dir='ltr'><strong>fideles.</strong></span> <span class='ocrx_word' id='word_1_285' title='bbox 1110 2386 1197 2450; x_wconf 93' lang='lat' dir='ltr'><strong>Dicit</strong></span> <span class='ocrx_word' id='word_1_286' title='bbox 1250 2384 1343 2450; x_wconf 91' lang='lat' dir='ltr'><strong>Deus</strong></span> <span class='ocrx_word' id='word_1_287' title='bbox 1377 2405 1443 2450; x_wconf 91' lang='lat' dir='ltr'><strong>nou</strong></span> <span class='ocrx_word' id='word_1_288' title='bbox 1473 2391 1604 2448; x_wconf 91' lang='lat' dir='ltr'><strong>tautum</strong></span> <span class='ocrx_word' id='word_1_289' title='bbox 1637 2383 1677 2448; x_wconf 93' lang='lat' dir='ltr'><strong>do</strong></span> <span class='ocrx_word' id='word_1_290' title='bbox 1707 2402 1773 2449; x_wconf 91' lang='lat' dir='ltr'><strong>uua</strong></span> <span class='ocrx_word' id='word_1_291' title='bbox 1802 2383 1947 2449; x_wconf 88' lang='lat' dir='ltr'><strong>vindicta</strong></span> <span class='ocrx_word' id='word_1_292' title='bbox 1980 2383 2133 2467; x_wconf 90' lang='lat' dir='ltr'><strong>loquitur,</strong></span> <span class='ocrx_word' id='word_1_293' title='bbox 2167 2385 2224 2450; x_wconf 90' lang='lat' dir='ltr'><strong>ssd</strong></span> 
     </span>
     <span class='ocr_line' id='line_1_23' title="bbox 223 2468 2225 2554; baseline 0.001 -20"><span class='ocrx_word' id='word_1_294' title='bbox 223 2478 332 2534; x_wconf 91' lang='lat' dir='ltr'><strong>autem</strong></span> <span class='ocrx_word' id='word_1_295' title='bbox 357 2469 448 2534; x_wconf 91' lang='lat' dir='ltr'><strong>Deus</strong></span> <span class='ocrx_word' id='word_1_296' title='bbox 476 2489 510 2533; x_wconf 92' lang='lat' dir='ltr'><strong>se</strong></span> <span class='ocrx_word' id='word_1_297' title='bbox 533 2470 738 2535; x_wconf 85' lang='lat' dir='ltr'><strong>visitaturum</strong></span> <span class='ocrx_word' id='word_1_298' title='bbox 763 2469 867 2550; x_wconf 72' lang='lat' dir='ltr'><strong>finitis</strong></span> <span class='ocrx_word' id='word_1_299' title='bbox 895 2470 990 2535; x_wconf 90' lang='lat' dir='ltr'><strong>annis</strong></span> <span class='ocrx_word' id='word_1_300' title='bbox 1014 2475 1060 2534; x_wconf 87' lang='lat'><strong>70</strong></span> <span class='ocrx_word' id='word_1_301' title='bbox 1080 2472 1196 2552; x_wconf 86' lang='lat' dir='ltr'><strong>iniqui·</strong></span> <span class='ocrx_word' id='word_1_302' title='bbox 1249 2469 1495 2554; x_wconf 90' lang='lat' dir='ltr'><strong>comprehendit</strong></span> <span class='ocrx_word' id='word_1_303' title='bbox 1529 2475 1577 2533; x_wconf 91' lang='lat' dir='ltr'><strong>tot</strong></span> <span class='ocrx_word' id='word_1_304' title='bbox 1604 2468 1723 2535; x_wconf 89' lang='lat' dir='ltr'><strong>indicia</strong></span> <span class='ocrx_word' id='word_1_305' title='bbox 1752 2469 1868 2552; x_wconf 91' lang='lat' dir='ltr'><strong>quibas</strong></span> <span class='ocrx_word' id='word_1_306' title='bbox 1898 2470 1988 2536; x_wconf 90' lang='lat' dir='ltr'><strong>ultus</strong></span> <span class='ocrx_word' id='word_1_307' title='bbox 2015 2480 2065 2536; x_wconf 87' lang='lat' dir='ltr'><strong>est</strong></span> <span class='ocrx_word' id='word_1_308' title='bbox 2087 2471 2225 2536; x_wconf 89' lang='lat' dir='ltr'><strong>iniurias</strong></span> 
     </span>
     <span class='ocr_line' id='line_1_24' title="bbox 222 2553 1909 2641; baseline -0.001 -21"><span class='ocrx_word' id='word_1_309' title='bbox 222 2560 313 2620; x_wconf 84' lang='lat' dir='ltr'><strong>tatem</strong></span> <span class='ocrx_word' id='word_1_310' title='bbox 334 2555 420 2640; x_wconf 75' lang='lat' dir='ltr'><strong>regis</strong></span> <span class='ocrx_word' id='word_1_311' title='bbox 443 2553 607 2634; x_wconf 77' lang='lat' dir='ltr'><strong>Chaldaei,</strong></span> <span class='ocrx_word' id='word_1_312' title='bbox 636 2557 779 2620; x_wconf 87' lang='lat' dir='ltr'><strong>ettatius</strong></span> <span class='ocrx_word' id='word_1_313' title='bbox 794 2555 917 2636; x_wconf 61' lang='lat' dir='ltr'><strong>popam.</strong></span> <span class='ocrx_word' id='word_1_314' title='bbox 962 2555 1050 2621; x_wconf 90' lang='lat' dir='ltr'><strong>Hinc</strong></span> <span class='ocrx_word' id='word_1_315' title='bbox 1073 2557 1197 2640; x_wconf 87' lang='lat' dir='ltr'><strong>colligi·</strong></span> <span class='ocrx_word' id='word_1_316' title='bbox 1249 2557 1369 2641; x_wconf 92' lang='lat' dir='ltr'><strong>populo</strong></span> <span class='ocrx_word' id='word_1_317' title='bbox 1391 2577 1450 2623; x_wconf 90' lang='lat' dir='ltr'><strong>suo</strong></span> <span class='ocrx_word' id='word_1_318' title='bbox 1473 2555 1589 2622; x_wconf 91' lang='lat' dir='ltr'><strong>illatas.</strong></span> <span class='ocrx_word' id='word_1_319' title='bbox 1633 2554 1731 2621; x_wconf 91' lang='lat' dir='ltr'><strong>Nunc</strong></span> <span class='ocrx_word' id='word_1_320' title='bbox 1752 2555 1909 2639; x_wconf 90' lang='lat' dir='ltr'><strong>sequitur,</strong></span> 
     </span>
     <span class='ocr_line' id='line_1_25' title="bbox 224 2639 1196 2716; baseline 0.002 -12"><span class='ocrx_word' id='word_1_321' title='bbox 224 2661 298 2705; x_wconf 90' lang='lat' dir='ltr'><strong>mus</strong></span> <span class='ocrx_word' id='word_1_322' title='bbox 315 2639 577 2705; x_wconf 84' lang='lat' dir='ltr'><strong>Nabuhsdnccor</strong></span> <span class='ocrx_word' id='word_1_323' title='bbox 601 2662 663 2706; x_wconf 90' lang='lat' dir='ltr'><strong>non</strong></span> <span class='ocrx_word' id='word_1_324' title='bbox 684 2642 783 2706; x_wconf 88' lang='lat' dir='ltr'><strong>inisse</strong></span> <span class='ocrx_word' id='word_1_325' title='bbox 803 2649 955 2706; x_wconf 88' lang='lat' dir='ltr'><strong>vocatum</strong></span> <span class='ocrx_word' id='word_1_326' title='bbox 968 2641 1030 2705; x_wconf 92' lang='lat' dir='ltr'><strong>Dei</strong></span> <span class='ocrx_word' id='word_1_327' title='bbox 1054 2663 1196 2716; x_wconf 86' lang='lat' dir='ltr'><strong>servum,</strong></span> 
     </span>
     <span class='ocr_line' id='line_1_26' title="bbox 223 2724 2225 2810; baseline 0 -20"><span class='ocrx_word' id='word_1_328' title='bbox 223 2724 314 2810; x_wconf 86' lang='lat' dir='ltr'><strong>quasi</strong></span> <span class='ocrx_word' id='word_1_329' title='bbox 338 2725 458 2808; x_wconf 88' lang='lat' dir='ltr'><strong>aliquid</strong></span> <span class='ocrx_word' id='word_1_330' title='bbox 482 2729 617 2792; x_wconf 91' lang='lat' dir='ltr'><strong>meritus</strong></span> <span class='ocrx_word' id='word_1_331' title='bbox 640 2728 739 2792; x_wconf 86' lang='lat' dir='ltr'><strong>tuerit</strong></span> <span class='ocrx_word' id='word_1_332' title='bbox 761 2748 819 2791; x_wconf 90' lang='lat' dir='ltr'><strong>suo</strong></span> <span class='ocrx_word' id='word_1_333' title='bbox 841 2726 1012 2809; x_wconf 90' lang='lat' dir='ltr'><strong>obsequio:</strong></span> <span class='ocrx_word' id='word_1_334' title='bbox 1038 2727 1095 2792; x_wconf 89' lang='lat' dir='ltr'><strong>sed</strong></span> <span class='ocrx_word' id='word_1_335' title='bbox 1117 2749 1196 2810; x_wconf 93' lang='lat' dir='ltr'><strong>quo·</strong></span> <span class='ocrx_word' id='word_1_336' title='bbox 1337 2729 1387 2793; x_wconf 88' lang='grc'><strong>13.</strong></span> <span class='ocrx_word' id='word_1_337' title='bbox 1417 2726 1462 2793; x_wconf 79' lang='lat' dir='ltr'><strong>at</strong></span> <span class='ocrx_word' id='word_1_338' title='bbox 1483 2726 1638 2792; x_wconf 87' lang='lat' dir='ltr'><strong>adducam</strong></span> <span class='ocrx_word' id='word_1_339' title='bbox 1658 2733 1893 2808; x_wconf 86' lang='lat' dir='ltr'><strong>superterram</strong></span> <span class='ocrx_word' id='word_1_340' title='bbox 1922 2726 2012 2792; x_wconf 87' lang='lat' dir='ltr'><strong>illam</strong></span> <span class='ocrx_word' id='word_1_341' title='bbox 2034 2746 2140 2792; x_wconf 88' lang='lat' dir='ltr'><strong>ornnes</strong></span> <span class='ocrx_word' id='word_1_342' title='bbox 2159 2747 2225 2792; x_wconf 88' lang='lat' dir='ltr'><strong>ser·</strong></span> 
     </span>
     <span class='ocr_line' id='line_1_27' title="bbox 222 2810 2225 2896; baseline 0.001 -20"><span class='ocrx_word' id='word_1_343' title='bbox 222 2813 310 2877; x_wconf 94' lang='lat' dir='ltr'><strong>uiam</strong></span> <span class='ocrx_word' id='word_1_344' title='bbox 328 2810 421 2876; x_wconf 89' lang='lat' dir='ltr'><strong>Dens</strong></span> <span class='ocrx_word' id='word_1_345' title='bbox 443 2813 550 2893; x_wconf 89' lang='lat' dir='ltr'><strong>ipsam</strong></span> <span class='ocrx_word' id='word_1_346' title='bbox 572 2813 722 2892; x_wconf 91' lang='lat' dir='ltr'><strong>invitum,</strong></span> <span class='ocrx_word' id='word_1_347' title='bbox 743 2812 798 2876; x_wconf 86' lang='lat' dir='ltr'><strong>vel</strong></span> <span class='ocrx_word' id='word_1_348' title='bbox 817 2811 899 2876; x_wconf 91' lang='lat' dir='ltr'><strong>nihil</strong></span> <span class='ocrx_word' id='word_1_349' title='bbox 919 2812 982 2878; x_wconf 90' lang='lat' dir='ltr'><strong>tale</strong></span> <span class='ocrx_word' id='word_1_350' title='bbox 1002 2813 1196 2878; x_wconf 87' lang='lat' dir='ltr'><strong>sentientem</strong></span> <span class='ocrx_word' id='word_1_351' title='bbox 1249 2833 1356 2879; x_wconf 88' lang='lat' dir='ltr'><strong>mones</strong></span> <span class='ocrx_word' id='word_1_352' title='bbox 1375 2833 1461 2878; x_wconf 89' lang='lat' dir='ltr'><strong>meos</strong></span> <span class='ocrx_word' id='word_1_353' title='bbox 1482 2831 1560 2894; x_wconf 86' lang='lat' dir='ltr'><strong>quos</strong></span> <span class='ocrx_word' id='word_1_354' title='bbox 1583 2812 1725 2892; x_wconf 88' lang='lat' dir='ltr'><strong>loquutus</strong></span> <span class='ocrx_word' id='word_1_355' title='bbox 1746 2831 1817 2876; x_wconf 88' lang='lat' dir='ltr'><strong>sum</strong></span> <span class='ocrx_word' id='word_1_356' title='bbox 1838 2831 1934 2893; x_wconf 88' lang='lat' dir='ltr'><strong>super</strong></span> <span class='ocrx_word' id='word_1_357' title='bbox 1958 2832 2035 2896; x_wconf 89' lang='lat' dir='ltr'><strong>earn,</strong></span> <span class='ocrx_word' id='word_1_358' title='bbox 2069 2811 2225 2894; x_wconf 88' lang='lat' dir='ltr'><strong>quidquid</strong></span> 
     </span>
     <span class='ocr_line' id='line_1_28' title="bbox 224 2895 2225 2981; baseline 0 -19"><span class='ocrx_word' id='word_1_359' title='bbox 224 2897 332 2980; x_wconf 91' lang='lat' dir='ltr'><strong>rapuit</strong></span> <span class='ocrx_word' id='word_1_360' title='bbox 357 2895 397 2960; x_wconf 90' lang='lat' dir='ltr'><strong>ad</strong></span> <span class='ocrx_word' id='word_1_361' title='bbox 420 2897 620 2981; x_wconf 90' lang='lat' dir='ltr'><strong>incognitum</strong></span> <span class='ocrx_word' id='word_1_362' title='bbox 652 2897 839 2980; x_wconf 87' lang='lat' dir='ltr'><strong>obsequium</strong></span> <span class='ocrx_word' id='word_1_363' title='bbox 871 2919 936 2962; x_wconf 92' lang='lat' dir='ltr'><strong>una</strong></span> <span class='ocrx_word' id='word_1_364' title='bbox 959 2919 1031 2964; x_wconf 91' lang='lat' dir='ltr'><strong>uum</strong></span> <span class='ocrx_word' id='word_1_365' title='bbox 1059 2898 1197 2964; x_wconf 92' lang='lat' dir='ltr'><strong>subditis</strong></span> <span class='ocrx_word' id='word_1_366' title='bbox 1250 2901 1401 2981; x_wconf 75' lang='lat' dir='ltr'><strong>sumptum</strong></span> <span class='ocrx_word' id='word_1_367' title='bbox 1422 2903 1467 2963; x_wconf 91' lang='lat' dir='ltr'><strong>est</strong></span> <span class='ocrx_word' id='word_1_368' title='bbox 1486 2897 1522 2962; x_wconf 88' lang='lat' dir='ltr'><strong>iu</strong></span> <span class='ocrx_word' id='word_1_369' title='bbox 1544 2897 1624 2962; x_wconf 89' lang='lat' dir='ltr'><strong>libro</strong></span> <span class='ocrx_word' id='word_1_370' title='bbox 1649 2896 1714 2980; x_wconf 89' lang='lat' dir='ltr'><strong>hoc,</strong></span> <span class='ocrx_word' id='word_1_371' title='bbox 1743 2897 1828 2978; x_wconf 84' lang='lat' dir='ltr'><strong>qnod</strong></span> <span class='ocrx_word' id='word_1_372' title='bbox 1849 2895 2048 2979; x_wconf 83' lang='lat' dir='ltr'><strong>prophetavit</strong></span> <span class='ocrx_word' id='word_1_373' title='bbox 2070 2897 2225 2963; x_wconf 79' lang='lat' dir='ltr'><strong>Ieremias</strong></span> 
     </span>
     <span class='ocr_line' id='line_1_29' title="bbox 224 2980 2224 3068; baseline -0.001 -20"><span class='ocrx_word' id='word_1_374' title='bbox 224 2983 304 3048; x_wconf 90' lang='lat' dir='ltr'><strong>eins.</strong></span> <span class='ocrx_word' id='word_1_375' title='bbox 339 2982 429 3066; x_wconf 79' lang='lat' dir='ltr'><strong>Ergo</strong></span> <span class='ocrx_word' id='word_1_376' title='bbox 450 2983 600 3066; x_wconf 90' lang='lat' dir='ltr'><strong>quamvis</strong></span> <span class='ocrx_word' id='word_1_377' title='bbox 624 2982 788 3048; x_wconf 89' lang='lat' dir='ltr'><strong>Dominus</strong></span> <span class='ocrx_word' id='word_1_378' title='bbox 810 2993 924 3048; x_wconf 89' lang='lat' dir='ltr'><strong>utatur</strong></span> <span class='ocrx_word' id='word_1_379' title='bbox 945 2984 1056 3066; x_wconf 92' lang='lat' dir='ltr'><strong>impiis</strong></span> <span class='ocrx_word' id='word_1_380' title='bbox 1078 2985 1119 3050; x_wconf 92' lang='lat' dir='ltr'><strong>ad</strong></span> <span class='ocrx_word' id='word_1_381' title='bbox 1140 3007 1197 3050; x_wconf 89' lang='lat' dir='ltr'><strong>ex·</strong></span> <span class='ocrx_word' id='word_1_382' title='bbox 1249 3005 1344 3068; x_wconf 82' lang='lat' dir='ltr'><strong>super</strong></span> <span class='ocrx_word' id='word_1_383' title='bbox 1364 3003 1468 3050; x_wconf 87' lang='lat' dir='ltr'><strong>omues</strong></span> <span class='ocrx_word' id='word_1_384' title='bbox 1489 2987 1593 3065; x_wconf 75' lang='lat' dir='ltr'><strong>pentes</strong></span> <span class='ocrx_word' id='word_1_385' title='bbox 1621 2980 1687 3067; x_wconf 82' lang='lat' dir='ltr'><strong>(vel</strong></span> <span class='ocrx_word' id='word_1_386' title='bbox 1709 2983 1745 3047; x_wconf 92' lang='lat' dir='ltr'><strong>iu</strong></span> <span class='ocrx_word' id='word_1_387' title='bbox 1767 3002 1832 3065; x_wconf 90' lang='lat' dir='ltr'><strong>qao</strong></span> <span class='ocrx_word' id='word_1_388' title='bbox 1854 2983 2072 3065; x_wconf 90' lang='lat' dir='ltr'><strong>prophetavit,</strong></span> <span class='ocrx_word' id='word_1_389' title='bbox 2104 2984 2131 3049; x_wconf 91' lang='lat' dir='ltr'><strong>si</strong></span> <span class='ocrx_word' id='word_1_390' title='bbox 2154 2983 2224 3066; x_wconf 89' lang='lat' dir='ltr'><strong>pla-</strong></span> 
     </span>
     <span class='ocr_line' id='line_1_30' title="bbox 224 3066 1692 3153; baseline -0.001 -20"><span class='ocrx_word' id='word_1_391' title='bbox 224 3068 387 3152; x_wconf 87' lang='lat' dir='ltr'><strong>seqncuda</strong></span> <span class='ocrx_word' id='word_1_392' title='bbox 409 3089 470 3132; x_wconf 91' lang='lat' dir='ltr'><strong>sua</strong></span> <span class='ocrx_word' id='word_1_393' title='bbox 492 3067 619 3145; x_wconf 89' lang='lat' dir='ltr'><strong>indicia,</strong></span> <span class='ocrx_word' id='word_1_394' title='bbox 652 3079 762 3134; x_wconf 85' lang='lat' dir='ltr'><strong>tamen</strong></span> <span class='ocrx_word' id='word_1_395' title='bbox 786 3089 850 3133; x_wconf 92' lang='lat' dir='ltr'><strong>non</strong></span> <span class='ocrx_word' id='word_1_396' title='bbox 873 3069 945 3133; x_wconf 92' lang='lat' dir='ltr'><strong>ideo</strong></span> <span class='ocrx_word' id='word_1_397' title='bbox 968 3070 1064 3152; x_wconf 88' lang='lat' dir='ltr'><strong>culpa</strong></span> <span class='ocrx_word' id='word_1_398' title='bbox 1086 3090 1197 3134; x_wconf 90' lang='lat' dir='ltr'><strong>corum</strong></span> <span class='ocrx_word' id='word_1_399' title='bbox 1251 3083 1323 3138; x_wconf 87' lang='lat' dir='ltr'><strong>caat</strong></span> <span class='ocrx_word' id='word_1_400' title='bbox 1345 3069 1465 3136; x_wconf 84' lang='lat' dir='ltr'><strong>reterre</strong></span> <span class='ocrx_word' id='word_1_401' title='bbox 1488 3067 1528 3133; x_wconf 91' lang='lat' dir='ltr'><strong>ad</strong></span> <span class='ocrx_word' id='word_1_402' title='bbox 1551 3066 1692 3153; x_wconf 89' lang='lat' dir='ltr'><strong>librum).</strong></span> 
     </span>
     <span class='ocr_line' id='line_1_31' title="bbox 224 3153 1197 3231; baseline 0.002 -14"><span class='ocrx_word' id='word_1_403' title='bbox 224 3154 363 3231; x_wconf 86' lang='lat' dir='ltr'><strong>levatur,</strong></span> <span class='ocrx_word' id='word_1_404' title='bbox 398 3164 532 3218; x_wconf 89' lang='lat' dir='ltr'><strong>manent</strong></span> <span class='ocrx_word' id='word_1_405' title='bbox 565 3153 777 3219; x_wconf 88' lang='lat' dir='ltr'><strong>nihilominus</strong></span> <span class='ocrx_word' id='word_1_406' title='bbox 809 3155 940 3219; x_wconf 88' lang='lat' dir='ltr'><strong>obnoxii</strong></span> <span class='ocrx_word' id='word_1_407' title='bbox 971 3153 1033 3218; x_wconf 88' lang='lat' dir='ltr'><strong>Dei</strong></span> <span class='ocrx_word' id='word_1_408' title='bbox 1068 3155 1197 3221; x_wconf 90' lang='lat' dir='ltr'><strong>iudiuio.</strong></span> 
     </span>
     <span class='ocr_line' id='line_1_32' title="bbox 224 3237 2226 3324; baseline 0 -19"><span class='ocrx_word' id='word_1_409' title='bbox 224 3241 270 3306; x_wconf 79' lang='lat' dir='ltr'><strong>m</strong></span> <span class='ocrx_word' id='word_1_410' title='bbox 291 3240 371 3305; x_wconf 91' lang='lat' dir='ltr'><strong>baeu</strong></span> <span class='ocrx_word' id='word_1_411' title='bbox 394 3239 457 3304; x_wconf 91' lang='lat' dir='ltr'><strong>duo</strong></span> <span class='ocrx_word' id='word_1_412' title='bbox 480 3240 569 3304; x_wconf 90' lang='lat' dir='ltr'><strong>inter</strong></span> <span class='ocrx_word' id='word_1_413' title='bbox 589 3262 625 3305; x_wconf 91' lang='lat' dir='ltr'><strong>se</strong></span> <span class='ocrx_word' id='word_1_414' title='bbox 648 3242 768 3324; x_wconf 89' lang='lat' dir='ltr'><strong>optime</strong></span> <span class='ocrx_word' id='word_1_415' title='bbox 791 3241 1001 3324; x_wconf 87' lang='lat' dir='ltr'><strong>conveniunt,</strong></span> <span class='ocrx_word' id='word_1_416' title='bbox 1025 3240 1108 3322; x_wconf 92' lang='lat' dir='ltr'><strong>quod</strong></span> <span class='ocrx_word' id='word_1_417' title='bbox 1132 3241 1199 3306; x_wconf 91' lang='lat' dir='ltr'><strong>dia·</strong></span> <span class='ocrx_word' id='word_1_418' title='bbox 1337 3239 1518 3306; x_wconf 85' lang='lat' dir='ltr'><strong>Confirmat</strong></span> <span class='ocrx_word' id='word_1_419' title='bbox 1544 3240 1746 3322; x_wconf 88' lang='lat' dir='ltr'><strong>superiorem</strong></span> <span class='ocrx_word' id='word_1_420' title='bbox 1767 3237 1958 3321; x_wconf 77' lang='lat' dir='ltr'><strong>doctrinam,</strong></span> <span class='ocrx_word' id='word_1_421' title='bbox 1990 3238 2076 3323; x_wconf 91' lang='lat' dir='ltr'><strong>quod</strong></span> <span class='ocrx_word' id='word_1_422' title='bbox 2102 3239 2226 3306; x_wconf 89' lang='lat' dir='ltr'><strong>scilicet</strong></span> 
     </span>
     <span class='ocr_line' id='line_1_33' title="bbox 225 3323 2225 3409; baseline 0.002 -18"><span class='ocrx_word' id='word_1_423' title='bbox 225 3325 316 3392; x_wconf 91' lang='lat' dir='ltr'><strong>bolus</strong></span> <span class='ocrx_word' id='word_1_424' title='bbox 338 3333 371 3390; x_wconf 93' lang='lat' dir='ltr'><strong>et</strong></span> <span class='ocrx_word' id='word_1_425' title='bbox 388 3345 502 3390; x_wconf 92' lang='lat' dir='ltr'><strong>omues</strong></span> <span class='ocrx_word' id='word_1_426' title='bbox 525 3325 617 3409; x_wconf 91' lang='lat' dir='ltr'><strong>impii</strong></span> <span class='ocrx_word' id='word_1_427' title='bbox 635 3325 707 3390; x_wconf 91' lang='lat' dir='ltr'><strong>Deo</strong></span> <span class='ocrx_word' id='word_1_428' title='bbox 729 3325 885 3406; x_wconf 87' lang='lat' dir='ltr'><strong>serviant,</strong></span> <span class='ocrx_word' id='word_1_429' title='bbox 910 3345 974 3390; x_wconf 92' lang='lat' dir='ltr'><strong>nou</strong></span> <span class='ocrx_word' id='word_1_430' title='bbox 992 3336 1117 3409; x_wconf 89' lang='lat' dir='ltr'><strong>sponte,</strong></span> <span class='ocrx_word' id='word_1_431' title='bbox 1140 3325 1198 3392; x_wconf 89' lang='lat' dir='ltr'><strong>sed</strong></span> <span class='ocrx_word' id='word_1_432' title='bbox 1251 3328 1383 3394; x_wconf 80' lang='lat' dir='ltr'><strong>adducet</strong></span> <span class='ocrx_word' id='word_1_433' title='bbox 1410 3345 1515 3391; x_wconf 85' lang='lat' dir='ltr'><strong>munes</strong></span> <span class='ocrx_word' id='word_1_434' title='bbox 1541 3345 1615 3391; x_wconf 84' lang='lat' dir='ltr'><strong>etms</strong></span> <span class='ocrx_word' id='word_1_435' title='bbox 1635 3343 1790 3391; x_wconf 76' lang='lat' dir='ltr'><strong>sermome</strong></span> <span class='ocrx_word' id='word_1_436' title='bbox 1811 3343 1908 3406; x_wconf 73' lang='lat' dir='ltr'><strong>sunm</strong></span> <span class='ocrx_word' id='word_1_437' title='bbox 1933 3323 2133 3406; x_wconf 73' lang='lat' dir='ltr'><strong>Chaldaeum,</strong></span> <span class='ocrx_word' id='word_1_438' title='bbox 2165 3327 2225 3394; x_wconf 91' lang='lat' dir='ltr'><strong>hou</strong></span> 
     </span>
     <span class='ocr_line' id='line_1_34' title="bbox 224 3409 2224 3496; baseline 0.001 -20"><span class='ocrx_word' id='word_1_439' title='bbox 224 3421 383 3496; x_wconf 90' lang='lat' dir='ltr'><strong>quatenus</strong></span> <span class='ocrx_word' id='word_1_440' title='bbox 404 3412 493 3492; x_wconf 92' lang='lat' dir='ltr'><strong>ipsos</strong></span> <span class='ocrx_word' id='word_1_441' title='bbox 512 3411 615 3476; x_wconf 90' lang='lat' dir='ltr'><strong>trahit</strong></span> <span class='ocrx_word' id='word_1_442' title='bbox 632 3431 752 3478; x_wconf 88' lang='lat' dir='ltr'><strong>aroana</strong></span> <span class='ocrx_word' id='word_1_443' title='bbox 768 3431 827 3476; x_wconf 90' lang='lat' dir='ltr'><strong>saa</strong></span> <span class='ocrx_word' id='word_1_444' title='bbox 844 3412 1000 3493; x_wconf 88' lang='lat' dir='ltr'><strong>potentie,</strong></span> <span class='ocrx_word' id='word_1_445' title='bbox 1023 3421 1057 3476; x_wconf 89' lang='lat' dir='ltr'><strong>et</strong></span> <span class='ocrx_word' id='word_1_446' title='bbox 1074 3413 1198 3478; x_wconf 89' lang='lat' dir='ltr'><strong>interea</strong></span> <span class='ocrx_word' id='word_1_447' title='bbox 1251 3422 1309 3493; x_wconf 90' lang='lat' dir='ltr'><strong>ast,</strong></span> <span class='ocrx_word' id='word_1_448' title='bbox 1338 3410 1423 3495; x_wconf 89' lang='lat' dir='ltr'><strong>quod</strong></span> <span class='ocrx_word' id='word_1_449' title='bbox 1446 3411 1581 3476; x_wconf 89' lang='lat' dir='ltr'><strong>daturus</strong></span> <span class='ocrx_word' id='word_1_450' title='bbox 1604 3410 1648 3476; x_wconf 91' lang='lat' dir='ltr'><strong>sit</strong></span> <span class='ocrx_word' id='word_1_451' title='bbox 1670 3409 1823 3476; x_wconf 85' lang='lat' dir='ltr'><strong>effectum</strong></span> <span class='ocrx_word' id='word_1_452' title='bbox 1854 3409 2035 3493; x_wconf 86' lang='lat' dir='ltr'><strong>prophetiis</strong></span> <span class='ocrx_word' id='word_1_453' title='bbox 2063 3413 2224 3491; x_wconf 91' lang='lat' dir='ltr'><strong>omnibus,</strong></span> 
     </span>
     <span class='ocr_line' id='line_1_35' title="bbox 223 3495 2226 3581; baseline 0.001 -21"><span class='ocrx_word' id='word_1_454' title='bbox 223 3499 339 3561; x_wconf 91' lang='lat' dir='ltr'><strong>merito</strong></span> <span class='ocrx_word' id='word_1_455' title='bbox 378 3497 474 3562; x_wconf 90' lang='lat' dir='ltr'><strong>luant</strong></span> <span class='ocrx_word' id='word_1_456' title='bbox 512 3517 648 3579; x_wconf 89' lang='lat' dir='ltr'><strong>poenas,</strong></span> <span class='ocrx_word' id='word_1_457' title='bbox 693 3497 789 3562; x_wconf 89' lang='lat' dir='ltr'><strong>etiam</strong></span> <span class='ocrx_word' id='word_1_458' title='bbox 830 3498 858 3560; x_wconf 92' lang='lat' dir='ltr'><strong>si</strong></span> <span class='ocrx_word' id='word_1_459' title='bbox 899 3497 969 3562; x_wconf 91' lang='lat' dir='ltr'><strong>Deo</strong></span> <span class='ocrx_word' id='word_1_460' title='bbox 1013 3498 1196 3564; x_wconf 78' lang='lat' dir='ltr'><strong>servierint.</strong></span> <span class='ocrx_word' id='word_1_461' title='bbox 1251 3507 1288 3563; x_wconf 93' lang='lat' dir='ltr'><strong>ut</strong></span> <span class='ocrx_word' id='word_1_462' title='bbox 1305 3498 1399 3564; x_wconf 79' lang='lat' dir='ltr'><strong>facile</strong></span> <span class='ocrx_word' id='word_1_463' title='bbox 1422 3507 1578 3580; x_wconf 88' lang='lat' dir='ltr'><strong>appareat</strong></span> <span class='ocrx_word' id='word_1_464' title='bbox 1595 3517 1699 3580; x_wconf 90' lang='lat' dir='ltr'><strong>neque</strong></span> <span class='ocrx_word' id='word_1_465' title='bbox 1714 3495 1887 3561; x_wconf 89' lang='lat' dir='ltr'><strong>Ieremiam</strong></span> <span class='ocrx_word' id='word_1_466' title='bbox 1911 3507 2032 3561; x_wconf 89' lang='lat' dir='ltr'><strong>temere</strong></span> <span class='ocrx_word' id='word_1_467' title='bbox 2050 3497 2226 3581; x_wconf 88' lang='lat' dir='ltr'><strong>quidquam</strong></span> 
     </span>
     <span class='ocr_line' id='line_1_36' title="bbox 224 3580 2226 3667; baseline 0.001 -21"><span class='ocrx_word' id='word_1_468' title='bbox 224 3581 385 3662; x_wconf 77' lang='lat' dir='ltr'><strong>Quamvis</strong></span> <span class='ocrx_word' id='word_1_469' title='bbox 407 3584 493 3647; x_wconf 91' lang='lat' dir='ltr'><strong>euim</strong></span> <span class='ocrx_word' id='word_1_470' title='bbox 517 3582 754 3665; x_wconf 83' lang='lat' dir='ltr'><strong>compleverint</strong></span> <span class='ocrx_word' id='word_1_471' title='bbox 775 3582 845 3649; x_wconf 90' lang='lat' dir='ltr'><strong>eins</strong></span> <span class='ocrx_word' id='word_1_472' title='bbox 868 3602 960 3666; x_wconf 88' lang='lat' dir='ltr'><strong>opus,</strong></span> <span class='ocrx_word' id='word_1_473' title='bbox 990 3591 1100 3648; x_wconf 89' lang='lat' dir='ltr'><strong>tamen</strong></span> <span class='ocrx_word' id='word_1_474' title='bbox 1122 3585 1199 3667; x_wconf 88' lang='lat' dir='ltr'><strong>qnia</strong></span> <span class='ocrx_word' id='word_1_475' title='bbox 1251 3583 1461 3667; x_wconf 84' lang='lat' dir='ltr'><strong>praedixisse,</strong></span> <span class='ocrx_word' id='word_1_476' title='bbox 1488 3602 1593 3664; x_wconf 90' lang='lat' dir='ltr'><strong>neque</strong></span> <span class='ocrx_word' id='word_1_477' title='bbox 1614 3583 1713 3646; x_wconf 90' lang='lat' dir='ltr'><strong>etiam</strong></span> <span class='ocrx_word' id='word_1_478' title='bbox 1736 3580 1845 3646; x_wconf 86' lang='lat' dir='ltr'><strong>Deum</strong></span> <span class='ocrx_word' id='word_1_479' title='bbox 1869 3583 1975 3663; x_wconf 89' lang='lat' dir='ltr'><strong>ipsum</strong></span> <span class='ocrx_word' id='word_1_480' title='bbox 2000 3603 2057 3663; x_wconf 92' lang='lat' dir='ltr'><strong>per</strong></span> <span class='ocrx_word' id='word_1_481' title='bbox 2078 3604 2114 3648; x_wconf 92' lang='lat' dir='ltr'><strong>os</strong></span> <span class='ocrx_word' id='word_1_482' title='bbox 2137 3585 2226 3648; x_wconf 86' lang='lat' dir='ltr'><strong>servi</strong></span> 
     </span>
     <span class='ocr_line' id='line_1_37' title="bbox 223 3666 2225 3750; baseline 0.001 -18"><span class='ocrx_word' id='word_1_483' title='bbox 223 3666 308 3733; x_wconf 91' lang='lat' dir='ltr'><strong>nibil</strong></span> <span class='ocrx_word' id='word_1_484' title='bbox 341 3669 406 3734; x_wconf 91' lang='lat' dir='ltr'><strong>illis</strong></span> <span class='ocrx_word' id='word_1_485' title='bbox 440 3668 631 3734; x_wconf 90' lang='lat' dir='ltr'><strong>mandatum</strong></span> <span class='ocrx_word' id='word_1_486' title='bbox 666 3676 730 3747; x_wconf 89' lang='lat' dir='ltr'><strong>est,</strong></span> <span class='ocrx_word' id='word_1_487' title='bbox 769 3666 842 3733; x_wconf 92' lang='lat' dir='ltr'><strong>ideo</strong></span> <span class='ocrx_word' id='word_1_488' title='bbox 875 3679 953 3734; x_wconf 89' lang='lat' dir='ltr'><strong>sant</strong></span> <span class='ocrx_word' id='word_1_489' title='bbox 986 3669 1198 3750; x_wconf 88' lang='lat' dir='ltr'><strong>damnabiles,</strong></span> <span class='ocrx_word' id='word_1_490' title='bbox 1250 3671 1300 3736; x_wconf 90' lang='lat' dir='ltr'><strong>eui</strong></span> <span class='ocrx_word' id='word_1_491' title='bbox 1323 3670 1445 3733; x_wconf 87' lang='lat' dir='ltr'><strong>frustra</strong></span> <span class='ocrx_word' id='word_1_492' title='bbox 1466 3667 1639 3732; x_wconf 89' lang='lat' dir='ltr'><strong>minatum.</strong></span> <span class='ocrx_word' id='word_1_493' title='bbox 1677 3666 1769 3732; x_wconf 87' lang='lat' dir='ltr'><strong>Haeo</strong></span> <span class='ocrx_word' id='word_1_494' title='bbox 1790 3666 1893 3750; x_wconf 88' lang='lat' dir='ltr'><strong>igitur</strong></span> <span class='ocrx_word' id='word_1_495' title='bbox 1914 3687 2043 3731; x_wconf 86' lang='lat' dir='ltr'><strong>summa</strong></span> <span class='ocrx_word' id='word_1_496' title='bbox 2064 3676 2129 3734; x_wconf 90' lang='lat' dir='ltr'><strong>est:</strong></span> <span class='ocrx_word' id='word_1_497' title='bbox 2151 3669 2225 3734; x_wconf 90' lang='lat' dir='ltr'><strong>ideo</strong></span> 
     </span>
     <span class='ocr_line' id='line_1_38' title="bbox 225 3751 2227 3837; baseline 0.003 -20"><span class='ocrx_word' id='word_1_498' title='bbox 225 3753 495 3836; x_wconf 88' lang='lat' dir='ltr'><strong>quemadmodum</strong></span> <span class='ocrx_word' id='word_1_499' title='bbox 520 3754 573 3820; x_wconf 94' lang='lat' dir='ltr'><strong>hiu</strong></span> <span class='ocrx_word' id='word_1_500' title='bbox 597 3754 689 3819; x_wconf 90' lang='lat' dir='ltr'><strong>docet</strong></span> <span class='ocrx_word' id='word_1_501' title='bbox 712 3754 880 3837; x_wconf 89' lang='lat' dir='ltr'><strong>propheta.</strong></span> <span class='ocrx_word' id='word_1_502' title='bbox 1250 3755 1400 3819; x_wconf 86' lang='lat' dir='ltr'><strong>videmus</strong></span> <span class='ocrx_word' id='word_1_503' title='bbox 1430 3773 1493 3836; x_wconf 92' lang='lat' dir='ltr'><strong>qno</strong></span> <span class='ocrx_word' id='word_1_504' title='bbox 1518 3773 1616 3818; x_wconf 89' lang='lat' dir='ltr'><strong>sensa</strong></span> <span class='ocrx_word' id='word_1_505' title='bbox 1645 3753 1731 3818; x_wconf 87' lang='lat' dir='ltr'><strong>diust</strong></span> <span class='ocrx_word' id='word_1_506' title='bbox 1761 3754 1922 3835; x_wconf 89' lang='lat' dir='ltr'><strong>propheta</strong></span> <span class='ocrx_word' id='word_1_507' title='bbox 1943 3751 2048 3817; x_wconf 89' lang='lat' dir='ltr'><strong>Deum</strong></span> <span class='ocrx_word' id='word_1_508' title='bbox 2076 3755 2227 3822; x_wconf 84' lang='lat' dir='ltr'><strong>adducere</strong></span> 
     </span>
     <span class='ocr_line' id='line_1_39' title="bbox 1249 3835 2224 3924; baseline 0 -18"><span class='ocrx_word' id='word_1_509' title='bbox 1249 3859 1404 3906; x_wconf 80' lang='lat' dir='ltr'><strong>sermome</strong></span> <span class='ocrx_word' id='word_1_510' title='bbox 1417 3859 1500 3904; x_wconf 77' lang='lat' dir='ltr'><strong>utus.</strong></span> <span class='ocrx_word' id='word_1_511' title='bbox 1523 3837 1554 3902; x_wconf 88' lang='lat' dir='ltr'>N</span> <span class='ocrx_word' id='word_1_512' title='bbox 1556 3858 1607 3902; x_wconf 90' lang='lat' dir='ltr'><strong>am</strong></span> <span class='ocrx_word' id='word_1_513' title='bbox 1623 3847 1702 3902; x_wconf 88' lang='lat' dir='ltr'><strong>tanc</strong></span> <span class='ocrx_word' id='word_1_514' title='bbox 1717 3837 1869 3920; x_wconf 83' lang='lat' dir='ltr'><strong>loquutus</strong></span> <span class='ocrx_word' id='word_1_515' title='bbox 1882 3846 1940 3902; x_wconf 90' lang='lat' dir='ltr'><strong>est.</strong></span> <span class='ocrx_word' id='word_1_516' title='bbox 1963 3835 2029 3903; x_wconf 86' lang='lat' dir='ltr'><strong>Sed</strong></span> <span class='ocrx_word' id='word_1_517' title='bbox 2042 3840 2118 3921; x_wconf 91' lang='lat' dir='ltr'><strong>quia</strong></span> <span class='ocrx_word' id='word_1_518' title='bbox 2132 3842 2224 3924; x_wconf 93' lang='lat' dir='ltr'><strong>impii</strong></span> 
     </span>
     <span class='ocr_line' id='line_1_40' title="bbox 311 3923 2226 4009; baseline 0.002 -21"><span class='ocrx_word' id='word_1_519' title='bbox 311 3925 534 4008; x_wconf 85' lang='lat' dir='ltr'><strong>Exposuimns</strong></span> <span class='ocrx_word' id='word_1_520' title='bbox 553 3933 715 4009; x_wconf 91' lang='lat' dir='ltr'><strong>postrema</strong></span> <span class='ocrx_word' id='word_1_521' title='bbox 733 3924 871 3991; x_wconf 90' lang='lat' dir='ltr'><strong>lectione</strong></span> <span class='ocrx_word' id='word_1_522' title='bbox 887 3927 1081 3991; x_wconf 90' lang='lat' dir='ltr'><strong>sententiam</strong></span> <span class='ocrx_word' id='word_1_523' title='bbox 1099 3925 1198 4005; x_wconf 86' lang='lat' dir='ltr'><strong>illam,</strong></span> <span class='ocrx_word' id='word_1_524' title='bbox 1251 3927 1440 3992; x_wconf 88' lang='lat' dir='ltr'><strong>existimant</strong></span> <span class='ocrx_word' id='word_1_525' title='bbox 1465 3923 1578 3989; x_wconf 88' lang='lat' dir='ltr'><strong>ludam</strong></span> <span class='ocrx_word' id='word_1_526' title='bbox 1602 3944 1671 3990; x_wconf 87' lang='lat' dir='ltr'><strong>esse</strong></span> <span class='ocrx_word' id='word_1_527' title='bbox 1695 3933 1728 3988; x_wconf 89' lang='lat' dir='ltr'><strong>et</strong></span> <span class='ocrx_word' id='word_1_528' title='bbox 1749 3925 1855 3989; x_wconf 93' lang='lat' dir='ltr'><strong>iocum</strong></span> <span class='ocrx_word' id='word_1_529' title='bbox 1879 3923 2036 4006; x_wconf 91' lang='lat' dir='ltr'><strong>quidquid</strong></span> <span class='ocrx_word' id='word_1_530' title='bbox 2059 3927 2226 4008; x_wconf 88' lang='lat' dir='ltr'><strong>profertur</strong></span> 
     </span>
     <span class='ocr_line' id='line_1_41' title="bbox 225 4008 2225 4095; baseline 0.003 -21"><span class='ocrx_word' id='word_1_531' title='bbox 225 4009 279 4074; x_wconf 91' lang='lat' dir='ltr'><strong>ubi</strong></span> <span class='ocrx_word' id='word_1_532' title='bbox 303 4010 469 4092; x_wconf 87' lang='lat' dir='ltr'><strong>praedixit</strong></span> <span class='ocrx_word' id='word_1_533' title='bbox 492 4009 582 4076; x_wconf 91' lang='lat' dir='ltr'><strong>Dens</strong></span> <span class='ocrx_word' id='word_1_534' title='bbox 610 4033 644 4077; x_wconf 91' lang='lat' dir='ltr'><strong>se</strong></span> <span class='ocrx_word' id='word_1_535' title='bbox 667 4030 790 4094; x_wconf 88' lang='lat' dir='ltr'><strong>poenas</strong></span> <span class='ocrx_word' id='word_1_536' title='bbox 820 4021 1028 4092; x_wconf 91' lang='lat' dir='ltr'><strong>sumpturum</strong></span> <span class='ocrx_word' id='word_1_537' title='bbox 1059 4011 1098 4074; x_wconf 91' lang='lat' dir='ltr'><strong>de</strong></span> <span class='ocrx_word' id='word_1_538' title='bbox 1120 4031 1198 4095; x_wconf 91' lang='lat' dir='ltr'><strong>rege</strong></span> <span class='ocrx_word' id='word_1_539' title='bbox 1252 4012 1314 4076; x_wconf 91' lang='lat' dir='ltr'><strong>Dei</strong></span> <span class='ocrx_word' id='word_1_540' title='bbox 1336 4012 1478 4094; x_wconf 89' lang='lat' dir='ltr'><strong>nomine,</strong></span> <span class='ocrx_word' id='word_1_541' title='bbox 1502 4020 1535 4075; x_wconf 90' lang='lat' dir='ltr'><strong>et</strong></span> <span class='ocrx_word' id='word_1_542' title='bbox 1558 4029 1670 4076; x_wconf 89' lang='lat' dir='ltr'><strong>secure</strong></span> <span class='ocrx_word' id='word_1_543' title='bbox 1693 4009 1844 4074; x_wconf 91' lang='lat' dir='ltr'><strong>derident</strong></span> <span class='ocrx_word' id='word_1_544' title='bbox 1865 4029 1978 4074; x_wconf 89' lang='lat' dir='ltr'><strong>omnes</strong></span> <span class='ocrx_word' id='word_1_545' title='bbox 2001 4008 2122 4078; x_wconf 90' lang='lat' dir='ltr'><strong>minas:</strong></span> <span class='ocrx_word' id='word_1_546' title='bbox 2153 4013 2225 4079; x_wconf 93' lang='lat' dir='ltr'><strong>ideo</strong></span> 
     </span>
     <span class='ocr_line' id='line_1_42' title="bbox 225 4093 2226 4181; baseline 0.003 -23"><span class='ocrx_word' id='word_1_547' title='bbox 225 4094 400 4178; x_wconf 83' lang='lat' dir='ltr'><strong>babylonio</strong></span> <span class='ocrx_word' id='word_1_548' title='bbox 422 4105 455 4160; x_wconf 90' lang='lat' dir='ltr'><strong>et</strong></span> <span class='ocrx_word' id='word_1_549' title='bbox 472 4097 543 4161; x_wconf 91' lang='lat' dir='ltr'><strong>eins</strong></span> <span class='ocrx_word' id='word_1_550' title='bbox 565 4097 692 4181; x_wconf 91' lang='lat' dir='ltr'><strong>populo,</strong></span> <span class='ocrx_word' id='word_1_551' title='bbox 716 4101 849 4180; x_wconf 90' lang='lat' dir='ltr'><strong>propter</strong></span> <span class='ocrx_word' id='word_1_552' title='bbox 871 4097 1040 4161; x_wconf 89' lang='lat' dir='ltr'><strong>saevitiam</strong></span> <span class='ocrx_word' id='word_1_553' title='bbox 1064 4117 1127 4180; x_wconf 91' lang='lat' dir='ltr'><strong>qua</strong></span> <span class='ocrx_word' id='word_1_554' title='bbox 1146 4099 1199 4163; x_wconf 90' lang='lat' dir='ltr'><strong>usi</strong></span> <span class='ocrx_word' id='word_1_555' title='bbox 1251 4097 1403 4164; x_wconf 79' lang='lat' dir='ltr'><strong>addacem</strong></span> <span class='ocrx_word' id='word_1_556' title='bbox 1429 4115 1584 4162; x_wconf 73' lang='lat' dir='ltr'><strong>ammones</strong></span> <span class='ocrx_word' id='word_1_557' title='bbox 1611 4093 1805 4160; x_wconf 89' lang='lat' dir='ltr'><strong>tantundem</strong></span> <span class='ocrx_word' id='word_1_558' title='bbox 1829 4095 1926 4172; x_wconf 88' lang='lat' dir='ltr'><strong>valet,</strong></span> <span class='ocrx_word' id='word_1_559' title='bbox 1961 4104 2059 4179; x_wconf 86' lang='lat' dir='ltr'><strong>atque</strong></span> <span class='ocrx_word' id='word_1_560' title='bbox 2089 4100 2226 4179; x_wconf 90' lang='lat' dir='ltr'><strong>probare</strong></span> 
     </span>
     <span class='ocr_line' id='line_1_43' title="bbox 225 4181 2226 4266; baseline 0.004 -23"><span class='ocrx_word' id='word_1_561' title='bbox 225 4181 357 4245; x_wconf 85' lang='lat' dir='ltr'><strong>lucrant</strong></span> <span class='ocrx_word' id='word_1_562' title='bbox 378 4187 493 4248; x_wconf 88' lang='lat' dir='ltr'><strong>contra</strong></span> <span class='ocrx_word' id='word_1_563' title='bbox 516 4182 690 4248; x_wconf 88' lang='lat' dir='ltr'><strong>israelitas.</strong></span> <span class='ocrx_word' id='word_1_564' title='bbox 729 4183 883 4246; x_wconf 88' lang='lat' dir='ltr'><strong>Diximus</strong></span> <span class='ocrx_word' id='word_1_565' title='bbox 906 4203 1088 4247; x_wconf 89' lang='lat' dir='ltr'><strong>sermonem</strong></span> <span class='ocrx_word' id='word_1_566' title='bbox 1111 4183 1199 4249; x_wconf 91' lang='lat' dir='ltr'><strong>huno</strong></span> <span class='ocrx_word' id='word_1_567' title='bbox 1252 4185 1322 4266; x_wconf 93' lang='lat' dir='ltr'><strong>ipso</strong></span> <span class='ocrx_word' id='word_1_568' title='bbox 1345 4184 1568 4264; x_wconf 88' lang='lat' dir='ltr'><strong>experimento</strong></span> <span class='ocrx_word' id='word_1_569' title='bbox 1591 4181 1700 4247; x_wconf 90' lang='lat' dir='ltr'><strong>Deam</strong></span> <span class='ocrx_word' id='word_1_570' title='bbox 1724 4201 1788 4244; x_wconf 92' lang='lat' dir='ltr'><strong>non</strong></span> <span class='ocrx_word' id='word_1_571' title='bbox 1811 4181 1942 4246; x_wconf 90' lang='lat' dir='ltr'><strong>iniicere</strong></span> <span class='ocrx_word' id='word_1_572' title='bbox 1969 4186 2127 4247; x_wconf 89' lang='lat' dir='ltr'><strong>terrorem</strong></span> <span class='ocrx_word' id='word_1_573' title='bbox 2152 4184 2226 4252; x_wconf 86' lang='lat' dir='ltr'><strong>aba·</strong></span> 
     </span>
     <span class='ocr_line' id='line_1_44' title="bbox 224 4265 2226 4354; baseline 0.002 -23"><span class='ocrx_word' id='word_1_574' title='bbox 224 4267 434 4350; x_wconf 86' lang='lat' dir='ltr'><strong>peculiariter</strong></span> <span class='ocrx_word' id='word_1_575' title='bbox 458 4267 554 4351; x_wconf 80' lang='lat' dir='ltr'><strong>dirigi</strong></span> <span class='ocrx_word' id='word_1_576' title='bbox 576 4265 617 4332; x_wconf 91' lang='lat' dir='ltr'><strong>ad</strong></span> <span class='ocrx_word' id='word_1_577' title='bbox 640 4268 770 4344; x_wconf 92' lang='lat' dir='ltr'><strong>electos,</strong></span> <span class='ocrx_word' id='word_1_578' title='bbox 802 4269 879 4350; x_wconf 90' lang='lat' dir='ltr'><strong>quia</strong></span> <span class='ocrx_word' id='word_1_579' title='bbox 900 4267 996 4332; x_wconf 93' lang='lat' dir='ltr'><strong>multi</strong></span> <span class='ocrx_word' id='word_1_580' title='bbox 1018 4289 1058 4333; x_wconf 93' lang='lat' dir='ltr'><strong>ex</strong></span> <span class='ocrx_word' id='word_1_581' title='bbox 1080 4269 1199 4354; x_wconf 89' lang='lat' dir='ltr'><strong>pupulo</strong></span> <span class='ocrx_word' id='word_1_582' title='bbox 1252 4290 1315 4352; x_wconf 93' lang='lat' dir='ltr'><strong>que</strong></span> <span class='ocrx_word' id='word_1_583' title='bbox 1342 4268 1476 4334; x_wconf 85' lang='lat' dir='ltr'><strong>effectu:</strong></span> <span class='ocrx_word' id='word_1_584' title='bbox 1507 4267 1645 4350; x_wconf 90' lang='lat' dir='ltr'><strong>deniqne</strong></span> <span class='ocrx_word' id='word_1_585' title='bbox 1675 4286 1863 4332; x_wconf 90' lang='lat' dir='ltr'><strong>sermonum</strong></span> <span class='ocrx_word' id='word_1_586' title='bbox 1892 4266 2043 4332; x_wconf 89' lang='lat' dir='ltr'><strong>adductio</strong></span> <span class='ocrx_word' id='word_1_587' title='bbox 2072 4275 2122 4333; x_wconf 91' lang='lat' dir='ltr'><strong>est</strong></span> <span class='ocrx_word' id='word_1_588' title='bbox 2150 4271 2226 4336; x_wconf 89' lang='lat' dir='ltr'><strong>fidei</strong></span> 
     </span>
     <span class='ocr_line' id='line_1_45' title="bbox 224 4350 2226 4438; baseline 0.002 -20"><span class='ocrx_word' id='word_1_589' title='bbox 224 4353 394 4435; x_wconf 89' lang='lat' dir='ltr'><strong>perierunt</strong></span> <span class='ocrx_word' id='word_1_590' title='bbox 420 4356 542 4435; x_wconf 88' lang='lat' dir='ltr'><strong>absque</strong></span> <span class='ocrx_word' id='word_1_591' title='bbox 564 4353 632 4419; x_wconf 90' lang='lat' dir='ltr'><strong>ulla</strong></span> <span class='ocrx_word' id='word_1_592' title='bbox 653 4375 711 4438; x_wconf 91' lang='lat' dir='ltr'><strong>spe</strong></span> <span class='ocrx_word' id='word_1_593' title='bbox 733 4353 865 4418; x_wconf 89' lang='lat' dir='ltr'><strong>salutis:</strong></span> <span class='ocrx_word' id='word_1_594' title='bbox 900 4353 956 4418; x_wconf 90' lang='lat' dir='ltr'><strong>sed</strong></span> <span class='ocrx_word' id='word_1_595' title='bbox 980 4355 1085 4420; x_wconf 92' lang='lat' dir='ltr'><strong>voluit</strong></span> <span class='ocrx_word' id='word_1_596' title='bbox 1108 4354 1200 4421; x_wconf 91' lang='lat' dir='ltr'><strong>Deus</strong></span> <span class='ocrx_word' id='word_1_597' title='bbox 1253 4354 1415 4438; x_wconf 92' lang='lat' dir='ltr'><strong>probatio:</strong></span> <span class='ocrx_word' id='word_1_598' title='bbox 1449 4364 1484 4417; x_wconf 92' lang='lat' dir='ltr'><strong>et</strong></span> <span class='ocrx_word' id='word_1_599' title='bbox 1505 4350 1779 4435; x_wconf 88' lang='lat' dir='ltr'><strong>quemadmodum</strong></span> <span class='ocrx_word' id='word_1_600' title='bbox 1802 4351 1867 4416; x_wconf 91' lang='lat' dir='ltr'><strong>iam</strong></span> <span class='ocrx_word' id='word_1_601' title='bbox 1890 4352 1968 4429; x_wconf 83' lang='lat' dir='ltr'><strong>dixi,</strong></span> <span class='ocrx_word' id='word_1_602' title='bbox 1999 4353 2142 4419; x_wconf 88' lang='lat' dir='ltr'><strong>refertar</strong></span> <span class='ocrx_word' id='word_1_603' title='bbox 2164 4356 2226 4424; x_wconf 88' lang='lat' dir='ltr'><strong>hou</strong></span> 
     </span>
     <span class='ocr_line' id='line_1_46' title="bbox 224 4437 2226 4521; baseline 0.002 -20"><span class='ocrx_word' id='word_1_604' title='bbox 224 4438 351 4503; x_wconf 89' lang='lat' dir='ltr'><strong>interea</strong></span> <span class='ocrx_word' id='word_1_605' title='bbox 380 4439 550 4506; x_wconf 89' lang='lat' dir='ltr'><strong>consulere</strong></span> <span class='ocrx_word' id='word_1_606' title='bbox 579 4439 743 4521; x_wconf 89' lang='lat' dir='ltr'><strong>reliqniis,</strong></span> <span class='ocrx_word' id='word_1_607' title='bbox 777 4448 811 4503; x_wconf 90' lang='lat' dir='ltr'><strong>et</strong></span> <span class='ocrx_word' id='word_1_608' title='bbox 840 4437 901 4504; x_wconf 91' lang='lat' dir='ltr'><strong>bac</strong></span> <span class='ocrx_word' id='word_1_609' title='bbox 930 4439 1056 4505; x_wconf 91' lang='lat' dir='ltr'><strong>ratione</strong></span> <span class='ocrx_word' id='word_1_610' title='bbox 1088 4441 1201 4508; x_wconf 90' lang='lat' dir='ltr'><strong>finivit</strong></span> <span class='ocrx_word' id='word_1_611' title='bbox 1253 4440 1294 4505; x_wconf 91' lang='lat' dir='ltr'><strong>ad</strong></span> <span class='ocrx_word' id='word_1_612' title='bbox 1317 4440 1486 4506; x_wconf 90' lang='lat' dir='ltr'><strong>hominum</strong></span> <span class='ocrx_word' id='word_1_613' title='bbox 1516 4438 1707 4519; x_wconf 90' lang='lat' dir='ltr'><strong>socordiam,</strong></span> <span class='ocrx_word' id='word_1_614' title='bbox 1738 4439 1792 4521; x_wconf 91' lang='lat' dir='ltr'><strong>qui</strong></span> <span class='ocrx_word' id='word_1_615' title='bbox 1819 4438 1918 4503; x_wconf 88' lang='lat' dir='ltr'><strong>fidem</strong></span> <span class='ocrx_word' id='word_1_616' title='bbox 1948 4437 2127 4505; x_wconf 90' lang='lat' dir='ltr'><strong>detrahunt</strong></span> <span class='ocrx_word' id='word_1_617' title='bbox 2156 4462 2226 4506; x_wconf 90' lang='lat' dir='ltr'><strong>ser·</strong></span> 
     </span>
     <span class='ocr_line' id='line_1_47' title="bbox 225 4523 2224 4611; baseline 0.004 -24"><span class='ocrx_word' id='word_1_618' title='bbox 225 4532 355 4607; x_wconf 89' lang='lat' dir='ltr'><strong>tempus</strong></span> <span class='ocrx_word' id='word_1_619' title='bbox 384 4524 507 4604; x_wconf 91' lang='lat' dir='ltr'><strong>exsilii,</strong></span> <span class='ocrx_word' id='word_1_620' title='bbox 536 4534 569 4588; x_wconf 92' lang='lat' dir='ltr'><strong>et</strong></span> <span class='ocrx_word' id='word_1_621' title='bbox 590 4523 754 4607; x_wconf 90' lang='lat' dir='ltr'><strong>praedixit</strong></span> <span class='ocrx_word' id='word_1_622' title='bbox 782 4545 818 4589; x_wconf 93' lang='lat' dir='ltr'><strong>se</strong></span> <span class='ocrx_word' id='word_1_623' title='bbox 841 4524 966 4589; x_wconf 90' lang='lat' dir='ltr'><strong>hostem</strong></span> <span class='ocrx_word' id='word_1_624' title='bbox 996 4525 1065 4591; x_wconf 84' lang='lat' dir='ltr'><strong>tore</strong></span> <span class='ocrx_word' id='word_1_625' title='bbox 1087 4526 1199 4611; x_wconf 82' lang='lat' dir='ltr'><strong>Baby·</strong></span> <span class='ocrx_word' id='word_1_626' title='bbox 1253 4525 1402 4590; x_wconf 89' lang='lat' dir='ltr'><strong>monibus</strong></span> <span class='ocrx_word' id='word_1_627' title='bbox 1439 4524 1520 4605; x_wconf 91' lang='lat' dir='ltr'><strong>Dei,</strong></span> <span class='ocrx_word' id='word_1_628' title='bbox 1565 4523 1666 4590; x_wconf 89' lang='lat' dir='ltr'><strong>donec</strong></span> <span class='ocrx_word' id='word_1_629' title='bbox 1703 4524 1845 4589; x_wconf 88' lang='lat' dir='ltr'><strong>convicti</strong></span> <span class='ocrx_word' id='word_1_630' title='bbox 1882 4524 1949 4588; x_wconf 90' lang='lat' dir='ltr'><strong>sint</strong></span> <span class='ocrx_word' id='word_1_631' title='bbox 1985 4525 2055 4606; x_wconf 91' lang='lat' dir='ltr'><strong>ipso</strong></span> <span class='ocrx_word' id='word_1_632' title='bbox 2093 4536 2224 4594; x_wconf 83' lang='lat' dir='ltr'><strong>eventu.</strong></span> 
     </span>
     <span class='ocr_line' id='line_1_48' title="bbox 224 4608 2225 4696; baseline 0.001 -23"><span class='ocrx_word' id='word_1_633' title='bbox 224 4610 337 4689; x_wconf 92' lang='lat' dir='ltr'><strong>loniis,</strong></span> <span class='ocrx_word' id='word_1_634' title='bbox 371 4610 448 4693; x_wconf 92' lang='lat' dir='ltr'><strong>quia</strong></span> <span class='ocrx_word' id='word_1_635' title='bbox 480 4610 591 4693; x_wconf 90' lang='lat' dir='ltr'><strong>populi</strong></span> <span class='ocrx_word' id='word_1_636' title='bbox 624 4610 676 4675; x_wconf 90' lang='lat' dir='ltr'><strong>sui</strong></span> <span class='ocrx_word' id='word_1_637' title='bbox 708 4629 840 4675; x_wconf 89' lang='lat' dir='ltr'><strong>cansam</strong></span> <span class='ocrx_word' id='word_1_638' title='bbox 875 4611 1038 4696; x_wconf 89' lang='lat' dir='ltr'><strong>suscipiet.</strong></span> <span class='ocrx_word' id='word_1_639' title='bbox 1087 4611 1199 4678; x_wconf 89' lang='lat' dir='ltr'><strong>Unum</strong></span> <span class='ocrx_word' id='word_1_640' title='bbox 1251 4611 1455 4676; x_wconf 76' lang='lat' dir='ltr'><strong>Existimant</strong></span> <span class='ocrx_word' id='word_1_641' title='bbox 1476 4611 1564 4676; x_wconf 89' lang='lat' dir='ltr'><strong>euim</strong></span> <span class='ocrx_word' id='word_1_642' title='bbox 1582 4609 1752 4675; x_wconf 89' lang='lat' dir='ltr'><strong>verberari</strong></span> <span class='ocrx_word' id='word_1_643' title='bbox 1772 4629 1881 4674; x_wconf 87' lang='lat' dir='ltr'><strong>aerem</strong></span> <span class='ocrx_word' id='word_1_644' title='bbox 1902 4608 2070 4688; x_wconf 91' lang='lat' dir='ltr'><strong>duntaxat,</strong></span> <span class='ocrx_word' id='word_1_645' title='bbox 2093 4613 2140 4676; x_wconf 90' lang='lat' dir='ltr'><strong>ita</strong></span> <span class='ocrx_word' id='word_1_646' title='bbox 2160 4633 2225 4678; x_wconf 92' lang='lat' dir='ltr'><strong>nou</strong></span> 
     </span>
     <span class='ocr_line' id='line_1_49' title="bbox 226 4694 2226 4780; baseline 0.002 -22"><span class='ocrx_word' id='word_1_647' title='bbox 226 4695 387 4760; x_wconf 88' lang='lat' dir='ltr'><strong>duntaxat</strong></span> <span class='ocrx_word' id='word_1_648' title='bbox 416 4717 481 4762; x_wconf 91' lang='lat' dir='ltr'><strong>non</strong></span> <span class='ocrx_word' id='word_1_649' title='bbox 511 4698 601 4778; x_wconf 91' lang='lat' dir='ltr'><strong>potui</strong></span> <span class='ocrx_word' id='word_1_650' title='bbox 636 4715 811 4779; x_wconf 90' lang='lat' dir='ltr'><strong>exponere,</strong></span> <span class='ocrx_word' id='word_1_651' title='bbox 846 4696 923 4776; x_wconf 90' lang='lat' dir='ltr'><strong>quia</strong></span> <span class='ocrx_word' id='word_1_652' title='bbox 953 4697 1114 4779; x_wconf 88' lang='lat' dir='ltr'><strong>propheta</strong></span> <span class='ocrx_word' id='word_1_653' title='bbox 1147 4697 1199 4764; x_wconf 92' lang='lat' dir='ltr'><strong>hic</strong></span> <span class='ocrx_word' id='word_1_654' title='bbox 1252 4706 1434 4780; x_wconf 89' lang='lat' dir='ltr'><strong>tanguntur</strong></span> <span class='ocrx_word' id='word_1_655' title='bbox 1454 4696 1521 4761; x_wconf 93' lang='lat' dir='ltr'><strong>ullo</strong></span> <span class='ocrx_word' id='word_1_656' title='bbox 1544 4695 1678 4760; x_wconf 90' lang='lat' dir='ltr'><strong>timore:</strong></span> <span class='ocrx_word' id='word_1_657' title='bbox 1705 4694 1762 4761; x_wconf 89' lang='lat' dir='ltr'><strong>sed</strong></span> <span class='ocrx_word' id='word_1_658' title='bbox 1784 4694 1879 4760; x_wconf 84' lang='lat' dir='ltr'><strong>Dans</strong></span> <span class='ocrx_word' id='word_1_659' title='bbox 1899 4697 2025 4778; x_wconf 89' lang='lat' dir='ltr'><strong>profert</strong></span> <span class='ocrx_word' id='word_1_660' title='bbox 2047 4697 2226 4762; x_wconf 87' lang='lat' dir='ltr'><strong>efficaciam</strong></span> 
     </span>
     <span class='ocr_line' id='line_1_50' title="bbox 224 4780 2224 4868; baseline 0.003 -24"><span class='ocrx_word' id='word_1_661' title='bbox 224 4781 372 4863; x_wconf 88' lang='lat' dir='ltr'><strong>loquitar</strong></span> <span class='ocrx_word' id='word_1_662' title='bbox 394 4780 433 4847; x_wconf 93' lang='lat' dir='ltr'><strong>de</strong></span> <span class='ocrx_word' id='word_1_663' title='bbox 456 4780 638 4868; x_wconf 89' lang='lat' dir='ltr'><strong>opprobriis</strong></span> <span class='ocrx_word' id='word_1_664' title='bbox 661 4781 811 4846; x_wconf 86' lang='lat' dir='ltr'><strong>aeternis.</strong></span> <span class='ocrx_word' id='word_1_665' title='bbox 842 4781 985 4847; x_wconf 88' lang='lat' dir='ltr'><strong>Videtur</strong></span> <span class='ocrx_word' id='word_1_666' title='bbox 1005 4791 1114 4848; x_wconf 91' lang='lat' dir='ltr'><strong>autem</strong></span> <span class='ocrx_word' id='word_1_667' title='bbox 1137 4783 1199 4850; x_wconf 90' lang='lat' dir='ltr'><strong>hoc</strong></span> <span class='ocrx_word' id='word_1_668' title='bbox 1252 4783 1344 4848; x_wconf 89' lang='lat' dir='ltr'><strong>verbi</strong></span> <span class='ocrx_word' id='word_1_669' title='bbox 1380 4782 1447 4860; x_wconf 88' lang='lat' dir='ltr'><strong>sui,</strong></span> <span class='ocrx_word' id='word_1_670' title='bbox 1491 4802 1591 4864; x_wconf 90' lang='lat' dir='ltr'><strong>qnam</strong></span> <span class='ocrx_word' id='word_1_671' title='bbox 1629 4783 1821 4864; x_wconf 88' lang='lat' dir='ltr'><strong>exsequitur</strong></span> <span class='ocrx_word' id='word_1_672' title='bbox 1857 4781 2013 4866; x_wconf 91' lang='lat' dir='ltr'><strong>quidquid</strong></span> <span class='ocrx_word' id='word_1_673' title='bbox 2051 4781 2224 4865; x_wconf 87' lang='lat' dir='ltr'><strong>praedixit.</strong></span> 
     </span>
     <span class='ocr_line' id='line_1_51' title="bbox 224 4867 2225 4952; baseline 0.002 -21"><span class='ocrx_word' id='word_1_674' title='bbox 224 4887 291 4932; x_wconf 90' lang='lat' dir='ltr'><strong>non</strong></span> <span class='ocrx_word' id='word_1_675' title='bbox 316 4867 415 4932; x_wconf 84' lang='lat' dir='ltr'><strong>luisse</strong></span> <span class='ocrx_word' id='word_1_676' title='bbox 437 4869 616 4951; x_wconf 91' lang='lat' dir='ltr'><strong>impletum,</strong></span> <span class='ocrx_word' id='word_1_677' title='bbox 647 4867 725 4949; x_wconf 92' lang='lat' dir='ltr'><strong>quia</strong></span> <span class='ocrx_word' id='word_1_678' title='bbox 754 4867 815 4932; x_wconf 90' lang='lat' dir='ltr'><strong>atsi</strong></span> <span class='ocrx_word' id='word_1_679' title='bbox 843 4876 914 4950; x_wconf 90' lang='lat' dir='ltr'><strong>post</strong></span> <span class='ocrx_word' id='word_1_680' title='bbox 936 4889 1039 4936; x_wconf 90' lang='lat' dir='ltr'><strong>annos</strong></span> <span class='ocrx_word' id='word_1_681' title='bbox 1068 4877 1199 4952; x_wconf 89' lang='lat' dir='ltr'><strong>septua-</strong></span> <span class='ocrx_word' id='word_1_682' title='bbox 1252 4867 1411 4934; x_wconf 87' lang='lat' dir='ltr'><strong>Videmus</strong></span> <span class='ocrx_word' id='word_1_683' title='bbox 1433 4889 1511 4952; x_wconf 87' lang='lat' dir='ltr'><strong>ergo</strong></span> <span class='ocrx_word' id='word_1_684' title='bbox 1534 4868 1727 4951; x_wconf 86' lang='lat' dir='ltr'><strong>prophetam</strong></span> <span class='ocrx_word' id='word_1_685' title='bbox 1752 4867 1835 4931; x_wconf 91' lang='lat' dir='ltr'><strong>nibil</strong></span> <span class='ocrx_word' id='word_1_686' title='bbox 1857 4867 1946 4932; x_wconf 92' lang='lat' dir='ltr'><strong>aliud</strong></span> <span class='ocrx_word' id='word_1_687' title='bbox 1967 4867 2049 4933; x_wconf 87' lang='lat' dir='ltr'><strong>vella</strong></span> <span class='ocrx_word' id='word_1_688' title='bbox 2072 4868 2134 4935; x_wconf 92' lang='lat' dir='ltr'><strong>hou</strong></span> <span class='ocrx_word' id='word_1_689' title='bbox 2157 4879 2225 4936; x_wconf 92' lang='lat' dir='ltr'><strong>toto</strong></span> 
     </span>
     <span class='ocr_line' id='line_1_52' title="bbox 225 4952 2224 5038; baseline 0.001 -22"><span class='ocrx_word' id='word_1_690' title='bbox 225 4953 317 5036; x_wconf 86' lang='lat' dir='ltr'><strong>ginta</strong></span> <span class='ocrx_word' id='word_1_691' title='bbox 339 4962 435 5036; x_wconf 87' lang='lat' dir='ltr'><strong>capta</strong></span> <span class='ocrx_word' id='word_1_692' title='bbox 457 4955 518 5018; x_wconf 88' lang='lat' dir='ltr'><strong>tuit</strong></span> <span class='ocrx_word' id='word_1_693' title='bbox 541 4954 703 5037; x_wconf 88' lang='lat' dir='ltr'><strong>Babylon,</strong></span> <span class='ocrx_word' id='word_1_694' title='bbox 730 4955 763 5016; x_wconf 89' lang='lat' dir='ltr'><strong>et</strong></span> <span class='ocrx_word' id='word_1_695' title='bbox 785 4952 917 5018; x_wconf 91' lang='lat' dir='ltr'><strong>redacta</strong></span> <span class='ocrx_word' id='word_1_696' title='bbox 940 4955 973 5018; x_wconf 95' lang='lat' dir='ltr'><strong>in</strong></span> <span class='ocrx_word' id='word_1_697' title='bbox 996 4955 1199 5038; x_wconf 88' lang='lat' dir='ltr'><strong>servitutem,</strong></span> <span class='ocrx_word' id='word_1_698' title='bbox 1251 4975 1360 5030; x_wconf 85' lang='lat' dir='ltr'><strong>versu,</strong></span> <span class='ocrx_word' id='word_1_699' title='bbox 1394 4972 1491 5036; x_wconf 89' lang='lat' dir='ltr'><strong>quam</strong></span> <span class='ocrx_word' id='word_1_700' title='bbox 1514 4964 1551 5019; x_wconf 91' lang='lat' dir='ltr'><strong>ut</strong></span> <span class='ocrx_word' id='word_1_701' title='bbox 1581 4954 1753 5019; x_wconf 90' lang='lat' dir='ltr'><strong>confirmet</strong></span> <span class='ocrx_word' id='word_1_702' title='bbox 1785 4952 1869 5034; x_wconf 90' lang='lat' dir='ltr'><strong>quod</strong></span> <span class='ocrx_word' id='word_1_703' title='bbox 1898 4953 1995 5034; x_wconf 90' lang='lat' dir='ltr'><strong>paulo</strong></span> <span class='ocrx_word' id='word_1_704' title='bbox 2025 4960 2101 5019; x_wconf 89' lang='lat' dir='ltr'><strong>ants</strong></span> <span class='ocrx_word' id='word_1_705' title='bbox 2131 4954 2224 5022; x_wconf 89' lang='lat' dir='ltr'><strong>dixit.</strong></span> 
     </span>
     <span class='ocr_line' id='line_1_53' title="bbox 225 5037 2226 5123; baseline 0.002 -21"><span class='ocrx_word' id='word_1_706' title='bbox 225 5039 317 5103; x_wconf 88' lang='lat' dir='ltr'><strong>stetit</strong></span> <span class='ocrx_word' id='word_1_707' title='bbox 347 5049 456 5103; x_wconf 86' lang='lat' dir='ltr'><strong>tamen</strong></span> <span class='ocrx_word' id='word_1_708' title='bbox 487 5041 566 5104; x_wconf 92' lang='lat' dir='ltr'><strong>urbs</strong></span> <span class='ocrx_word' id='word_1_709' title='bbox 588 5041 659 5123; x_wconf 88' lang='lat' dir='ltr'><strong>ipsa</strong></span> <span class='ocrx_word' id='word_1_710' title='bbox 682 5039 782 5118; x_wconf 90' lang='lat' dir='ltr'><strong>salva,</strong></span> <span class='ocrx_word' id='word_1_711' title='bbox 816 5045 850 5103; x_wconf 90' lang='lat' dir='ltr'><strong>et</strong></span> <span class='ocrx_word' id='word_1_712' title='bbox 872 5038 997 5121; x_wconf 91' lang='lat' dir='ltr'><strong>nobilis,</strong></span> <span class='ocrx_word' id='word_1_713' title='bbox 1031 5050 1064 5105; x_wconf 90' lang='lat' dir='ltr'><strong>et</strong></span> <span class='ocrx_word' id='word_1_714' title='bbox 1087 5040 1199 5106; x_wconf 89' lang='lat' dir='ltr'><strong>multis</strong></span> <span class='ocrx_word' id='word_1_715' title='bbox 1250 5041 1414 5122; x_wconf 86' lang='lat' dir='ltr'><strong>Loquitur</strong></span> <span class='ocrx_word' id='word_1_716' title='bbox 1444 5049 1554 5107; x_wconf 91' lang='lat' dir='ltr'><strong>autem</strong></span> <span class='ocrx_word' id='word_1_717' title='bbox 1584 5040 1624 5105; x_wconf 91' lang='lat' dir='ltr'><strong>de</strong></span> <span class='ocrx_word' id='word_1_718' title='bbox 1647 5037 1828 5105; x_wconf 80' lang='lat' dir='ltr'><strong>Chaldaea:</strong></span> <span class='ocrx_word' id='word_1_719' title='bbox 1864 5038 1951 5119; x_wconf 88' lang='lat' dir='ltr'><strong>dicit,</strong></span> <span class='ocrx_word' id='word_1_720' title='bbox 1983 5037 2086 5119; x_wconf 76' lang='lat' dir='ltr'><strong>Super</strong></span> <span class='ocrx_word' id='word_1_721' title='bbox 2107 5045 2226 5107; x_wconf 89' lang='lat' dir='ltr'><strong>terram</strong></span> 
     </span>
     <span class='ocr_line' id='line_1_54' title="bbox 225 5124 2226 5208; baseline 0.003 -20"><span class='ocrx_word' id='word_1_722' title='bbox 225 5133 299 5208; x_wconf 86' lang='lat' dir='ltr'><strong>poet</strong></span> <span class='ocrx_word' id='word_1_723' title='bbox 328 5125 466 5189; x_wconf 92' lang='lat' dir='ltr'><strong>saeculis</strong></span> <span class='ocrx_word' id='word_1_724' title='bbox 499 5125 561 5189; x_wconf 85' lang='lat' dir='ltr'><strong>tuit</strong></span> <span class='ocrx_word' id='word_1_725' title='bbox 589 5126 624 5189; x_wconf 94' lang='lat' dir='ltr'><strong>in</strong></span> <span class='ocrx_word' id='word_1_726' title='bbox 654 5126 799 5190; x_wconf 90' lang='lat' dir='ltr'><strong>maximo</strong></span> <span class='ocrx_word' id='word_1_727' title='bbox 829 5124 1011 5206; x_wconf 89' lang='lat' dir='ltr'><strong>splendore.</strong></span> <span class='ocrx_word' id='word_1_728' title='bbox 1055 5125 1200 5190; x_wconf 83' lang='lat' dir='ltr'><strong>Videtur</strong></span> <span class='ocrx_word' id='word_1_729' title='bbox 1252 5125 1342 5192; x_wconf 88' lang='lat' dir='ltr'><strong>hanc.</strong></span> <span class='ocrx_word' id='word_1_730' title='bbox 1387 5125 1432 5190; x_wconf 82' lang='lat' dir='ltr'><strong>Et</strong></span> <span class='ocrx_word' id='word_1_731' title='bbox 1453 5125 1550 5192; x_wconf 92' lang='lat' dir='ltr'><strong>simul</strong></span> <span class='ocrx_word' id='word_1_732' title='bbox 1580 5125 1723 5190; x_wconf 90' lang='lat' dir='ltr'><strong>notanda</strong></span> <span class='ocrx_word' id='word_1_733' title='bbox 1746 5132 1795 5189; x_wconf 89' lang='lat' dir='ltr'><strong>est</strong></span> <span class='ocrx_word' id='word_1_734' title='bbox 1817 5125 1920 5189; x_wconf 89' lang='lat' dir='ltr'><strong>altera</strong></span> <span class='ocrx_word' id='word_1_735' title='bbox 1949 5125 2112 5208; x_wconf 85' lang='lat' dir='ltr'><strong>loquutio:</strong></span> <span class='ocrx_word' id='word_1_736' title='bbox 2146 5127 2226 5194; x_wconf 90' lang='lat' dir='ltr'><strong>dicit</strong></span> 
     </span>
     <span class='ocr_line' id='line_1_55' title="bbox 226 5209 2225 5296; baseline 0.003 -22"><span class='ocrx_word' id='word_1_737' title='bbox 226 5230 304 5294; x_wconf 91' lang='lat' dir='ltr'><strong>ergo</strong></span> <span class='ocrx_word' id='word_1_738' title='bbox 335 5211 493 5293; x_wconf 89' lang='lat' dir='ltr'><strong>propheta</strong></span> <span class='ocrx_word' id='word_1_739' title='bbox 521 5210 654 5275; x_wconf 89' lang='lat' dir='ltr'><strong>modum</strong></span> <span class='ocrx_word' id='word_1_740' title='bbox 684 5209 839 5277; x_wconf 86' lang='lat' dir='ltr'><strong>excedere</strong></span> <span class='ocrx_word' id='word_1_741' title='bbox 868 5232 969 5293; x_wconf 89' lang='lat' dir='ltr'><strong>quum</strong></span> <span class='ocrx_word' id='word_1_742' title='bbox 992 5212 1139 5294; x_wconf 89' lang='lat' dir='ltr'><strong>loquitur</strong></span> <span class='ocrx_word' id='word_1_743' title='bbox 1161 5211 1201 5277; x_wconf 90' lang='lat' dir='ltr'><strong>de</strong></span> <span class='ocrx_word' id='word_1_744' title='bbox 1252 5213 1338 5276; x_wconf 90' lang='lat' dir='ltr'><strong>euim</strong></span> <span class='ocrx_word' id='word_1_745' title='bbox 1373 5211 1466 5276; x_wconf 90' lang='lat' dir='ltr'><strong>Deus</strong></span> <span class='ocrx_word' id='word_1_746' title='bbox 1498 5233 1532 5276; x_wconf 88' lang='lat' dir='ltr'><strong>se</strong></span> <span class='ocrx_word' id='word_1_747' title='bbox 1558 5211 1786 5292; x_wconf 81' lang='lat' dir='ltr'><strong>pronuntiasse</strong></span> <span class='ocrx_word' id='word_1_748' title='bbox 1815 5209 1873 5273; x_wconf 87' lang='lat' dir='ltr'><strong>hcc</strong></span> <span class='ocrx_word' id='word_1_749' title='bbox 1904 5229 2077 5277; x_wconf 75' lang='lat' dir='ltr'><strong>ammones:</strong></span> <span class='ocrx_word' id='word_1_750' title='bbox 2112 5223 2225 5296; x_wconf 90' lang='lat' dir='ltr'><strong>postea</strong></span> 
     </span>
     <span class='ocr_line' id='line_1_56' title="bbox 226 5294 2225 5383; baseline 0.002 -22"><span class='ocrx_word' id='word_1_751' title='bbox 226 5295 435 5361; x_wconf 88' lang='lat' dir='ltr'><strong>vastitatibus</strong></span> <span class='ocrx_word' id='word_1_752' title='bbox 468 5296 555 5376; x_wconf 90' lang='lat' dir='ltr'><strong>istis,</strong></span> <span class='ocrx_word' id='word_1_753' title='bbox 593 5297 670 5380; x_wconf 86' lang='lat' dir='ltr'><strong>quia</strong></span> <span class='ocrx_word' id='word_1_754' title='bbox 703 5296 784 5362; x_wconf 92' lang='lat' dir='ltr'><strong>nihil</strong></span> <span class='ocrx_word' id='word_1_755' title='bbox 807 5296 882 5361; x_wconf 84' lang='lat' dir='ltr'><strong>tale</strong></span> <span class='ocrx_word' id='word_1_756' title='bbox 915 5298 1067 5380; x_wconf 90' lang='lat' dir='ltr'><strong>apparuit</strong></span> <span class='ocrx_word' id='word_1_757' title='bbox 1100 5318 1200 5383; x_wconf 91' lang='lat' dir='ltr'><strong>quum</strong></span> <span class='ocrx_word' id='word_1_758' title='bbox 1252 5297 1332 5363; x_wconf 91' lang='lat' dir='ltr'><strong>dicit</strong></span> <span class='ocrx_word' id='word_1_759' title='bbox 1354 5298 1540 5363; x_wconf 91' lang='lat' dir='ltr'><strong>ministrnm</strong></span> <span class='ocrx_word' id='word_1_760' title='bbox 1563 5297 1623 5362; x_wconf 92' lang='lat' dir='ltr'><strong>sibi</strong></span> <span class='ocrx_word' id='word_1_761' title='bbox 1642 5297 1741 5362; x_wconf 84' lang='lat' dir='ltr'><strong>tuisse</strong></span> <span class='ocrx_word' id='word_1_762' title='bbox 1758 5294 1943 5374; x_wconf 90' lang='lat' dir='ltr'><strong>Ieremiam,</strong></span> <span class='ocrx_word' id='word_1_763' title='bbox 1966 5301 2000 5362; x_wconf 89' lang='lat' dir='ltr'><strong>et</strong></span> <span class='ocrx_word' id='word_1_764' title='bbox 2017 5299 2112 5380; x_wconf 91' lang='lat' dir='ltr'><strong>qnasi</strong></span> <span class='ocrx_word' id='word_1_765' title='bbox 2134 5315 2225 5383; x_wconf 90' lang='lat' dir='ltr'><strong>prae·</strong></span> 
     </span>
     <span class='ocr_line' id='line_1_57' title="bbox 226 5378 2226 5471; baseline 0.001 -24"><span class='ocrx_word' id='word_1_766' title='bbox 226 5378 304 5448; x_wconf 88' lang='lat' dir='ltr'><strong>urbs</strong></span> <span class='ocrx_word' id='word_1_767' title='bbox 326 5391 421 5464; x_wconf 90' lang='lat' dir='ltr'><strong>capta</strong></span> <span class='ocrx_word' id='word_1_768' title='bbox 443 5381 504 5446; x_wconf 89' lang='lat' dir='ltr'><strong>tuit</strong></span> <span class='ocrx_word' id='word_1_769' title='bbox 525 5403 544 5445; x_wconf 95' lang='lat' dir='ltr'><strong>a</strong></span> <span class='ocrx_word' id='word_1_770' title='bbox 567 5383 673 5448; x_wconf 86' lang='lat' dir='ltr'><strong>Medis</strong></span> <span class='ocrx_word' id='word_1_771' title='bbox 696 5391 727 5447; x_wconf 92' lang='lat' dir='ltr'><strong>et</strong></span> <span class='ocrx_word' id='word_1_772' title='bbox 749 5383 869 5448; x_wconf 89' lang='lat' dir='ltr'><strong>Persis.</strong></span> <span class='ocrx_word' id='word_1_773' title='bbox 917 5381 983 5449; x_wconf 87' lang='lat' dir='ltr'><strong>Sed</strong></span> <span class='ocrx_word' id='word_1_774' title='bbox 1013 5383 1090 5448; x_wconf 91' lang='lat' dir='ltr'><strong>alibi</strong></span> <span class='ocrx_word' id='word_1_775' title='bbox 1117 5383 1199 5449; x_wconf 92' lang='lat' dir='ltr'><strong>dixi·</strong></span> <span class='ocrx_word' id='word_1_776' title='bbox 1252 5400 1382 5450; x_wconf 90' lang='lat' dir='ltr'><strong>uocem:</strong></span> <span class='ocrx_word' id='word_1_777' title='bbox 1406 5383 1524 5448; x_wconf 90' lang='lat' dir='ltr'><strong>deinde</strong></span> <span class='ocrx_word' id='word_1_778' title='bbox 1547 5381 1686 5450; x_wconf 88' lang='lat' dir='ltr'><strong>scribam</strong></span> <span class='ocrx_word' id='word_1_779' title='bbox 1711 5381 1807 5447; x_wconf 88' lang='lat' dir='ltr'><strong>simul</strong></span> <span class='ocrx_word' id='word_1_780' title='bbox 1831 5383 1988 5448; x_wconf 90' lang='lat' dir='ltr'><strong>nominat.</strong></span> <span class='ocrx_word' id='word_1_781' title='bbox 2033 5383 2124 5449; x_wconf 90' lang='lat' dir='ltr'><strong>Deus</strong></span> <span class='ocrx_word' id='word_1_782' title='bbox 2147 5406 2226 5471; x_wconf 87' lang='lat' dir='ltr'><strong>ergo</strong></span> 
     </span>
    </p>
   </div>
   <div class='ocr_carea' id='block_1_4' title="bbox 328 5483 2022 5553">
    <p class='ocr_par' dir='ltr' id='par_1_4' title="bbox 328 5483 2022 5553">
     <span class='ocr_line' id='line_1_58' title="bbox 328 5483 2022 5553; baseline 0.001 -16"><span class='ocrx_word' id='word_1_783' title='bbox 328 5483 441 5538; x_wconf 75' lang='lat' dir='ltr'><strong>Comini</strong></span> <span class='ocrx_word' id='word_1_784' title='bbox 454 5498 549 5553; x_wconf 84' lang='lat' dir='ltr'><strong>opera.</strong></span> <span class='ocrx_word' id='word_1_785' title='bbox 579 5483 638 5538; x_wconf 87' lang='lat' dir='ltr'><strong>Vol.</strong></span> <span class='ocrx_word' id='word_1_786' title='bbox 656 5483 835 5542; x_wconf 83' lang='lat' dir='ltr'><strong>XXXVIII.</strong></span> <span class='ocrx_word' id='word_1_787' title='bbox 1988 5485 2022 5539; x_wconf 86' lang='lat'><strong>31</strong></span> 
     </span>
    </p>
   </div>
   <div class='ocr_carea' id='block_1_5' title="bbox 0 0 2588 6116">
    <p class='ocr_par' dir='ltr' id='par_1_5' title="bbox 0 0 2588 6116">
     <span class='ocr_line' id='line_1_59' title="bbox 0 0 2588 6116; baseline 0 0"><span class='ocrx_word' id='word_1_788' title='bbox 0 0 2588 6116; x_wconf 95' lang='lat' dir='ltr'><strong> </strong></span> 
     </span>
    </p>
   </div>
  </div>
 </body>
</html>
