<?xml version="1.0" encoding="UTF-8"?>
<!DOCTYPE html PUBLIC "-//W3C//DTD XHTML 1.0 Transitional//EN"
    "http://www.w3.org/TR/xhtml1/DTD/xhtml1-transitional.dtd">
<html xmlns="http://www.w3.org/1999/xhtml" xml:lang="en" lang="en">
 <head>
  <title>
</title>
<meta http-equiv="Content-Type" content="text/html;charset=utf-8" />
  <meta name='ocr-system' content='tesseract 3.04.00' />
  <meta name='ocr-capabilities' content='ocr_page ocr_carea ocr_par ocr_line ocrx_word'/>
</head>
<body>
  <div class='ocr_page' id='page_1' title='image "./corpusreformato14melagoog_0349.png"; bbox 0 0 5118 6136; ppageno 0'>
   <div class='ocr_carea' id='block_1_1' title="bbox 368 413 2377 490">
    <p class='ocr_par' dir='ltr' id='par_1_1' title="bbox 368 413 2377 490">
     <span class='ocr_line' id='line_1_1' title="bbox 368 413 2377 490; baseline -0.003 -2"><span class='ocrx_word' id='word_1_1' title='bbox 368 424 431 490; x_wconf 76' lang='lat'><strong>667</strong></span> <span class='ocrx_word' id='word_1_2' title='bbox 1178 413 1566 482; x_wconf 72' lang='lat' dir='ltr'><strong>PRAELEOTIONES</strong></span> <span class='ocrx_word' id='word_1_3' title='bbox 2314 415 2377 482; x_wconf 87' lang='grc'><strong>668</strong></span> 
     </span>
    </p>
   </div>
   <div class='ocr_carea' id='block_1_2' title="bbox 345 601 2378 5043">
    <p class='ocr_par' dir='ltr' id='par_1_2' title="bbox 345 601 2378 4962">
     <span class='ocr_line' id='line_1_2' title="bbox 370 601 2378 690; baseline -0.004 -15"><span class='ocrx_word' id='word_1_4' title='bbox 370 609 479 677; x_wconf 91' lang='lat' dir='ltr'><strong>dolore</strong></span> <span class='ocrx_word' id='word_1_5' title='bbox 500 618 535 673; x_wconf 90' lang='lat' dir='ltr'><strong>ot</strong></span> <span class='ocrx_word' id='word_1_6' title='bbox 556 605 712 685; x_wconf 88' lang='lat' dir='ltr'><strong>oruoiatu,</strong></span> <span class='ocrx_word' id='word_1_7' title='bbox 736 625 841 690; x_wconf 89' lang='lat' dir='ltr'><strong>neque</strong></span> <span class='ocrx_word' id='word_1_8' title='bbox 862 602 939 669; x_wconf 91' lang='lat' dir='ltr'><strong>edat</strong></span> <span class='ocrx_word' id='word_1_9' title='bbox 960 601 1173 684; x_wconf 33' lang='lat' dir='ltr'><strong>loetum„sed</strong></span> <span class='ocrx_word' id='word_1_10' title='bbox 1195 601 1345 668; x_wconf 85' lang='lat' dir='ltr'><strong>abortum</strong></span> <span class='ocrx_word' id='word_1_11' title='bbox 1484 602 1641 686; x_wconf 79' lang='lat' dir='ltr'><strong>Explioat</strong></span> <span class='ocrx_word' id='word_1_12' title='bbox 1680 603 1833 668; x_wconf 85' lang='lat' dir='ltr'><strong>brevibus</strong></span> <span class='ocrx_word' id='word_1_13' title='bbox 1873 601 2004 684; x_wconf 91' lang='lat' dir='ltr'><strong>quidem</strong></span> <span class='ocrx_word' id='word_1_14' title='bbox 2037 603 2163 680; x_wconf 83' lang='lat' dir='ltr'><strong>verbis,</strong></span> <span class='ocrx_word' id='word_1_15' title='bbox 2204 601 2262 666; x_wconf 88' lang='lat' dir='ltr'><strong>sed</strong></span> <span class='ocrx_word' id='word_1_16' title='bbox 2296 603 2378 668; x_wconf 88' lang='lat' dir='ltr'><strong>satis</strong></span> 
     </span>
     <span class='ocr_line' id='line_1_3' title="bbox 368 685 2377 771; baseline -0.004 -9"><span class='ocrx_word' id='word_1_17' title='bbox 368 695 470 762; x_wconf 78' lang='lat' dir='ltr'><strong>faeiat</strong></span> <span class='ocrx_word' id='word_1_18' title='bbox 503 694 556 760; x_wconf 90' lang='lat' dir='ltr'><strong>val</strong></span> <span class='ocrx_word' id='word_1_19' title='bbox 589 691 696 758; x_wconf 91' lang='lat' dir='ltr'><strong>elioiet</strong></span> <span class='ocrx_word' id='word_1_20' title='bbox 729 690 867 768; x_wconf 87' lang='lat' dir='ltr'><strong>molam,</strong></span> <span class='ocrx_word' id='word_1_21' title='bbox 907 697 944 754; x_wconf 91' lang='grc' dir='ltr'><strong>ιιι</strong></span> <span class='ocrx_word' id='word_1_22' title='bbox 976 685 1141 753; x_wconf 89' lang='lat' dir='ltr'><strong>interdum</strong></span> <span class='ocrx_word' id='word_1_23' title='bbox 1173 687 1345 770; x_wconf 78' lang='lat' dir='ltr'><strong>contingit.</strong></span> <span class='ocrx_word' id='word_1_24' title='bbox 1398 696 1510 768; x_wconf 89' lang='lat' dir='ltr'><strong>aperte</strong></span> <span class='ocrx_word' id='word_1_25' title='bbox 1533 687 1629 771; x_wconf 81' lang='lat' dir='ltr'><strong>quodl</strong></span> <span class='ocrx_word' id='word_1_26' title='bbox 1640 686 1779 754; x_wconf 85' lang='lat' dir='ltr'><strong>dixerat.</strong></span> <span class='ocrx_word' id='word_1_27' title='bbox 1825 686 1910 752; x_wconf 86' lang='lat' dir='ltr'><strong>Nam</strong></span> <span class='ocrx_word' id='word_1_28' title='bbox 1932 707 2062 769; x_wconf 87' lang='lat' dir='ltr'><strong>semper</strong></span> <span class='ocrx_word' id='word_1_29' title='bbox 2084 687 2242 752; x_wconf 88' lang='lat' dir='ltr'><strong>memorie</strong></span> <span class='ocrx_word' id='word_1_30' title='bbox 2265 697 2377 754; x_wconf 89' lang='lat' dir='ltr'><strong>tenon-</strong></span> 
     </span>
     <span class='ocr_line' id='line_1_4' title="bbox 369 771 2377 860; baseline -0.005 -12"><span class='ocrx_word' id='word_1_31' title='bbox 369 781 455 848; x_wconf 90' lang='lat' dir='ltr'><strong>Nam</strong></span> <span class='ocrx_word' id='word_1_32' title='bbox 483 778 603 846; x_wconf 89' lang='lat' dir='ltr'><strong>mulier</strong></span> <span class='ocrx_word' id='word_1_33' title='bbox 630 797 712 860; x_wconf 86' lang='lat' dir='ltr'><strong>quae</strong></span> <span class='ocrx_word' id='word_1_34' title='bbox 739 774 869 860; x_wconf 77' lang='lat' dir='ltr'>peperit</span> <span class='ocrx_word' id='word_1_35' title='bbox 890 775 1044 856; x_wconf 87' lang='lat' dir='ltr'><strong>laetatur,</strong></span> <span class='ocrx_word' id='word_1_36' title='bbox 1075 771 1347 854; x_wconf 75' lang='lat' dir='ltr'><strong>quemadmodum</strong></span> <span class='ocrx_word' id='word_1_37' title='bbox 1398 772 1459 837; x_wconf 80' lang='lat' dir='ltr'><strong>durs</strong></span> <span class='ocrx_word' id='word_1_38' title='bbox 1488 782 1539 839; x_wconf 91' lang='lat' dir='ltr'><strong>est</strong></span> <span class='ocrx_word' id='word_1_39' title='bbox 1567 773 1661 848; x_wconf 79' lang='lat' dir='ltr'><strong>ordo,</strong></span> <span class='ocrx_word' id='word_1_40' title='bbox 1684 794 1779 855; x_wconf 92' lang='lat' dir='ltr'><strong>quem</strong></span> <span class='ocrx_word' id='word_1_41' title='bbox 1810 772 1937 849; x_wconf 81' lang='lat' dir='ltr'><strong>notavi,</strong></span> <span class='ocrx_word' id='word_1_42' title='bbox 1967 771 2052 854; x_wconf 90' lang='lat' dir='ltr'><strong>quod</strong></span> <span class='ocrx_word' id='word_1_43' title='bbox 2081 771 2205 840; x_wconf 89' lang='lat' dir='ltr'><strong>soilioot</strong></span> <span class='ocrx_word' id='word_1_44' title='bbox 2231 773 2377 854; x_wconf 80' lang='lat' dir='ltr'>posuerit</span> 
     </span>
     <span class='ocr_line' id='line_1_5' title="bbox 345 856 2377 946; baseline -0.004 -14"><span class='ocrx_word' id='word_1_45' title='bbox 345 866 450 946; x_wconf 51' lang='lat' dir='ltr'><strong>,diois</strong></span> <span class='ocrx_word' id='word_1_46' title='bbox 472 863 634 942; x_wconf 79' lang='lat' dir='ltr'><strong>Christus,</strong></span> <span class='ocrx_word' id='word_1_47' title='bbox 664 863 741 945; x_wconf 90' lang='lat' dir='ltr'><strong>quia</strong></span> <span class='ocrx_word' id='word_1_48' title='bbox 764 868 935 928; x_wconf 89' lang='lat' dir='ltr'><strong>natusest</strong></span> <span class='ocrx_word' id='word_1_49' title='bbox 957 859 1055 924; x_wconf 93' lang='lat' dir='ltr'><strong>bomo</strong></span> <span class='ocrx_word' id='word_1_50' title='bbox 1077 856 1179 944; x_wconf 89' lang='lat' dir='ltr'><strong>(Ioeu.</strong></span> <span class='ocrx_word' id='word_1_51' title='bbox 1205 859 1255 938; x_wconf 88' lang='grc'><strong>16,</strong></span> <span class='ocrx_word' id='word_1_52' title='bbox 1278 857 1345 940; x_wconf 84' lang='grc'><strong>21).</strong></span> <span class='ocrx_word' id='word_1_53' title='bbox 1398 857 1529 924; x_wconf 87' lang='lat' dir='ltr'><strong>ludaeis</strong></span> <span class='ocrx_word' id='word_1_54' title='bbox 1570 866 1647 923; x_wconf 85' lang='lat' dir='ltr'><strong>ante</strong></span> <span class='ocrx_word' id='word_1_55' title='bbox 1686 858 1796 926; x_wconf 89' lang='lat' dir='ltr'><strong>oeulos</strong></span> <span class='ocrx_word' id='word_1_56' title='bbox 1829 858 1955 924; x_wconf 85' lang='lat' dir='ltr'><strong>eludam</strong></span> <span class='ocrx_word' id='word_1_57' title='bbox 1990 869 2025 924; x_wconf 84' lang='lat' dir='ltr'><strong>ut</strong></span> <span class='ocrx_word' id='word_1_58' title='bbox 2057 877 2130 924; x_wconf 88' lang='lat' dir='ltr'><strong>sese</strong></span> <span class='ocrx_word' id='word_1_59' title='bbox 2162 859 2377 924; x_wconf 76' lang='lat' dir='ltr'><strong>humiliarent</strong></span> 
     </span>
     <span class='ocr_line' id='line_1_6' title="bbox 370 942 2376 1030; baseline -0.003 -13"><span class='ocrx_word' id='word_1_60' title='bbox 370 951 439 1017; x_wconf 81' lang='lat' dir='ltr'><strong>Sed</strong></span> <span class='ocrx_word' id='word_1_61' title='bbox 472 952 499 1016; x_wconf 91' lang='lat' dir='ltr'><strong>si</strong></span> <span class='ocrx_word' id='word_1_62' title='bbox 531 947 650 1014; x_wconf 89' lang='lat' dir='ltr'><strong>mulier</strong></span> <span class='ocrx_word' id='word_1_63' title='bbox 681 958 754 1030; x_wconf 88' lang='lat' dir='ltr'><strong>post</strong></span> <span class='ocrx_word' id='word_1_64' title='bbox 780 947 894 1030; x_wconf 88' lang='lat' dir='ltr'><strong>longos</strong></span> <span class='ocrx_word' id='word_1_65' title='bbox 924 943 1050 1010; x_wconf 89' lang='lat' dir='ltr'><strong>dolores</strong></span> <span class='ocrx_word' id='word_1_66' title='bbox 1080 953 1209 1009; x_wconf 86' lang='lat' dir='ltr'><strong>tentum</strong></span> <span class='ocrx_word' id='word_1_67' title='bbox 1239 943 1348 1008; x_wconf 89' lang='lat' dir='ltr'><strong>eiioiet</strong></span> <span class='ocrx_word' id='word_1_68' title='bbox 1397 963 1506 1008; x_wconf 90' lang='lat' dir='ltr'><strong>eoram</strong></span> <span class='ocrx_word' id='word_1_69' title='bbox 1526 942 1617 1008; x_wconf 90' lang='lat' dir='ltr'><strong>Deo:</strong></span> <span class='ocrx_word' id='word_1_70' title='bbox 1647 943 1764 1010; x_wconf 91' lang='lat' dir='ltr'><strong>deinde</strong></span> <span class='ocrx_word' id='word_1_71' title='bbox 1791 964 1885 1027; x_wconf 89' lang='lat' dir='ltr'><strong>spem</strong></span> <span class='ocrx_word' id='word_1_72' title='bbox 1912 943 2024 1009; x_wconf 81' lang='lat' dir='ltr'><strong>feeerit</strong></span> <span class='ocrx_word' id='word_1_73' title='bbox 2053 943 2188 1018; x_wconf 83' lang='lat' dir='ltr'><strong>reditus,</strong></span> <span class='ocrx_word' id='word_1_74' title='bbox 2219 952 2257 1008; x_wconf 93' lang='lat' dir='ltr'><strong>ut</strong></span> <span class='ocrx_word' id='word_1_75' title='bbox 2287 953 2376 1010; x_wconf 86' lang='lat' dir='ltr'><strong>oertn</strong></span> 
     </span>
     <span class='ocr_line' id='line_1_7' title="bbox 370 1027 2376 1114; baseline -0.003 -14"><span class='ocrx_word' id='word_1_76' title='bbox 370 1036 492 1101; x_wconf 88' lang='lat' dir='ltr'><strong>molam</strong></span> <span class='ocrx_word' id='word_1_77' title='bbox 522 1035 708 1111; x_wconf 86' lang='lat' dir='ltr'><strong>informem,</strong></span> <span class='ocrx_word' id='word_1_78' title='bbox 742 1045 798 1098; x_wconf 88' lang='lat' dir='ltr'><strong>eut</strong></span> <span class='ocrx_word' id='word_1_79' title='bbox 824 1028 956 1114; x_wconf 88' lang='lat' dir='ltr'><strong>aliquod</strong></span> <span class='ocrx_word' id='word_1_80' title='bbox 985 1037 1181 1107; x_wconf 85' lang='lat' dir='ltr'><strong>monstrum,</strong></span> <span class='ocrx_word' id='word_1_81' title='bbox 1215 1027 1270 1094; x_wconf 93' lang='lat' dir='ltr'><strong>ille</strong></span> <span class='ocrx_word' id='word_1_82' title='bbox 1298 1037 1346 1092; x_wconf 89' lang='lat' dir='ltr'><strong>est</strong></span> <span class='ocrx_word' id='word_1_83' title='bbox 1397 1038 1581 1094; x_wconf 85' lang='lat' dir='ltr'><strong>statuerent</strong></span> <span class='ocrx_word' id='word_1_84' title='bbox 1610 1028 1719 1094; x_wconf 89' lang='lat' dir='ltr'><strong>Deum</strong></span> <span class='ocrx_word' id='word_1_85' title='bbox 1749 1030 1810 1097; x_wconf 92' lang='lat' dir='ltr'><strong>sibi</strong></span> <span class='ocrx_word' id='word_1_86' title='bbox 1839 1030 1908 1094; x_wconf 88' lang='lat' dir='ltr'><strong>fore</strong></span> <span class='ocrx_word' id='word_1_87' title='bbox 1959 1027 2124 1112; x_wconf 90' lang='lat' dir='ltr'><strong>ropitinm.</strong></span> <span class='ocrx_word' id='word_1_88' title='bbox 2170 1027 2246 1094; x_wconf 85' lang='lat' dir='ltr'><strong>Uno</strong></span> <span class='ocrx_word' id='word_1_89' title='bbox 2275 1031 2376 1096; x_wconf 80' lang='lat' dir='ltr'><strong>verbo</strong></span> 
     </span>
     <span class='ocr_line' id='line_1_8' title="bbox 371 1051 2375 1200; baseline -0.005 -12"><span class='ocrx_word' id='word_1_90' title='bbox 371 1121 521 1188; x_wconf 90' lang='lat' dir='ltr'><strong>eumnlos</strong></span> <span class='ocrx_word' id='word_1_91' title='bbox 551 1119 682 1185; x_wconf 86' lang='lat' dir='ltr'><strong>doloris.</strong></span> <span class='ocrx_word' id='word_1_92' title='bbox 734 1116 791 1184; x_wconf 85' lang='lat' dir='ltr'><strong>Sio</strong></span> <span class='ocrx_word' id='word_1_93' title='bbox 823 1138 864 1182; x_wconf 85' lang='lat' dir='ltr'><strong>ex</strong></span> <span class='ocrx_word' id='word_1_94' title='bbox 895 1117 1041 1198; x_wconf 92' lang='lat' dir='ltr'><strong>opposito</strong></span> <span class='ocrx_word' id='word_1_95' title='bbox 1074 1114 1155 1180; x_wconf 89' lang='lat' dir='ltr'><strong>dioit</strong></span> <span class='ocrx_word' id='word_1_96' title='bbox 1184 1115 1348 1198; x_wconf 87' lang='lat' dir='ltr'><strong>propheta</strong></span> <span class='ocrx_word' id='word_1_97' title='bbox 1397 1124 1573 1197; x_wconf 91' lang='lat' dir='ltr'><strong>utrumque</strong></span> <span class='ocrx_word' id='word_1_98' title='bbox 1606 1135 1695 1181; x_wconf 94' lang='lat' dir='ltr'><strong>nuno</strong></span> <span class='ocrx_word' id='word_1_99' title='bbox 1728 1051 1992 1200; x_wconf 71' lang='lat' dir='ltr'><strong>eomprehensllt,</strong></span> <span class='ocrx_word' id='word_1_100' title='bbox 2031 1133 2132 1196; x_wconf 89' lang='lat' dir='ltr'><strong>quum</strong></span> <span class='ocrx_word' id='word_1_101' title='bbox 2164 1113 2258 1182; x_wconf 86' lang='lat' dir='ltr'><strong>dooet</strong></span> <span class='ocrx_word' id='word_1_102' title='bbox 2288 1135 2375 1197; x_wconf 79' lang='lat' dir='ltr'><strong>spem</strong></span> 
     </span>
     <span class='ocr_line' id='line_1_9' title="bbox 370 1198 2375 1283; baseline -0.002 -12"><span class='ocrx_word' id='word_1_103' title='bbox 370 1207 516 1274; x_wconf 88' lang='lat' dir='ltr'><strong>laborem</strong></span> <span class='ocrx_word' id='word_1_104' title='bbox 539 1204 703 1281; x_wconf 81' lang='lat' dir='ltr'><strong>Reohelis,</strong></span> <span class='ocrx_word' id='word_1_105' title='bbox 733 1204 793 1268; x_wconf 90' lang='lat' dir='ltr'><strong>hoo</strong></span> <span class='ocrx_word' id='word_1_106' title='bbox 822 1213 873 1268; x_wconf 92' lang='lat' dir='ltr'><strong>est</strong></span> <span class='ocrx_word' id='word_1_107' title='bbox 893 1200 1035 1283; x_wconf 84' lang='lat' dir='ltr'><strong>regionis</strong></span> <span class='ocrx_word' id='word_1_108' title='bbox 1063 1199 1161 1279; x_wconf 89' lang='lat' dir='ltr'><strong>illius,</strong></span> <span class='ocrx_word' id='word_1_109' title='bbox 1191 1220 1256 1264; x_wconf 92' lang='lat' dir='ltr'><strong>non</strong></span> <span class='ocrx_word' id='word_1_110' title='bbox 1279 1201 1352 1264; x_wconf 85' lang='lat' dir='ltr'><strong>iore</strong></span> <span class='ocrx_word' id='word_1_111' title='bbox 1395 1199 1463 1280; x_wconf 82' lang='lat' dir='ltr'><strong>fore</strong></span> <span class='ocrx_word' id='word_1_112' title='bbox 1490 1201 1670 1267; x_wconf 73' lang='lat' dir='ltr'><strong>novissim.</strong></span> <span class='ocrx_word' id='word_1_113' title='bbox 1715 1200 1800 1266; x_wconf 89' lang='lat' dir='ltr'><strong>Nam</strong></span> <span class='ocrx_word' id='word_1_114' title='bbox 1830 1221 1898 1266; x_wconf 83' lang='lat' dir='ltr'><strong>vox</strong></span> <span class='ocrx_word' id='word_1_115' title='bbox 1927 1201 1990 1265; x_wconf 90' lang='lat' dir='ltr'><strong>ista</strong></span> <span class='ocrx_word' id='word_1_116' title='bbox 2019 1198 2085 1264; x_wconf 93' lang='lat' dir='ltr'><strong>duo</strong></span> <span class='ocrx_word' id='word_1_117' title='bbox 2113 1199 2261 1266; x_wconf 90' lang='lat' dir='ltr'><strong>membra</strong></span> <span class='ocrx_word' id='word_1_118' title='bbox 2283 1201 2316 1267; x_wconf 92' lang='lat' dir='ltr'><strong>in</strong></span> <span class='ocrx_word' id='word_1_119' title='bbox 2340 1222 2375 1266; x_wconf 88' lang='lat' dir='ltr'><strong>se</strong></span> 
     </span>
     <span class='ocr_line' id='line_1_10' title="bbox 370 1283 2377 1375; baseline -0.004 -17"><span class='ocrx_word' id='word_1_120' title='bbox 370 1293 493 1375; x_wconf 87' lang='lat' dir='ltr'><strong>absque</strong></span> <span class='ocrx_word' id='word_1_121' title='bbox 521 1292 639 1356; x_wconf 87' lang='lat' dir='ltr'><strong>lruotu.</strong></span> <span class='ocrx_word' id='word_1_122' title='bbox 690 1288 766 1354; x_wconf 83' lang='lat' dir='ltr'><strong>Erit</strong></span> <span class='ocrx_word' id='word_1_123' title='bbox 794 1308 873 1372; x_wconf 89' lang='lat' dir='ltr'><strong>argo</strong></span> <span class='ocrx_word' id='word_1_124' title='bbox 901 1305 1016 1352; x_wconf 83' lang='lat' dir='ltr'><strong>merces</strong></span> <span class='ocrx_word' id='word_1_125' title='bbox 1044 1286 1129 1367; x_wconf 76' lang='lat' dir='ltr'><strong>operi</strong></span> <span class='ocrx_word' id='word_1_126' title='bbox 1157 1290 1219 1349; x_wconf 83' lang='lat' dir='ltr'><strong>luo.</strong></span> <span class='ocrx_word' id='word_1_127' title='bbox 1272 1285 1346 1350; x_wconf 89' lang='lat' dir='ltr'><strong>Hao</strong></span> <span class='ocrx_word' id='word_1_128' title='bbox 1397 1283 1623 1368; x_wconf 87' lang='lat' dir='ltr'><strong>eompleotitur</strong></span> <span class='ocrx_word' id='word_1_129' title='bbox 1650 1286 1737 1368; x_wconf 93' lang='lat' dir='ltr'><strong>quod</strong></span> <span class='ocrx_word' id='word_1_130' title='bbox 1767 1286 1893 1352; x_wconf 89' lang='lat' dir='ltr'><strong>aoilioat</strong></span> <span class='ocrx_word' id='word_1_131' title='bbox 1921 1285 1962 1350; x_wconf 91' lang='lat' dir='ltr'><strong>ad</strong></span> <span class='ocrx_word' id='word_1_132' title='bbox 1993 1295 2121 1368; x_wconf 85' lang='lat' dir='ltr'><strong>tempus</strong></span> <span class='ocrx_word' id='word_1_133' title='bbox 2149 1285 2276 1368; x_wconf 80' lang='lat' dir='ltr'><strong>lugebit</strong></span> <span class='ocrx_word' id='word_1_134' title='bbox 2307 1299 2377 1352; x_wconf 86' lang='lat' dir='ltr'><strong>tota</strong></span> 
     </span>
     <span class='ocr_line' id='line_1_11' title="bbox 371 1368 2375 1459; baseline -0.003 -17"><span class='ocrx_word' id='word_1_135' title='bbox 371 1377 486 1443; x_wconf 87' lang='lat' dir='ltr'><strong>eadem</strong></span> <span class='ocrx_word' id='word_1_136' title='bbox 524 1374 714 1459; x_wconf 78' lang='lat' dir='ltr'><strong>loquutione</strong></span> <span class='ocrx_word' id='word_1_137' title='bbox 752 1374 856 1439; x_wconf 87' lang='lat' dir='ltr'><strong>utitur</strong></span> <span class='ocrx_word' id='word_1_138' title='bbox 885 1374 1047 1455; x_wconf 76' lang='lat' dir='ltr'><strong>scriptura</strong></span> <span class='ocrx_word' id='word_1_139' title='bbox 1083 1368 1227 1436; x_wconf 89' lang='lat' dir='ltr'><strong>seeundo</strong></span> <span class='ocrx_word' id='word_1_140' title='bbox 1264 1371 1346 1437; x_wconf 91' lang='lat' dir='ltr'><strong>libro</strong></span> <span class='ocrx_word' id='word_1_141' title='bbox 1398 1371 1504 1455; x_wconf 85' lang='lat' dir='ltr'><strong>regio:</strong></span> <span class='ocrx_word' id='word_1_142' title='bbox 1539 1370 1656 1437; x_wconf 87' lang='lat' dir='ltr'><strong>deinde</strong></span> <span class='ocrx_word' id='word_1_143' title='bbox 1685 1370 1772 1454; x_wconf 93' lang='lat' dir='ltr'><strong>quod</strong></span> <span class='ocrx_word' id='word_1_144' title='bbox 1801 1381 1973 1438; x_wconf 83' lang='lat' dir='ltr'><strong>vertentur</strong></span> <span class='ocrx_word' id='word_1_145' title='bbox 2000 1371 2166 1455; x_wconf 81' lang='lat' dir='ltr'><strong>laerymae</strong></span> <span class='ocrx_word' id='word_1_146' title='bbox 2195 1372 2231 1436; x_wconf 93' lang='lat' dir='ltr'><strong>in</strong></span> <span class='ocrx_word' id='word_1_147' title='bbox 2261 1373 2375 1450; x_wconf 89' lang='lat' dir='ltr'><strong>risum,</strong></span> 
     </span>
     <span class='ocr_line' id='line_1_12' title="bbox 371 1455 2373 1545; baseline -0.004 -17"><span class='ocrx_word' id='word_1_148' title='bbox 371 1463 662 1545; x_wconf 89' lang='lat' dir='ltr'><strong>Paralipomenon,</strong></span> <span class='ocrx_word' id='word_1_149' title='bbox 702 1460 756 1526; x_wconf 90' lang='lat' dir='ltr'><strong>ubi</strong></span> <span class='ocrx_word' id='word_1_150' title='bbox 795 1459 932 1524; x_wconf 69' lang='lat' dir='ltr'><strong>Azanes</strong></span> <span class='ocrx_word' id='word_1_151' title='bbox 971 1457 1132 1541; x_wconf 89' lang='lat' dir='ltr'><strong>propheta</strong></span> <span class='ocrx_word' id='word_1_152' title='bbox 1170 1455 1347 1538; x_wconf 75' lang='lat' dir='ltr'><strong>alloquitur</strong></span> <span class='ocrx_word' id='word_1_153' title='bbox 1397 1467 1430 1520; x_wconf 90' lang='lat' dir='ltr'><strong>et</strong></span> <span class='ocrx_word' id='word_1_154' title='bbox 1458 1456 1550 1522; x_wconf 88' lang='lat' dir='ltr'><strong>dolor</strong></span> <span class='ocrx_word' id='word_1_155' title='bbox 1578 1459 1612 1522; x_wconf 94' lang='lat' dir='ltr'><strong>iu</strong></span> <span class='ocrx_word' id='word_1_156' title='bbox 1643 1457 1822 1524; x_wconf 89' lang='lat' dir='ltr'><strong>tristitiam.</strong></span> <span class='ocrx_word' id='word_1_157' title='bbox 1866 1456 1905 1522; x_wconf 83' lang='lat' dir='ltr'><strong>si</strong></span> <span class='ocrx_word' id='word_1_158' title='bbox 1934 1456 2022 1522; x_wconf 91' lang='lat' dir='ltr'><strong>enim</strong></span> <span class='ocrx_word' id='word_1_159' title='bbox 2044 1457 2196 1522; x_wconf 80' lang='lat' dir='ltr'><strong>fluxisset</strong></span> <span class='ocrx_word' id='word_1_160' title='bbox 2216 1458 2373 1523; x_wconf 83' lang='lat' dir='ltr'><strong>oontiurm</strong></span> 
     </span>
     <span class='ocr_line' id='line_1_13' title="bbox 371 1541 2376 1632; baseline -0.003 -17"><span class='ocrx_word' id='word_1_161' title='bbox 371 1568 485 1632; x_wconf 86' lang='lat' dir='ltr'><strong>regem</strong></span> <span class='ocrx_word' id='word_1_162' title='bbox 498 1547 568 1612; x_wconf 86' lang='lat' dir='ltr'><strong>Asa</strong></span> <span class='ocrx_word' id='word_1_163' title='bbox 590 1546 634 1631; x_wconf 82' lang='lat'><strong>(2.</strong></span> <span class='ocrx_word' id='word_1_164' title='bbox 652 1543 730 1611; x_wconf 83' lang='lat' dir='ltr'><strong>(lhr.</strong></span> <span class='ocrx_word' id='word_1_165' title='bbox 749 1545 798 1622; x_wconf 84' lang='lat'><strong>15,</strong></span> <span class='ocrx_word' id='word_1_166' title='bbox 823 1543 872 1628; x_wconf 78' lang='lat'><strong>7):</strong></span> <span class='ocrx_word' id='word_1_167' title='bbox 896 1542 1049 1609; x_wconf 86' lang='lat' dir='ltr'><strong>Viriliter</strong></span> <span class='ocrx_word' id='word_1_168' title='bbox 1070 1543 1156 1625; x_wconf 87' lang='lat' dir='ltr'><strong>agite</strong></span> <span class='ocrx_word' id='word_1_169' title='bbox 1178 1549 1211 1606; x_wconf 94' lang='lat' dir='ltr'><strong>et</strong></span> <span class='ocrx_word' id='word_1_170' title='bbox 1229 1562 1345 1609; x_wconf 92' lang='lat' dir='ltr'><strong>manus</strong></span> <span class='ocrx_word' id='word_1_171' title='bbox 1398 1550 1506 1608; x_wconf 89' lang='lat' dir='ltr'><strong>traotu</strong></span> <span class='ocrx_word' id='word_1_172' title='bbox 1546 1541 1686 1608; x_wconf 87' lang='lat' dir='ltr'><strong>lelioitas</strong></span> <span class='ocrx_word' id='word_1_173' title='bbox 1724 1543 1850 1626; x_wconf 87' lang='lat' dir='ltr'><strong>populi,</strong></span> <span class='ocrx_word' id='word_1_174' title='bbox 1890 1563 1959 1607; x_wconf 92' lang='lat' dir='ltr'><strong>non</strong></span> <span class='ocrx_word' id='word_1_175' title='bbox 1994 1541 2170 1624; x_wconf 77' lang='lat' dir='ltr'><strong>quadraret</strong></span> <span class='ocrx_word' id='word_1_176' title='bbox 2207 1563 2272 1608; x_wconf 85' lang='lat' dir='ltr'><strong>vox</strong></span> <span class='ocrx_word' id='word_1_177' title='bbox 2309 1544 2376 1609; x_wconf 92' lang='lat' dir='ltr'><strong>ista</strong></span> 
     </span>
     <span class='ocr_line' id='line_1_14' title="bbox 371 1626 2376 1713; baseline -0.003 -14"><span class='ocrx_word' id='word_1_178' title='bbox 371 1643 500 1700; x_wconf 80' lang='lat' dir='ltr'><strong>vestrae</strong></span> <span class='ocrx_word' id='word_1_179' title='bbox 534 1653 600 1697; x_wconf 93' lang='lat' dir='ltr'><strong>non</strong></span> <span class='ocrx_word' id='word_1_180' title='bbox 632 1630 863 1713; x_wconf 85' lang='lat' dir='ltr'><strong>debilitentur,</strong></span> <span class='ocrx_word' id='word_1_181' title='bbox 896 1629 972 1713; x_wconf 93' lang='lat' dir='ltr'><strong>quie</strong></span> <span class='ocrx_word' id='word_1_182' title='bbox 1004 1649 1129 1694; x_wconf 85' lang='lat' dir='ltr'><strong>meroes</strong></span> <span class='ocrx_word' id='word_1_183' title='bbox 1161 1626 1225 1693; x_wconf 84' lang='lat' dir='ltr'><strong>erit</strong></span> <span class='ocrx_word' id='word_1_184' title='bbox 1256 1629 1345 1710; x_wconf 89' lang='lat' dir='ltr'><strong>operi</strong></span> <span class='ocrx_word' id='word_1_185' title='bbox 1398 1627 1584 1693; x_wconf 80' lang='lat' dir='ltr'><strong>Novissimi.</strong></span> <span class='ocrx_word' id='word_1_186' title='bbox 1625 1627 1781 1694; x_wconf 80' lang='lat' dir='ltr'><strong>Refertur</strong></span> <span class='ocrx_word' id='word_1_187' title='bbox 1802 1629 1890 1694; x_wconf 90' lang='lat' dir='ltr'><strong>euim</strong></span> <span class='ocrx_word' id='word_1_188' title='bbox 1914 1629 1955 1693; x_wconf 90' lang='lat' dir='ltr'><strong>ad</strong></span> <span class='ocrx_word' id='word_1_189' title='bbox 1977 1629 2111 1692; x_wconf 85' lang='lat' dir='ltr'><strong>exitum.</strong></span> <span class='ocrx_word' id='word_1_190' title='bbox 2150 1628 2240 1710; x_wconf 82' lang='lat' dir='ltr'><strong>Ergo</strong></span> <span class='ocrx_word' id='word_1_191' title='bbox 2262 1627 2376 1694; x_wconf 89' lang='lat' dir='ltr'><strong>subest</strong></span> 
     </span>
     <span class='ocr_line' id='line_1_15' title="bbox 372 1711 2376 1801; baseline -0.002 -16"><span class='ocrx_word' id='word_1_192' title='bbox 372 1727 490 1786; x_wconf 84' lang='lat' dir='ltr'><strong>vestro.</strong></span> <span class='ocrx_word' id='word_1_193' title='bbox 542 1717 632 1801; x_wconf 83' lang='lat' dir='ltr'><strong>Ergo</strong></span> <span class='ocrx_word' id='word_1_194' title='bbox 666 1737 724 1800; x_wconf 87' lang='lat' dir='ltr'><strong>per</strong></span> <span class='ocrx_word' id='word_1_195' title='bbox 755 1736 837 1798; x_wconf 88' lang='lat' dir='ltr'><strong>opus</strong></span> <span class='ocrx_word' id='word_1_196' title='bbox 869 1714 1065 1798; x_wconf 80' lang='lat' dir='ltr'><strong>intelligitur</strong></span> <span class='ocrx_word' id='word_1_197' title='bbox 1094 1711 1255 1791; x_wconf 86' lang='lat' dir='ltr'><strong>molestia,</strong></span> <span class='ocrx_word' id='word_1_198' title='bbox 1288 1735 1347 1796; x_wconf 89' lang='lat' dir='ltr'><strong>per</strong></span> <span class='ocrx_word' id='word_1_199' title='bbox 1397 1712 1572 1780; x_wconf 81' lang='lat' dir='ltr'><strong>antithesis</strong></span> <span class='ocrx_word' id='word_1_200' title='bbox 1594 1714 1680 1780; x_wconf 89' lang='lat' dir='ltr'><strong>inter</strong></span> <span class='ocrx_word' id='word_1_201' title='bbox 1701 1715 1859 1780; x_wconf 82' lang='lat' dir='ltr'><strong>finem-et</strong></span> <span class='ocrx_word' id='word_1_202' title='bbox 1875 1714 1962 1778; x_wconf 88' lang='lat' dir='ltr'><strong>inter</strong></span> <span class='ocrx_word' id='word_1_203' title='bbox 1979 1713 2149 1794; x_wconf 86' lang='lat' dir='ltr'><strong>prinoipia.</strong></span> <span class='ocrx_word' id='word_1_204' title='bbox 2184 1713 2224 1779; x_wconf 88' lang='lat' dir='ltr'><strong>ln</strong></span> <span class='ocrx_word' id='word_1_205' title='bbox 2244 1733 2376 1780; x_wconf 86' lang='lat' dir='ltr'><strong>summe</strong></span> 
     </span>
     <span class='ocr_line' id='line_1_16' title="bbox 370 1798 2375 1885; baseline -0.004 -12"><span class='ocrx_word' id='word_1_206' title='bbox 370 1801 554 1872; x_wconf 74' lang='lat' dir='ltr'><strong>mumadam</strong></span> <span class='ocrx_word' id='word_1_207' title='bbox 577 1822 655 1868; x_wconf 88' lang='lat' dir='ltr'><strong>vero</strong></span> <span class='ocrx_word' id='word_1_208' title='bbox 676 1802 782 1868; x_wconf 91' lang='lat' dir='ltr'><strong>laetus</strong></span> <span class='ocrx_word' id='word_1_209' title='bbox 801 1811 834 1866; x_wconf 89' lang='grc' dir='ltr'><strong>ιι</strong></span> <span class='ocrx_word' id='word_1_210' title='bbox 847 1820 984 1885; x_wconf 83' lang='lat' dir='ltr'><strong>prosper</strong></span> <span class='ocrx_word' id='word_1_211' title='bbox 998 1817 1175 1866; x_wconf 88' lang='lat' dir='ltr'><strong>suooessus.</strong></span> <span class='ocrx_word' id='word_1_212' title='bbox 1208 1798 1348 1868; x_wconf 78' lang='lat' dir='ltr'><strong>Summa</strong></span> <span class='ocrx_word' id='word_1_213' title='bbox 1397 1799 1451 1866; x_wconf 89' lang='lat' dir='ltr'><strong>hio</strong></span> <span class='ocrx_word' id='word_1_214' title='bbox 1477 1798 1569 1864; x_wconf 85' lang='lat' dir='ltr'><strong>dooat</strong></span> <span class='ocrx_word' id='word_1_215' title='bbox 1600 1798 1757 1866; x_wconf 85' lang='lat' dir='ltr'><strong>Ieremias</strong></span> <span class='ocrx_word' id='word_1_216' title='bbox 1787 1801 1881 1866; x_wconf 85' lang='lat' dir='ltr'><strong>triste</strong></span> <span class='ocrx_word' id='word_1_217' title='bbox 1909 1798 1991 1864; x_wconf 91' lang='lat' dir='ltr'><strong>illud</strong></span> <span class='ocrx_word' id='word_1_218' title='bbox 2020 1807 2166 1882; x_wconf 78' lang='lat' dir='ltr'><strong>tompus,</strong></span> <span class='ocrx_word' id='word_1_219' title='bbox 2194 1819 2260 1882; x_wconf 90' lang='lat' dir='ltr'><strong>quo</strong></span> <span class='ocrx_word' id='word_1_220' title='bbox 2280 1798 2375 1865; x_wconf 86' lang='lat' dir='ltr'><strong>Dona</strong></span> 
     </span>
     <span class='ocr_line' id='line_1_17' title="bbox 371 1883 2372 1972; baseline -0.002 -18"><span class='ocrx_word' id='word_1_221' title='bbox 371 1897 437 1968; x_wconf 87' lang='lat' dir='ltr'><strong>ost,</strong></span> <span class='ocrx_word' id='word_1_222' title='bbox 470 1888 622 1972; x_wconf 81' lang='lat' dir='ltr'><strong>quamvis</strong></span> <span class='ocrx_word' id='word_1_223' title='bbox 652 1895 722 1953; x_wconf 90' lang='lat' dir='ltr'><strong>tota</strong></span> <span class='ocrx_word' id='word_1_224' title='bbox 750 1887 838 1971; x_wconf 89' lang='lat' dir='ltr'><strong>regio</strong></span> <span class='ocrx_word' id='word_1_225' title='bbox 867 1885 908 1950; x_wconf 92' lang='lat' dir='ltr'><strong>ad</strong></span> <span class='ocrx_word' id='word_1_226' title='bbox 936 1894 1068 1968; x_wconf 89' lang='lat' dir='ltr'><strong>tempus</strong></span> <span class='ocrx_word' id='word_1_227' title='bbox 1097 1885 1214 1950; x_wconf 88' lang='lat' dir='ltr'><strong>misere</strong></span> <span class='ocrx_word' id='word_1_228' title='bbox 1236 1884 1347 1969; x_wconf 81' lang='lat' dir='ltr'><strong>lugeat</strong></span> <span class='ocrx_word' id='word_1_229' title='bbox 1397 1884 1524 1969; x_wconf 87' lang='lat' dir='ltr'><strong>affliget</strong></span> <span class='ocrx_word' id='word_1_230' title='bbox 1560 1884 1717 1968; x_wconf 91' lang='lat' dir='ltr'><strong>populum</strong></span> <span class='ocrx_word' id='word_1_231' title='bbox 1753 1905 1851 1950; x_wconf 91' lang='lat' dir='ltr'><strong>suum</strong></span> <span class='ocrx_word' id='word_1_232' title='bbox 1888 1884 2065 1967; x_wconf 86' lang='lat' dir='ltr'><strong>patienter</strong></span> <span class='ocrx_word' id='word_1_233' title='bbox 2088 1883 2257 1950; x_wconf 81' lang='lat' dir='ltr'><strong>serendum</strong></span> <span class='ocrx_word' id='word_1_234' title='bbox 2291 1905 2372 1950; x_wconf 89' lang='lat' dir='ltr'><strong>esso.</strong></span> 
     </span>
     <span class='ocr_line' id='line_1_18' title="bbox 370 1968 2374 2058; baseline -0.003 -18"><span class='ocrx_word' id='word_1_235' title='bbox 370 1995 472 2058; x_wconf 90' lang='lat' dir='ltr'><strong>quum</strong></span> <span class='ocrx_word' id='word_1_236' title='bbox 504 1974 635 2039; x_wconf 86' lang='lat' dir='ltr'><strong>deserta</strong></span> <span class='ocrx_word' id='word_1_237' title='bbox 662 1973 736 2054; x_wconf 88' lang='lat' dir='ltr'><strong>erit,</strong></span> <span class='ocrx_word' id='word_1_238' title='bbox 766 1983 800 2038; x_wconf 88' lang='grc' dir='ltr'><strong>ιι</strong></span> <span class='ocrx_word' id='word_1_239' title='bbox 830 1970 954 2037; x_wconf 89' lang='lat' dir='ltr'><strong>nudata</strong></span> <span class='ocrx_word' id='word_1_240' title='bbox 975 1971 1044 2036; x_wconf 90' lang='lat' dir='ltr'><strong>suis</strong></span> <span class='ocrx_word' id='word_1_241' title='bbox 1065 1969 1191 2044; x_wconf 83' lang='lat' dir='ltr'><strong>ineolis,</strong></span> <span class='ocrx_word' id='word_1_242' title='bbox 1221 1971 1344 2034; x_wconf 85' lang='lat' dir='ltr'><strong>exitum</strong></span> <span class='ocrx_word' id='word_1_243' title='bbox 1397 1968 1463 2036; x_wconf 82' lang='lat' dir='ltr'><strong>Sed</strong></span> <span class='ocrx_word' id='word_1_244' title='bbox 1485 1983 1660 2054; x_wconf 86' lang='lat' dir='ltr'><strong>postquam</strong></span> <span class='ocrx_word' id='word_1_245' title='bbox 1681 1970 1778 2036; x_wconf 89' lang='lat' dir='ltr'><strong>iussit</strong></span> <span class='ocrx_word' id='word_1_246' title='bbox 1800 1991 1932 2036; x_wconf 88' lang='lat' dir='ltr'><strong>manere</strong></span> <span class='ocrx_word' id='word_1_247' title='bbox 1952 1971 2121 2052; x_wconf 85' lang='lat' dir='ltr'><strong>suspensis</strong></span> <span class='ocrx_word' id='word_1_248' title='bbox 2142 1971 2270 2050; x_wconf 89' lang='lat' dir='ltr'><strong>animis,</strong></span> <span class='ocrx_word' id='word_1_249' title='bbox 2297 1991 2374 2054; x_wconf 90' lang='lat' dir='ltr'><strong>pro·</strong></span> 
     </span>
     <span class='ocr_line' id='line_1_19' title="bbox 371 2055 2374 2140; baseline -0.002 -14"><span class='ocrx_word' id='word_1_250' title='bbox 371 2074 482 2126; x_wconf 87' lang='lat' dir='ltr'><strong>tamen</strong></span> <span class='ocrx_word' id='word_1_251' title='bbox 501 2060 570 2125; x_wconf 81' lang='lat' dir='ltr'><strong>fore</strong></span> <span class='ocrx_word' id='word_1_252' title='bbox 586 2058 762 2134; x_wconf 83' lang='lat' dir='ltr'><strong>laetiorem,</strong></span> <span class='ocrx_word' id='word_1_253' title='bbox 783 2057 863 2140; x_wconf 89' lang='lat' dir='ltr'><strong>quia</strong></span> <span class='ocrx_word' id='word_1_254' title='bbox 876 2056 1041 2122; x_wconf 88' lang='lat' dir='ltr'><strong>Dominus</strong></span> <span class='ocrx_word' id='word_1_255' title='bbox 1059 2055 1193 2122; x_wconf 87' lang='lat' dir='ltr'><strong>reduoet</strong></span> <span class='ocrx_word' id='word_1_256' title='bbox 1206 2055 1345 2132; x_wconf 85' lang='lat' dir='ltr'><strong>exsules,</strong></span> <span class='ocrx_word' id='word_1_257' title='bbox 1397 2055 1489 2137; x_wconf 90' lang='lat' dir='ltr'><strong>pouit</strong></span> <span class='ocrx_word' id='word_1_258' title='bbox 1524 2055 1590 2122; x_wconf 92' lang='lat' dir='ltr'><strong>illis</strong></span> <span class='ocrx_word' id='word_1_259' title='bbox 1626 2055 1753 2122; x_wconf 86' lang='lat' dir='ltr'><strong>felioem</strong></span> <span class='ocrx_word' id='word_1_260' title='bbox 1790 2055 1925 2122; x_wconf 79' lang='lat' dir='ltr'><strong>exitum.</strong></span> <span class='ocrx_word' id='word_1_261' title='bbox 1979 2055 2136 2122; x_wconf 79' lang='lat' dir='ltr'><strong>Continet</strong></span> <span class='ocrx_word' id='word_1_262' title='bbox 2171 2060 2282 2120; x_wconf 88' lang='lat' dir='ltr'><strong>eutem</strong></span> <span class='ocrx_word' id='word_1_263' title='bbox 2320 2055 2374 2121; x_wconf 93' lang='lat' dir='ltr'><strong>hio</strong></span> 
     </span>
     <span class='ocr_line' id='line_1_20' title="bbox 370 2139 2374 2227; baseline -0.002 -16"><span class='ocrx_word' id='word_1_264' title='bbox 370 2157 408 2212; x_wconf 84' lang='grc' dir='ltr'><strong>ιιι</strong></span> <span class='ocrx_word' id='word_1_265' title='bbox 430 2151 521 2210; x_wconf 86' lang='lat' dir='ltr'><strong>terra</strong></span> <span class='ocrx_word' id='word_1_266' title='bbox 542 2145 587 2209; x_wconf 89' lang='lat' dir='ltr'><strong>sit</strong></span> <span class='ocrx_word' id='word_1_267' title='bbox 608 2143 700 2227; x_wconf 86' lang='lat' dir='ltr'><strong>quasi</strong></span> <span class='ocrx_word' id='word_1_268' title='bbox 722 2155 827 2210; x_wconf 85' lang='lat' dir='ltr'><strong>mater</strong></span> <span class='ocrx_word' id='word_1_269' title='bbox 849 2162 1042 2207; x_wconf 86' lang='lat' dir='ltr'><strong>numerosus</strong></span> <span class='ocrx_word' id='word_1_270' title='bbox 1063 2139 1192 2207; x_wconf 90' lang='lat' dir='ltr'><strong>sobolis.</strong></span> <span class='ocrx_word' id='word_1_271' title='bbox 1236 2141 1345 2224; x_wconf 86' lang='lat' dir='ltr'><strong>Atque</strong></span> <span class='ocrx_word' id='word_1_272' title='bbox 1396 2141 1487 2206; x_wconf 90' lang='lat' dir='ltr'><strong>loeus</strong></span> <span class='ocrx_word' id='word_1_273' title='bbox 1516 2141 1633 2207; x_wconf 88' lang='lat' dir='ltr'><strong>utilem</strong></span> <span class='ocrx_word' id='word_1_274' title='bbox 1662 2139 1856 2224; x_wconf 87' lang='lat' dir='ltr'><strong>doetrinam,</strong></span> <span class='ocrx_word' id='word_1_275' title='bbox 1884 2162 1926 2207; x_wconf 90' lang='lat' dir='ltr'><strong>ue</strong></span> <span class='ocrx_word' id='word_1_276' title='bbox 1948 2142 2124 2206; x_wconf 87' lang='lat' dir='ltr'><strong>metiamur</strong></span> <span class='ocrx_word' id='word_1_277' title='bbox 2144 2142 2284 2226; x_wconf 85' lang='lat' dir='ltr'><strong>gratiam</strong></span> <span class='ocrx_word' id='word_1_278' title='bbox 2308 2140 2374 2206; x_wconf 91' lang='lat' dir='ltr'><strong>Dei</strong></span> 
     </span>
     <span class='ocr_line' id='line_1_21' title="bbox 370 2224 2375 2309; baseline -0.002 -13"><span class='ocrx_word' id='word_1_279' title='bbox 370 2232 420 2298; x_wconf 88' lang='lat' dir='ltr'><strong>ita</strong></span> <span class='ocrx_word' id='word_1_280' title='bbox 448 2251 484 2297; x_wconf 90' lang='lat' dir='ltr'><strong>se</strong></span> <span class='ocrx_word' id='word_1_281' title='bbox 513 2229 653 2296; x_wconf 88' lang='lat' dir='ltr'><strong>obleotst</strong></span> <span class='ocrx_word' id='word_1_282' title='bbox 679 2230 714 2293; x_wconf 91' lang='lat' dir='ltr'><strong>in</strong></span> <span class='ocrx_word' id='word_1_283' title='bbox 743 2229 854 2296; x_wconf 88' lang='lat' dir='ltr'><strong>liberis</strong></span> <span class='ocrx_word' id='word_1_284' title='bbox 883 2227 960 2304; x_wconf 85' lang='lat' dir='ltr'><strong>suis,</strong></span> <span class='ocrx_word' id='word_1_285' title='bbox 991 2228 1043 2292; x_wconf 86' lang='lat' dir='ltr'><strong>vel</strong></span> <span class='ocrx_word' id='word_1_286' title='bbox 1072 2228 1108 2292; x_wconf 93' lang='lat' dir='ltr'><strong>in</strong></span> <span class='ocrx_word' id='word_1_287' title='bbox 1136 2225 1256 2294; x_wconf 90' lang='lat' dir='ltr'><strong>sobole.</strong></span> <span class='ocrx_word' id='word_1_288' title='bbox 1308 2224 1345 2294; x_wconf 85' lang='lat' dir='ltr'><strong>Si</strong></span> <span class='ocrx_word' id='word_1_289' title='bbox 1396 2226 1563 2308; x_wconf 85' lang='lat' dir='ltr'><strong>praesenti</strong></span> <span class='ocrx_word' id='word_1_290' title='bbox 1590 2247 1701 2292; x_wconf 90' lang='lat' dir='ltr'><strong>rerum</strong></span> <span class='ocrx_word' id='word_1_291' title='bbox 1727 2235 1876 2309; x_wconf 89' lang='lat' dir='ltr'><strong>espsotu:</strong></span> <span class='ocrx_word' id='word_1_292' title='bbox 1908 2225 1966 2292; x_wconf 90' lang='lat' dir='ltr'><strong>sed</strong></span> <span class='ocrx_word' id='word_1_293' title='bbox 1988 2225 2149 2292; x_wconf 73' lang='lat' dir='ltr'><strong>dbmmus</strong></span> <span class='ocrx_word' id='word_1_294' title='bbox 2171 2226 2375 2309; x_wconf 86' lang='lat' dir='ltr'><strong>suspendere</strong></span> 
     </span>
     <span class='ocr_line' id='line_1_22' title="bbox 371 2309 2374 2400; baseline -0.002 -18"><span class='ocrx_word' id='word_1_295' title='bbox 371 2318 445 2400; x_wconf 90' lang='lat' dir='ltr'><strong>quis</strong></span> <span class='ocrx_word' id='word_1_296' title='bbox 467 2323 577 2381; x_wconf 89' lang='lat' dir='ltr'><strong>entem</strong></span> <span class='ocrx_word' id='word_1_297' title='bbox 599 2315 661 2382; x_wconf 92' lang='lat' dir='ltr'><strong>hoo</strong></span> <span class='ocrx_word' id='word_1_298' title='bbox 682 2314 724 2380; x_wconf 91' lang='lat' dir='ltr'><strong>ad</strong></span> <span class='ocrx_word' id='word_1_299' title='bbox 741 2313 978 2380; x_wconf 85' lang='lat' dir='ltr'><strong>setisieotiones</strong></span> <span class='ocrx_word' id='word_1_300' title='bbox 994 2312 1126 2378; x_wconf 88' lang='lat' dir='ltr'><strong>trahere</strong></span> <span class='ocrx_word' id='word_1_301' title='bbox 1140 2312 1229 2388; x_wconf 84' lang='lat' dir='ltr'><strong>velit,</strong></span> <span class='ocrx_word' id='word_1_302' title='bbox 1252 2332 1344 2395; x_wconf 92' lang='lat' dir='ltr'><strong>pror·</strong></span> <span class='ocrx_word' id='word_1_303' title='bbox 1397 2321 1523 2378; x_wconf 89' lang='lat' dir='ltr'><strong>mentes</strong></span> <span class='ocrx_word' id='word_1_304' title='bbox 1553 2320 1682 2378; x_wconf 87' lang='lat' dir='ltr'><strong>nostras</strong></span> <span class='ocrx_word' id='word_1_305' title='bbox 1710 2323 1744 2377; x_wconf 90' lang='lat' dir='ltr'><strong>et</strong></span> <span class='ocrx_word' id='word_1_306' title='bbox 1772 2333 1901 2391; x_wconf 88' lang='lat' dir='ltr'><strong>sensus,</strong></span> <span class='ocrx_word' id='word_1_307' title='bbox 1931 2332 2033 2394; x_wconf 91' lang='lat' dir='ltr'><strong>quum</strong></span> <span class='ocrx_word' id='word_1_308' title='bbox 2053 2311 2218 2378; x_wconf 91' lang='lat' dir='ltr'><strong>Dominus</strong></span> <span class='ocrx_word' id='word_1_309' title='bbox 2242 2309 2374 2378; x_wconf 85' lang='lat' dir='ltr'><strong>videtur</strong></span> 
     </span>
     <span class='ocr_line' id='line_1_23' title="bbox 370 2396 2373 2482; baseline -0.003 -13"><span class='ocrx_word' id='word_1_310' title='bbox 370 2421 426 2469; x_wconf 89' lang='lat' dir='ltr'><strong>sus</strong></span> <span class='ocrx_word' id='word_1_311' title='bbox 462 2421 498 2467; x_wconf 88' lang='lat' dir='ltr'><strong>so</strong></span> <span class='ocrx_word' id='word_1_312' title='bbox 533 2399 631 2466; x_wconf 80' lang='lat' dir='ltr'><strong>faeiat</strong></span> <span class='ocrx_word' id='word_1_313' title='bbox 667 2399 857 2480; x_wconf 87' lang='lat' dir='ltr'><strong>ridioulum,</strong></span> <span class='ocrx_word' id='word_1_314' title='bbox 894 2396 1165 2482; x_wconf 74' lang='lat' dir='ltr'><strong>quemadmodum</strong></span> <span class='ocrx_word' id='word_1_315' title='bbox 1198 2398 1346 2481; x_wconf 76' lang='lat' dir='ltr'><strong>papinius</strong></span> <span class='ocrx_word' id='word_1_316' title='bbox 1396 2398 1490 2464; x_wconf 92' lang='lat' dir='ltr'><strong>uobis</strong></span> <span class='ocrx_word' id='word_1_317' title='bbox 1504 2398 1610 2475; x_wconf 88' lang='lat' dir='ltr'><strong>irasei,</strong></span> <span class='ocrx_word' id='word_1_318' title='bbox 1634 2410 1667 2462; x_wconf 92' lang='lat' dir='ltr'><strong>et</strong></span> <span class='ocrx_word' id='word_1_319' title='bbox 1681 2418 1782 2480; x_wconf 89' lang='lat' dir='ltr'><strong>quum</strong></span> <span class='ocrx_word' id='word_1_320' title='bbox 1800 2398 1998 2464; x_wconf 90' lang='lat' dir='ltr'><strong>obiioiuntur</strong></span> <span class='ocrx_word' id='word_1_321' title='bbox 2012 2396 2107 2463; x_wconf 90' lang='lat' dir='ltr'><strong>nobis</strong></span> <span class='ocrx_word' id='word_1_322' title='bbox 2122 2398 2205 2463; x_wconf 89' lang='lat' dir='ltr'><strong>meri</strong></span> <span class='ocrx_word' id='word_1_323' title='bbox 2221 2405 2373 2477; x_wconf 88' lang='lat' dir='ltr'><strong>terrores,</strong></span> 
     </span>
     <span class='ocr_line' id='line_1_24' title="bbox 371 2481 2372 2570; baseline -0.003 -16"><span class='ocrx_word' id='word_1_324' title='bbox 371 2486 483 2554; x_wconf 66' lang='lat' dir='ltr'><strong>mount</strong></span> <span class='ocrx_word' id='word_1_325' title='bbox 522 2487 637 2570; x_wconf 92' lang='lat' dir='ltr'><strong>poenis</strong></span> <span class='ocrx_word' id='word_1_326' title='bbox 676 2506 757 2570; x_wconf 90' lang='lat' dir='ltr'><strong>quas</strong></span> <span class='ocrx_word' id='word_1_327' title='bbox 793 2485 995 2568; x_wconf 88' lang='lat' dir='ltr'><strong>perpetimur</strong></span> <span class='ocrx_word' id='word_1_328' title='bbox 1027 2481 1145 2548; x_wconf 89' lang='lat' dir='ltr'><strong>redimi</strong></span> <span class='ocrx_word' id='word_1_329' title='bbox 1178 2491 1346 2549; x_wconf 88' lang='lat' dir='ltr'><strong>aeternam</strong></span> <span class='ocrx_word' id='word_1_330' title='bbox 1396 2484 1451 2565; x_wconf 92' lang='lat' dir='ltr'><strong>qui</strong></span> <span class='ocrx_word' id='word_1_331' title='bbox 1473 2501 1533 2550; x_wconf 93' lang='lat' dir='ltr'><strong>nos</strong></span> <span class='ocrx_word' id='word_1_332' title='bbox 1555 2483 1754 2562; x_wconf 81' lang='lat' dir='ltr'><strong>exanimant,</strong></span> <span class='ocrx_word' id='word_1_333' title='bbox 1777 2492 1815 2550; x_wconf 89' lang='lat' dir='ltr'><strong>ut</strong></span> <span class='ocrx_word' id='word_1_334' title='bbox 1835 2483 1959 2551; x_wconf 90' lang='lat' dir='ltr'><strong>aeilioet</strong></span> <span class='ocrx_word' id='word_1_335' title='bbox 1979 2484 2148 2549; x_wconf 79' lang='lat' dir='ltr'><strong>foveamus</strong></span> <span class='ocrx_word' id='word_1_336' title='bbox 2166 2483 2201 2548; x_wconf 91' lang='lat' dir='ltr'><strong>in</strong></span> <span class='ocrx_word' id='word_1_337' title='bbox 2219 2482 2372 2549; x_wconf 78' lang='lat' dir='ltr'><strong>sordibus</strong></span> 
     </span>
     <span class='ocr_line' id='line_1_25' title="bbox 371 2566 2374 2653; baseline -0.003 -15"><span class='ocrx_word' id='word_1_338' title='bbox 371 2579 521 2648; x_wconf 84' lang='lat' dir='ltr'><strong>mertem,</strong></span> <span class='ocrx_word' id='word_1_339' title='bbox 551 2579 585 2636; x_wconf 88' lang='lat' dir='ltr'><strong>et</strong></span> <span class='ocrx_word' id='word_1_340' title='bbox 613 2571 660 2636; x_wconf 87' lang='lat' dir='ltr'><strong>ite</strong></span> <span class='ocrx_word' id='word_1_341' title='bbox 688 2571 810 2653; x_wconf 89' lang='lat' dir='ltr'><strong>plaoari</strong></span> <span class='ocrx_word' id='word_1_342' title='bbox 829 2568 894 2634; x_wconf 89' lang='lat' dir='ltr'><strong>Dei</strong></span> <span class='ocrx_word' id='word_1_343' title='bbox 921 2568 1110 2647; x_wconf 67' lang='lat' dir='ltr'><strong>modiatam,</strong></span> <span class='ocrx_word' id='word_1_344' title='bbox 1140 2572 1174 2632; x_wconf 86' lang='grc' dir='ltr'><strong>ιι</strong></span> <span class='ocrx_word' id='word_1_345' title='bbox 1195 2569 1345 2634; x_wconf 86' lang='lat' dir='ltr'><strong>satisfieri</strong></span> <span class='ocrx_word' id='word_1_346' title='bbox 1398 2568 1518 2634; x_wconf 89' lang='lat' dir='ltr'><strong>nestris</strong></span> <span class='ocrx_word' id='word_1_347' title='bbox 1545 2589 1637 2652; x_wconf 89' lang='lat' dir='ltr'><strong>spem</strong></span> <span class='ocrx_word' id='word_1_348' title='bbox 1666 2569 1707 2634; x_wconf 87' lang='lat' dir='ltr'><strong>ad</strong></span> <span class='ocrx_word' id='word_1_349' title='bbox 1735 2591 1833 2653; x_wconf 88' lang='lat' dir='ltr'><strong>qoam</strong></span> <span class='ocrx_word' id='word_1_350' title='bbox 1862 2590 1922 2636; x_wconf 89' lang='lat' dir='ltr'><strong>nos</strong></span> <span class='ocrx_word' id='word_1_351' title='bbox 1951 2568 2101 2636; x_wconf 89' lang='lat' dir='ltr'><strong>hortatur</strong></span> <span class='ocrx_word' id='word_1_352' title='bbox 2133 2566 2306 2651; x_wconf 86' lang='lat' dir='ltr'><strong>propheta,</strong></span> <span class='ocrx_word' id='word_1_353' title='bbox 2340 2579 2374 2634; x_wconf 91' lang='lat' dir='ltr'><strong>et</strong></span> 
     </span>
     <span class='ocr_line' id='line_1_26' title="bbox 371 2653 2372 2739; baseline -0.002 -17"><span class='ocrx_word' id='word_1_354' title='bbox 371 2657 442 2724; x_wconf 89' lang='lat' dir='ltr'><strong>eins</strong></span> <span class='ocrx_word' id='word_1_355' title='bbox 464 2655 596 2722; x_wconf 89' lang='lat' dir='ltr'><strong>iudioio.</strong></span> <span class='ocrx_word' id='word_1_356' title='bbox 629 2655 699 2722; x_wconf 80' lang='lat' dir='ltr'><strong>Sed</strong></span> <span class='ocrx_word' id='word_1_357' title='bbox 720 2676 820 2739; x_wconf 91' lang='lat' dir='ltr'><strong>quum</strong></span> <span class='ocrx_word' id='word_1_358' title='bbox 843 2654 988 2720; x_wconf 77' lang='lat' dir='ltr'><strong>alfirmm</strong></span> <span class='ocrx_word' id='word_1_359' title='bbox 1004 2653 1166 2737; x_wconf 89' lang='lat' dir='ltr'><strong>propheta</strong></span> <span class='ocrx_word' id='word_1_360' title='bbox 1179 2653 1346 2720; x_wconf 62' lang='lat' dir='ltr'><strong>neodem</strong></span> <span class='ocrx_word' id='word_1_361' title='bbox 1398 2653 1636 2739; x_wconf 84' lang='lat' dir='ltr'><strong>distinguemus</strong></span> <span class='ocrx_word' id='word_1_362' title='bbox 1651 2655 1737 2722; x_wconf 86' lang='lat' dir='ltr'><strong>iuter</strong></span> <span class='ocrx_word' id='word_1_363' title='bbox 1752 2663 1958 2738; x_wconf 81' lang='lat' dir='ltr'><strong>praesentem</strong></span> <span class='ocrx_word' id='word_1_364' title='bbox 1974 2663 2097 2720; x_wconf 90' lang='lat' dir='ltr'><strong>statum</strong></span> <span class='ocrx_word' id='word_1_365' title='bbox 2112 2663 2146 2720; x_wconf 89' lang='grc' dir='ltr'><strong>ιι</strong></span> <span class='ocrx_word' id='word_1_366' title='bbox 2161 2653 2372 2719; x_wconf 88' lang='lat' dir='ltr'><strong>interfinem.</strong></span> 
     </span>
     <span class='ocr_line' id='line_1_27' title="bbox 368 2738 2371 2825; baseline -0.003 -17"><span class='ocrx_word' id='word_1_367' title='bbox 368 2744 436 2825; x_wconf 75' lang='lat' dir='ltr'><strong>fore</strong></span> <span class='ocrx_word' id='word_1_368' title='bbox 462 2741 558 2824; x_wconf 77' lang='lat' dir='ltr'><strong>operi,</strong></span> <span class='ocrx_word' id='word_1_369' title='bbox 588 2760 655 2806; x_wconf 90' lang='lat' dir='ltr'><strong>non</strong></span> <span class='ocrx_word' id='word_1_370' title='bbox 677 2740 884 2807; x_wconf 81' lang='lat' dir='ltr'><strong>sommendat</strong></span> <span class='ocrx_word' id='word_1_371' title='bbox 906 2739 1050 2805; x_wconf 86' lang='lat' dir='ltr'><strong>lruotnm</strong></span> <span class='ocrx_word' id='word_1_372' title='bbox 1073 2758 1251 2821; x_wconf 87' lang='lat' dir='ltr'><strong>poenarum</strong></span> <span class='ocrx_word' id='word_1_373' title='bbox 1274 2738 1347 2822; x_wconf 92' lang='lat' dir='ltr'><strong>qui·</strong></span> <span class='ocrx_word' id='word_1_374' title='bbox 1398 2740 1527 2806; x_wconf 76' lang='lat' dir='ltr'><strong>lithos</strong></span> <span class='ocrx_word' id='word_1_375' title='bbox 1548 2740 1675 2805; x_wconf 91' lang='lat' dir='ltr'><strong>ratione</strong></span> <span class='ocrx_word' id='word_1_376' title='bbox 1697 2740 1798 2806; x_wconf 91' lang='lat' dir='ltr'><strong>etiam</strong></span> <span class='ocrx_word' id='word_1_377' title='bbox 1820 2739 1997 2822; x_wconf 80' lang='lat' dir='ltr'><strong>Apostolus</strong></span> <span class='ocrx_word' id='word_1_378' title='bbox 2019 2741 2053 2804; x_wconf 90' lang='lat' dir='ltr'><strong>in</strong></span> <span class='ocrx_word' id='word_1_379' title='bbox 2075 2738 2215 2822; x_wconf 88' lang='lat' dir='ltr'><strong>epistola</strong></span> <span class='ocrx_word' id='word_1_380' title='bbox 2236 2738 2278 2804; x_wconf 91' lang='lat' dir='ltr'><strong>ad</strong></span> <span class='ocrx_word' id='word_1_381' title='bbox 2301 2738 2371 2804; x_wconf 86' lang='lat' dir='ltr'><strong>He·</strong></span> 
     </span>
     <span class='ocr_line' id='line_1_28' title="bbox 371 2823 2373 2912; baseline -0.003 -18"><span class='ocrx_word' id='word_1_382' title='bbox 371 2827 434 2894; x_wconf 92' lang='lat' dir='ltr'><strong>bna</strong></span> <span class='ocrx_word' id='word_1_383' title='bbox 462 2826 556 2892; x_wconf 89' lang='lat' dir='ltr'><strong>Deus</strong></span> <span class='ocrx_word' id='word_1_384' title='bbox 584 2826 756 2912; x_wconf 76' lang='lat' dir='ltr'><strong>uestigauit</strong></span> <span class='ocrx_word' id='word_1_385' title='bbox 785 2825 960 2910; x_wconf 88' lang='lat' dir='ltr'><strong>populum,</strong></span> <span class='ocrx_word' id='word_1_386' title='bbox 989 2845 1027 2892; x_wconf 87' lang='lat' dir='ltr'><strong>ao</strong></span> <span class='ocrx_word' id='word_1_387' title='bbox 1054 2825 1083 2888; x_wconf 89' lang='lat' dir='ltr'><strong>si</strong></span> <span class='ocrx_word' id='word_1_388' title='bbox 1113 2829 1222 2892; x_wconf 89' lang='lat' dir='ltr'><strong>essent</strong></span> <span class='ocrx_word' id='word_1_389' title='bbox 1250 2825 1346 2890; x_wconf 89' lang='lat' dir='ltr'><strong>satis·</strong></span> <span class='ocrx_word' id='word_1_390' title='bbox 1398 2825 1511 2891; x_wconf 79' lang='lat' dir='ltr'><strong>bmeos</strong></span> <span class='ocrx_word' id='word_1_391' title='bbox 1533 2823 1599 2910; x_wconf 84' lang='lat'><strong>(12,</strong></span> <span class='ocrx_word' id='word_1_392' title='bbox 1617 2825 1670 2909; x_wconf 91' lang='grc'><strong>11)</strong></span> <span class='ocrx_word' id='word_1_393' title='bbox 1692 2824 1771 2891; x_wconf 90' lang='lat' dir='ltr'><strong>dum</strong></span> <span class='ocrx_word' id='word_1_394' title='bbox 1794 2824 2076 2891; x_wconf 87' lang='lat' dir='ltr'><strong>hortaturfidsles</strong></span> <span class='ocrx_word' id='word_1_395' title='bbox 2092 2824 2134 2890; x_wconf 92' lang='lat' dir='ltr'><strong>ed</strong></span> <span class='ocrx_word' id='word_1_396' title='bbox 2150 2823 2373 2900; x_wconf 86' lang='lat' dir='ltr'><strong>tolerantiam,</strong></span> 
     </span>
     <span class='ocr_line' id='line_1_29' title="bbox 370 2909 2373 2996; baseline -0.002 -18"><span class='ocrx_word' id='word_1_397' title='bbox 370 2913 538 2989; x_wconf 83' lang='lat' dir='ltr'><strong>laetoriae,</strong></span> <span class='ocrx_word' id='word_1_398' title='bbox 576 2923 613 2976; x_wconf 90' lang='grc' dir='ltr'><strong>ιιι</strong></span> <span class='ocrx_word' id='word_1_399' title='bbox 648 2911 845 2996; x_wconf 90' lang='lat' dir='ltr'><strong>loquuntur:</strong></span> <span class='ocrx_word' id='word_1_400' title='bbox 881 2909 938 2977; x_wconf 86' lang='lat' dir='ltr'><strong>sed</strong></span> <span class='ocrx_word' id='word_1_401' title='bbox 973 2910 1161 2995; x_wconf 84' lang='lat' dir='ltr'><strong>simplieiter</strong></span> <span class='ocrx_word' id='word_1_402' title='bbox 1194 2909 1347 2976; x_wconf 87' lang='lat' dir='ltr'><strong>admonet</strong></span> <span class='ocrx_word' id='word_1_403' title='bbox 1398 2909 1477 2977; x_wconf 89' lang='lat' dir='ltr'><strong>dioit</strong></span> <span class='ocrx_word' id='word_1_404' title='bbox 1508 2911 1544 2976; x_wconf 93' lang='lat' dir='ltr'><strong>in</strong></span> <span class='ocrx_word' id='word_1_405' title='bbox 1576 2912 1762 2993; x_wconf 88' lang='lat' dir='ltr'><strong>praesentie</strong></span> <span class='ocrx_word' id='word_1_406' title='bbox 1794 2932 1924 2994; x_wconf 89' lang='lat' dir='ltr'><strong>semper</strong></span> <span class='ocrx_word' id='word_1_407' title='bbox 1957 2910 2095 2976; x_wconf 81' lang='lat' dir='ltr'><strong>ferulam</strong></span> <span class='ocrx_word' id='word_1_408' title='bbox 2125 2930 2196 2976; x_wconf 87' lang='lat' dir='ltr'><strong>asse</strong></span> <span class='ocrx_word' id='word_1_409' title='bbox 2223 2929 2373 2993; x_wconf 83' lang='lat' dir='ltr'><strong>asperam</strong></span> 
     </span>
     <span class='ocr_line' id='line_1_30' title="bbox 370 2994 2375 3082; baseline -0.002 -18"><span class='ocrx_word' id='word_1_410' title='bbox 370 2997 538 3065; x_wconf 88' lang='lat' dir='ltr'><strong>molestias</strong></span> <span class='ocrx_word' id='word_1_411' title='bbox 567 3016 634 3063; x_wconf 90' lang='lat' dir='ltr'><strong>nou</strong></span> <span class='ocrx_word' id='word_1_412' title='bbox 663 2998 732 3065; x_wconf 85' lang='lat' dir='ltr'><strong>fore</strong></span> <span class='ocrx_word' id='word_1_413' title='bbox 754 2997 898 3075; x_wconf 88' lang='lat' dir='ltr'><strong>inutiles,</strong></span> <span class='ocrx_word' id='word_1_414' title='bbox 925 2996 1003 3080; x_wconf 91' lang='lat' dir='ltr'><strong>quia</strong></span> <span class='ocrx_word' id='word_1_415' title='bbox 1023 2994 1155 3061; x_wconf 87' lang='lat' dir='ltr'><strong>tendam</strong></span> <span class='ocrx_word' id='word_1_416' title='bbox 1177 2995 1346 3080; x_wconf 86' lang='lat' dir='ltr'><strong>oontingot</strong></span> <span class='ocrx_word' id='word_1_417' title='bbox 1398 2994 1523 3078; x_wconf 90' lang='lat' dir='ltr'><strong>pueris,</strong></span> <span class='ocrx_word' id='word_1_418' title='bbox 1563 2994 1621 3061; x_wconf 91' lang='lat' dir='ltr'><strong>sed</strong></span> <span class='ocrx_word' id='word_1_419' title='bbox 1659 2997 1907 3082; x_wconf 86' lang='lat' dir='ltr'><strong>oestigetionem</strong></span> <span class='ocrx_word' id='word_1_420' title='bbox 1948 3016 2019 3063; x_wconf 87' lang='lat' dir='ltr'><strong>osse</strong></span> <span class='ocrx_word' id='word_1_421' title='bbox 2058 2994 2193 3079; x_wconf 91' lang='lat' dir='ltr'><strong>utilem,</strong></span> <span class='ocrx_word' id='word_1_422' title='bbox 2232 2995 2260 3059; x_wconf 91' lang='lat' dir='ltr'><strong>si</strong></span> <span class='ocrx_word' id='word_1_423' title='bbox 2298 2996 2375 3060; x_wconf 87' lang='lat' dir='ltr'><strong>finis</strong></span> 
     </span>
     <span class='ocr_line' id='line_1_31' title="bbox 371 3080 2375 3166; baseline -0.002 -17"><span class='ocrx_word' id='word_1_424' title='bbox 371 3083 495 3150; x_wconf 84' lang='lat' dir='ltr'><strong>iolioior</strong></span> <span class='ocrx_word' id='word_1_425' title='bbox 522 3084 630 3148; x_wconf 85' lang='lat' dir='ltr'><strong>exitus</strong></span> <span class='ocrx_word' id='word_1_426' title='bbox 658 3103 758 3165; x_wconf 87' lang='lat' dir='ltr'><strong>quam</strong></span> <span class='ocrx_word' id='word_1_427' title='bbox 781 3091 953 3166; x_wconf 89' lang='lat' dir='ltr'><strong>sperarent</strong></span> <span class='ocrx_word' id='word_1_428' title='bbox 973 3080 1097 3147; x_wconf 91' lang='lat' dir='ltr'><strong>Iudaei.</strong></span> <span class='ocrx_word' id='word_1_429' title='bbox 1142 3080 1214 3147; x_wconf 85' lang='lat' dir='ltr'><strong>Hos</strong></span> <span class='ocrx_word' id='word_1_430' title='bbox 1235 3089 1345 3148; x_wconf 88' lang='lat' dir='ltr'><strong>eutem</strong></span> <span class='ocrx_word' id='word_1_431' title='bbox 1397 3087 1579 3165; x_wconf 84' lang='lat' dir='ltr'><strong>apeotetur:</strong></span> <span class='ocrx_word' id='word_1_432' title='bbox 1616 3083 1663 3147; x_wconf 90' lang='lat' dir='ltr'><strong>ita</strong></span> <span class='ocrx_word' id='word_1_433' title='bbox 1694 3103 1794 3165; x_wconf 92' lang='lat' dir='ltr'><strong>quum</strong></span> <span class='ocrx_word' id='word_1_434' title='bbox 1827 3080 2104 3165; x_wconf 83' lang='lat' dir='ltr'><strong>apprehendimus</strong></span> <span class='ocrx_word' id='word_1_435' title='bbox 2136 3081 2245 3146; x_wconf 90' lang='lat' dir='ltr'><strong>Deum</strong></span> <span class='ocrx_word' id='word_1_436' title='bbox 2279 3080 2375 3146; x_wconf 91' lang='lat' dir='ltr'><strong>nobis</strong></span> 
     </span>
     <span class='ocr_line' id='line_1_32' title="bbox 371 3165 2374 3251; baseline -0.001 -17"><span class='ocrx_word' id='word_1_437' title='bbox 371 3175 421 3235; x_wconf 90' lang='lat' dir='ltr'><strong>est</strong></span> <span class='ocrx_word' id='word_1_438' title='bbox 454 3168 633 3251; x_wconf 86' lang='lat' dir='ltr'><strong>gratuitum</strong></span> <span class='ocrx_word' id='word_1_439' title='bbox 664 3166 729 3234; x_wconf 88' lang='lat' dir='ltr'><strong>Dei</strong></span> <span class='ocrx_word' id='word_1_440' title='bbox 760 3166 894 3247; x_wconf 90' lang='lat' dir='ltr'><strong>donum,</strong></span> <span class='ocrx_word' id='word_1_441' title='bbox 929 3167 983 3232; x_wconf 90' lang='lat' dir='ltr'><strong>ubi</strong></span> <span class='ocrx_word' id='word_1_442' title='bbox 1015 3174 1065 3232; x_wconf 89' lang='lat' dir='ltr'><strong>est</strong></span> <span class='ocrx_word' id='word_1_443' title='bbox 1097 3186 1222 3232; x_wconf 89' lang='lat' dir='ltr'><strong>meroes</strong></span> <span class='ocrx_word' id='word_1_444' title='bbox 1255 3167 1346 3249; x_wconf 89' lang='lat' dir='ltr'><strong>operi</strong></span> <span class='ocrx_word' id='word_1_445' title='bbox 1397 3168 1564 3250; x_wconf 79' lang='lat' dir='ltr'><strong>infestum,</strong></span> <span class='ocrx_word' id='word_1_446' title='bbox 1587 3167 1660 3233; x_wconf 90' lang='lat' dir='ltr'><strong>fiori</strong></span> <span class='ocrx_word' id='word_1_447' title='bbox 1682 3189 1748 3233; x_wconf 92' lang='lat' dir='ltr'><strong>uon</strong></span> <span class='ocrx_word' id='word_1_448' title='bbox 1771 3177 1879 3250; x_wconf 87' lang='lat' dir='ltr'><strong>potest</strong></span> <span class='ocrx_word' id='word_1_449' title='bbox 1901 3168 1981 3251; x_wconf 92' lang='lat' dir='ltr'><strong>quin</strong></span> <span class='ocrx_word' id='word_1_450' title='bbox 1999 3187 2072 3233; x_wconf 91' lang='lat' dir='ltr'><strong>eum</strong></span> <span class='ocrx_word' id='word_1_451' title='bbox 2091 3165 2374 3246; x_wconf 84' lang='lat' dir='ltr'><strong>exhorresoamus,</strong></span> 
     </span>
     <span class='ocr_line' id='line_1_33' title="bbox 372 3250 2373 3337; baseline -0.003 -16"><span class='ocrx_word' id='word_1_452' title='bbox 372 3261 494 3332; x_wconf 88' lang='lat' dir='ltr'><strong>nostro,</strong></span> <span class='ocrx_word' id='word_1_453' title='bbox 522 3252 584 3318; x_wconf 90' lang='lat' dir='ltr'><strong>hoo</strong></span> <span class='ocrx_word' id='word_1_454' title='bbox 613 3258 673 3330; x_wconf 87' lang='lat' dir='ltr'><strong>est,</strong></span> <span class='ocrx_word' id='word_1_455' title='bbox 703 3254 758 3319; x_wconf 92' lang='lat' dir='ltr'><strong>nbi</strong></span> <span class='ocrx_word' id='word_1_456' title='bbox 787 3253 938 3318; x_wconf 86' lang='lat' dir='ltr'><strong>miseriae</strong></span> <span class='ocrx_word' id='word_1_457' title='bbox 964 3262 998 3317; x_wconf 91' lang='lat' dir='ltr'><strong>et</strong></span> <span class='ocrx_word' id='word_1_458' title='bbox 1020 3250 1128 3318; x_wconf 91' lang='lat' dir='ltr'><strong>oladas</strong></span> <span class='ocrx_word' id='word_1_459' title='bbox 1149 3271 1231 3333; x_wconf 89' lang='lat' dir='ltr'><strong>quas</strong></span> <span class='ocrx_word' id='word_1_460' title='bbox 1253 3251 1346 3318; x_wconf 89' lang='lat' dir='ltr'><strong>nobis</strong></span> <span class='ocrx_word' id='word_1_461' title='bbox 1398 3251 1496 3318; x_wconf 90' lang='lat' dir='ltr'><strong>simul</strong></span> <span class='ocrx_word' id='word_1_462' title='bbox 1523 3256 1622 3318; x_wconf 90' lang='lat' dir='ltr'><strong>etiam</strong></span> <span class='ocrx_word' id='word_1_463' title='bbox 1651 3253 1822 3337; x_wconf 87' lang='lat' dir='ltr'><strong>oupiemus</strong></span> <span class='ocrx_word' id='word_1_464' title='bbox 1852 3274 1912 3320; x_wconf 89' lang='lat' dir='ltr'><strong>nos</strong></span> <span class='ocrx_word' id='word_1_465' title='bbox 1940 3252 2067 3336; x_wconf 89' lang='lat' dir='ltr'><strong>eripere</strong></span> <span class='ocrx_word' id='word_1_466' title='bbox 2094 3272 2136 3317; x_wconf 87' lang='lat' dir='ltr'><strong>ex</strong></span> <span class='ocrx_word' id='word_1_467' title='bbox 2164 3253 2236 3318; x_wconf 89' lang='lat' dir='ltr'><strong>eius</strong></span> <span class='ocrx_word' id='word_1_468' title='bbox 2261 3271 2373 3316; x_wconf 90' lang='lat' dir='ltr'><strong>manu.</strong></span> 
     </span>
     <span class='ocr_line' id='line_1_34' title="bbox 371 3335 2374 3423; baseline -0.001 -19"><span class='ocrx_word' id='word_1_469' title='bbox 371 3338 505 3423; x_wconf 82' lang='lat' dir='ltr'><strong>infligit,</strong></span> <span class='ocrx_word' id='word_1_470' title='bbox 538 3347 618 3402; x_wconf 89' lang='lat' dir='ltr'><strong>sunt</strong></span> <span class='ocrx_word' id='word_1_471' title='bbox 648 3336 837 3405; x_wconf 85' lang='lat' dir='ltr'><strong>adiumenta</strong></span> <span class='ocrx_word' id='word_1_472' title='bbox 868 3338 902 3402; x_wconf 93' lang='lat' dir='ltr'><strong>in</strong></span> <span class='ocrx_word' id='word_1_473' title='bbox 936 3337 1085 3404; x_wconf 86' lang='lat' dir='ltr'><strong>salutem.</strong></span> <span class='ocrx_word' id='word_1_474' title='bbox 1139 3336 1225 3402; x_wconf 89' lang='lat' dir='ltr'><strong>Nam</strong></span> <span class='ocrx_word' id='word_1_475' title='bbox 1258 3345 1346 3404; x_wconf 89' lang='lat' dir='ltr'><strong>oerte</strong></span> <span class='ocrx_word' id='word_1_476' title='bbox 1398 3336 1466 3405; x_wconf 81' lang='lat' dir='ltr'><strong>Sed</strong></span> <span class='ocrx_word' id='word_1_477' title='bbox 1487 3338 1757 3420; x_wconf 90' lang='lat' dir='ltr'><strong>quomadmodum</strong></span> <span class='ocrx_word' id='word_1_478' title='bbox 1780 3359 1886 3422; x_wconf 91' lang='lat' dir='ltr'><strong>nuper</strong></span> <span class='ocrx_word' id='word_1_479' title='bbox 1907 3338 1986 3418; x_wconf 85' lang='lat' dir='ltr'><strong>dixi,</strong></span> <span class='ocrx_word' id='word_1_480' title='bbox 2009 3335 2166 3405; x_wconf 87' lang='lat' dir='ltr'><strong>debemus</strong></span> <span class='ocrx_word' id='word_1_481' title='bbox 2186 3337 2314 3402; x_wconf 89' lang='lat' dir='ltr'><strong>animos</strong></span> <span class='ocrx_word' id='word_1_482' title='bbox 2331 3337 2374 3401; x_wconf 91' lang='lat' dir='ltr'><strong>ad</strong></span> 
     </span>
     <span class='ocr_line' id='line_1_35' title="bbox 371 3421 2374 3508; baseline -0 -19"><span class='ocrx_word' id='word_1_483' title='bbox 371 3421 529 3507; x_wconf 88' lang='lat' dir='ltr'><strong>quidquid</strong></span> <span class='ocrx_word' id='word_1_484' title='bbox 552 3422 714 3490; x_wconf 89' lang='lat' dir='ltr'><strong>melorum</strong></span> <span class='ocrx_word' id='word_1_485' title='bbox 736 3424 947 3506; x_wconf 85' lang='lat' dir='ltr'><strong>perpetimur,</strong></span> <span class='ocrx_word' id='word_1_486' title='bbox 968 3421 1191 3488; x_wconf 87' lang='lat' dir='ltr'><strong>testimonium</strong></span> <span class='ocrx_word' id='word_1_487' title='bbox 1211 3431 1261 3487; x_wconf 88' lang='lat' dir='ltr'><strong>est</strong></span> <span class='ocrx_word' id='word_1_488' title='bbox 1277 3424 1346 3489; x_wconf 88' lang='lat' dir='ltr'><strong>irae</strong></span> <span class='ocrx_word' id='word_1_489' title='bbox 1397 3423 1499 3490; x_wconf 86' lang='lat' dir='ltr'><strong>finem</strong></span> <span class='ocrx_word' id='word_1_490' title='bbox 1527 3422 1579 3488; x_wconf 88' lang='lat' dir='ltr'><strong>vel</strong></span> <span class='ocrx_word' id='word_1_491' title='bbox 1608 3423 1649 3490; x_wconf 88' lang='lat' dir='ltr'><strong>ad</strong></span> <span class='ocrx_word' id='word_1_492' title='bbox 1670 3425 1887 3492; x_wconf 86' lang='lat' dir='ltr'><strong>novissimum</strong></span> <span class='ocrx_word' id='word_1_493' title='bbox 1908 3423 2059 3508; x_wconf 84' lang='lat' dir='ltr'><strong>dirigere.</strong></span> <span class='ocrx_word' id='word_1_494' title='bbox 2089 3423 2185 3490; x_wconf 74' lang='lat' dir='ltr'><strong>monti</strong></span> <span class='ocrx_word' id='word_1_495' title='bbox 2208 3421 2263 3488; x_wconf 90' lang='lat' dir='ltr'><strong>hio</strong></span> <span class='ocrx_word' id='word_1_496' title='bbox 2283 3421 2374 3488; x_wconf 90' lang='lat' dir='ltr'><strong>loeus</strong></span> 
     </span>
     <span class='ocr_line' id='line_1_36' title="bbox 371 3505 2376 3594; baseline 0 -21"><span class='ocrx_word' id='word_1_497' title='bbox 371 3509 453 3576; x_wconf 90' lang='lat' dir='ltr'><strong>Dei:</strong></span> <span class='ocrx_word' id='word_1_498' title='bbox 483 3516 669 3592; x_wconf 90' lang='lat' dir='ltr'><strong>paupertas,</strong></span> <span class='ocrx_word' id='word_1_499' title='bbox 697 3509 810 3593; x_wconf 85' lang='lat' dir='ltr'><strong>frigus,</strong></span> <span class='ocrx_word' id='word_1_500' title='bbox 837 3509 946 3587; x_wconf 83' lang='lat' dir='ltr'><strong>lamas,</strong></span> <span class='ocrx_word' id='word_1_501' title='bbox 968 3507 1133 3584; x_wconf 88' lang='lat' dir='ltr'><strong>sterilitas,</strong></span> <span class='ocrx_word' id='word_1_502' title='bbox 1160 3505 1293 3572; x_wconf 90' lang='lat' dir='ltr'><strong>morbus</strong></span> <span class='ocrx_word' id='word_1_503' title='bbox 1313 3517 1347 3572; x_wconf 90' lang='lat' dir='ltr'><strong>et</strong></span> <span class='ocrx_word' id='word_1_504' title='bbox 1396 3507 1498 3574; x_wconf 85' lang='lat' dir='ltr'><strong>dooet.</strong></span> <span class='ocrx_word' id='word_1_505' title='bbox 1549 3507 1627 3576; x_wconf 72' lang='lat' dir='ltr'><strong>Ere</strong></span> <span class='ocrx_word' id='word_1_506' title='bbox 1655 3530 1733 3594; x_wconf 89' lang='lat' dir='ltr'><strong>ergo</strong></span> <span class='ocrx_word' id='word_1_507' title='bbox 1761 3531 1833 3592; x_wconf 82' lang='lat' dir='ltr'><strong>epae</strong></span> <span class='ocrx_word' id='word_1_508' title='bbox 1860 3511 2031 3576; x_wconf 62' lang='lat' dir='ltr'><strong>neumaiam</strong></span> <span class='ocrx_word' id='word_1_509' title='bbox 2059 3513 2121 3576; x_wconf 83' lang='lat' dir='ltr'><strong>luo.</strong></span> <span class='ocrx_word' id='word_1_510' title='bbox 2166 3507 2233 3576; x_wconf 83' lang='lat' dir='ltr'><strong>Sed</strong></span> <span class='ocrx_word' id='word_1_511' title='bbox 2264 3516 2376 3591; x_wconf 89' lang='lat' dir='ltr'><strong>posset</strong></span> 
     </span>
     <span class='ocr_line' id='line_1_37' title="bbox 371 3590 2375 3679; baseline -0.002 -17"><span class='ocrx_word' id='word_1_512' title='bbox 371 3595 437 3662; x_wconf 83' lang='lat' dir='ltr'><strong>alia</strong></span> <span class='ocrx_word' id='word_1_513' title='bbox 456 3595 567 3660; x_wconf 87' lang='lat' dir='ltr'><strong>omnio</strong></span> <span class='ocrx_word' id='word_1_514' title='bbox 588 3602 667 3660; x_wconf 89' lang='lat' dir='ltr'><strong>sunt</strong></span> <span class='ocrx_word' id='word_1_515' title='bbox 689 3593 823 3660; x_wconf 90' lang='lat' dir='ltr'><strong>totidem</strong></span> <span class='ocrx_word' id='word_1_516' title='bbox 846 3594 909 3659; x_wconf 92' lang='lat' dir='ltr'><strong>Dei</strong></span> <span class='ocrx_word' id='word_1_517' title='bbox 934 3592 1188 3659; x_wconf 80' lang='lat' dir='ltr'><strong>maledictiones.</strong></span> <span class='ocrx_word' id='word_1_518' title='bbox 1232 3590 1344 3673; x_wconf 79' lang='lat' dir='ltr'><strong>Quum</strong></span> <span class='ocrx_word' id='word_1_519' title='bbox 1395 3593 1450 3661; x_wconf 92' lang='lat' dir='ltr'><strong>hio</strong></span> <span class='ocrx_word' id='word_1_520' title='bbox 1471 3594 1598 3660; x_wconf 85' lang='lat' dir='ltr'><strong>moveri</strong></span> <span class='ocrx_word' id='word_1_521' title='bbox 1620 3597 1779 3678; x_wconf 88' lang='lat' dir='ltr'><strong>queastio,</strong></span> <span class='ocrx_word' id='word_1_522' title='bbox 1802 3617 1847 3662; x_wconf 90' lang='lat' dir='ltr'><strong>en</strong></span> <span class='ocrx_word' id='word_1_523' title='bbox 1863 3617 1938 3679; x_wconf 91' lang='lat' dir='ltr'><strong>spes</strong></span> <span class='ocrx_word' id='word_1_524' title='bbox 1956 3592 2050 3660; x_wconf 90' lang='lat' dir='ltr'><strong>nulla</strong></span> <span class='ocrx_word' id='word_1_525' title='bbox 2064 3593 2164 3661; x_wconf 84' lang='lat' dir='ltr'><strong>luerit</strong></span> <span class='ocrx_word' id='word_1_526' title='bbox 2177 3593 2375 3662; x_wconf 90' lang='lat' dir='ltr'><strong>intermedio</strong></span> 
     </span>
     <span class='ocr_line' id='line_1_38' title="bbox 371 3677 2373 3764; baseline -0 -19"><span class='ocrx_word' id='word_1_527' title='bbox 371 3699 450 3764; x_wconf 89' lang='lat' dir='ltr'><strong>ergo</strong></span> <span class='ocrx_word' id='word_1_528' title='bbox 483 3698 608 3746; x_wconf 86' lang='lat' dir='ltr'><strong>meroes</strong></span> <span class='ocrx_word' id='word_1_529' title='bbox 636 3688 686 3745; x_wconf 85' lang='lat' dir='ltr'><strong>est</strong></span> <span class='ocrx_word' id='word_1_530' title='bbox 715 3679 873 3746; x_wconf 90' lang='lat' dir='ltr'><strong>molestiis</strong></span> <span class='ocrx_word' id='word_1_531' title='bbox 905 3680 1042 3757; x_wconf 85' lang='lat' dir='ltr'><strong>nostris,</strong></span> <span class='ocrx_word' id='word_1_532' title='bbox 1075 3679 1138 3744; x_wconf 92' lang='lat' dir='ltr'><strong>hoo</strong></span> <span class='ocrx_word' id='word_1_533' title='bbox 1168 3685 1232 3756; x_wconf 87' lang='lat' dir='ltr'><strong>sat,</strong></span> <span class='ocrx_word' id='word_1_534' title='bbox 1265 3677 1344 3744; x_wconf 91' lang='lat' dir='ltr'><strong>dum</strong></span> <span class='ocrx_word' id='word_1_535' title='bbox 1397 3686 1557 3762; x_wconf 87' lang='lat' dir='ltr'><strong>tempore,</strong></span> <span class='ocrx_word' id='word_1_536' title='bbox 1591 3700 1655 3762; x_wconf 93' lang='lat' dir='ltr'><strong>quo</strong></span> <span class='ocrx_word' id='word_1_537' title='bbox 1690 3681 1782 3747; x_wconf 88' lang='lat' dir='ltr'><strong>Deus</strong></span> <span class='ocrx_word' id='word_1_538' title='bbox 1814 3702 1952 3764; x_wconf 89' lang='lat' dir='ltr'><strong>poenam</strong></span> <span class='ocrx_word' id='word_1_539' title='bbox 1984 3681 2125 3764; x_wconf 91' lang='lat' dir='ltr'><strong>sumpsit</strong></span> <span class='ocrx_word' id='word_1_540' title='bbox 2158 3679 2198 3747; x_wconf 92' lang='lat' dir='ltr'><strong>de</strong></span> <span class='ocrx_word' id='word_1_541' title='bbox 2230 3679 2373 3746; x_wconf 90' lang='lat' dir='ltr'><strong>Iudaeis.</strong></span> 
     </span>
     <span class='ocr_line' id='line_1_39' title="bbox 370 3763 2377 3850; baseline -0.001 -18"><span class='ocrx_word' id='word_1_542' title='bbox 370 3767 505 3847; x_wconf 87' lang='lat' dir='ltr'><strong>pariunt</strong></span> <span class='ocrx_word' id='word_1_543' title='bbox 527 3763 619 3830; x_wconf 90' lang='lat' dir='ltr'><strong>uobis</strong></span> <span class='ocrx_word' id='word_1_544' title='bbox 636 3765 779 3848; x_wconf 91' lang='lat' dir='ltr'><strong>aliquam</strong></span> <span class='ocrx_word' id='word_1_545' title='bbox 794 3764 972 3832; x_wconf 88' lang='lat' dir='ltr'><strong>utilitatem</strong></span> <span class='ocrx_word' id='word_1_546' title='bbox 987 3775 1021 3830; x_wconf 90' lang='lat' dir='ltr'><strong>et</strong></span> <span class='ocrx_word' id='word_1_547' title='bbox 1035 3766 1185 3843; x_wconf 80' lang='lat' dir='ltr'><strong>frustum,</strong></span> <span class='ocrx_word' id='word_1_548' title='bbox 1209 3763 1346 3848; x_wconf 88' lang='lat' dir='ltr'><strong>perinde</strong></span> <span class='ocrx_word' id='word_1_549' title='bbox 1396 3763 1523 3830; x_wconf 83' lang='lat' dir='ltr'><strong>Solutio</strong></span> <span class='ocrx_word' id='word_1_550' title='bbox 1552 3765 1656 3832; x_wconf 85' lang='lat' dir='ltr'><strong>iaoilis</strong></span> <span class='ocrx_word' id='word_1_551' title='bbox 1684 3777 1743 3845; x_wconf 86' lang='lat' dir='ltr'><strong>est,</strong></span> <span class='ocrx_word' id='word_1_552' title='bbox 1773 3770 1849 3850; x_wconf 86' lang='lat' dir='ltr'><strong>quia</strong></span> <span class='ocrx_word' id='word_1_553' title='bbox 1879 3766 1932 3835; x_wconf 92' lang='lat' dir='ltr'><strong>hio</strong></span> <span class='ocrx_word' id='word_1_554' title='bbox 1957 3765 2118 3850; x_wconf 84' lang='lat' dir='ltr'><strong>prophete</strong></span> <span class='ocrx_word' id='word_1_555' title='bbox 2140 3785 2232 3850; x_wconf 89' lang='lat' dir='ltr'><strong>spem</strong></span> <span class='ocrx_word' id='word_1_556' title='bbox 2255 3766 2377 3848; x_wconf 91' lang='lat' dir='ltr'><strong>aooipit</strong></span> 
     </span>
     <span class='ocr_line' id='line_1_40' title="bbox 371 3848 2375 3936; baseline -0.001 -18"><span class='ocrx_word' id='word_1_557' title='bbox 371 3858 422 3918; x_wconf 85' lang='lat' dir='ltr'><strong>est</strong></span> <span class='ocrx_word' id='word_1_558' title='bbox 443 3869 482 3915; x_wconf 90' lang='lat' dir='ltr'><strong>ao</strong></span> <span class='ocrx_word' id='word_1_559' title='bbox 502 3850 531 3916; x_wconf 90' lang='lat' dir='ltr'><strong>si</strong></span> <span class='ocrx_word' id='word_1_560' title='bbox 545 3848 638 3916; x_wconf 89' lang='lat' dir='ltr'><strong>Deus</strong></span> <span class='ocrx_word' id='word_1_561' title='bbox 659 3858 867 3918; x_wconf 83' lang='lat' dir='ltr'><strong>eonverteret</strong></span> <span class='ocrx_word' id='word_1_562' title='bbox 888 3848 1041 3916; x_wconf 89' lang='lat' dir='ltr'><strong>tenebras</strong></span> <span class='ocrx_word' id='word_1_563' title='bbox 1058 3851 1094 3914; x_wconf 91' lang='lat' dir='ltr'><strong>in</strong></span> <span class='ocrx_word' id='word_1_564' title='bbox 1109 3848 1224 3915; x_wconf 84' lang='lat' dir='ltr'><strong>locem.</strong></span> <span class='ocrx_word' id='word_1_565' title='bbox 1259 3849 1345 3915; x_wconf 88' lang='lat' dir='ltr'><strong>Nam</strong></span> <span class='ocrx_word' id='word_1_566' title='bbox 1396 3870 1455 3933; x_wconf 88' lang='lat' dir='ltr'><strong>pro</strong></span> <span class='ocrx_word' id='word_1_567' title='bbox 1487 3851 1624 3917; x_wconf 87' lang='lat' dir='ltr'><strong>materia</strong></span> <span class='ocrx_word' id='word_1_568' title='bbox 1653 3853 1733 3934; x_wconf 91' lang='lat' dir='ltr'><strong>spei.</strong></span> <span class='ocrx_word' id='word_1_569' title='bbox 1785 3852 1823 3921; x_wconf 81' lang='lat' dir='ltr'><strong>Si</strong></span> <span class='ocrx_word' id='word_1_570' title='bbox 1852 3855 1926 3936; x_wconf 91' lang='lat' dir='ltr'><strong>quis</strong></span> <span class='ocrx_word' id='word_1_571' title='bbox 1954 3858 2049 3919; x_wconf 81' lang='lat' dir='ltr'><strong>voest</strong></span> <span class='ocrx_word' id='word_1_572' title='bbox 2076 3873 2170 3936; x_wconf 90' lang='lat' dir='ltr'><strong>spem</strong></span> <span class='ocrx_word' id='word_1_573' title='bbox 2199 3852 2375 3930; x_wconf 77' lang='lat' dir='ltr'><strong>aemulam,</strong></span> 
     </span>
     <span class='ocr_line' id='line_1_41' title="bbox 371 3929 2376 4022; baseline 0 -21"><span class='ocrx_word' id='word_1_574' title='bbox 371 3934 574 4013; x_wconf 88' lang='lat' dir='ltr'><strong>naturaliter,</strong></span> <span class='ocrx_word' id='word_1_575' title='bbox 600 3943 639 4001; x_wconf 89' lang='lat' dir='ltr'><strong>ut</strong></span> <span class='ocrx_word' id='word_1_576' title='bbox 665 3935 731 4000; x_wconf 91' lang='lat' dir='ltr'><strong>iem</strong></span> <span class='ocrx_word' id='word_1_577' title='bbox 757 3935 836 4014; x_wconf 87' lang='lat' dir='ltr'><strong>dixi,</strong></span> <span class='ocrx_word' id='word_1_578' title='bbox 863 3955 977 4001; x_wconf 89' lang='lat' dir='ltr'><strong>omnes</strong></span> <span class='ocrx_word' id='word_1_579' title='bbox 1002 3953 1125 4018; x_wconf 86' lang='lat' dir='ltr'><strong>poenae</strong></span> <span class='ocrx_word' id='word_1_580' title='bbox 1146 3941 1225 4000; x_wconf 86' lang='lat' dir='ltr'><strong>sunt</strong></span> <span class='ocrx_word' id='word_1_581' title='bbox 1246 3936 1345 4002; x_wconf 90' lang='lat' dir='ltr'><strong>male·</strong></span> <span class='ocrx_word' id='word_1_582' title='bbox 1395 3935 1449 4002; x_wconf 81' lang='lat' dir='ltr'><strong>vel</strong></span> <span class='ocrx_word' id='word_1_583' title='bbox 1468 3936 1503 4002; x_wconf 92' lang='lat' dir='ltr'><strong>in</strong></span> <span class='ocrx_word' id='word_1_584' title='bbox 1526 3929 1643 4004; x_wconf 79' lang='lat' dir='ltr'><strong>affeetu</strong></span> <span class='ocrx_word' id='word_1_585' title='bbox 1665 3939 1814 4020; x_wconf 89' lang='lat' dir='ltr'><strong>positam,</strong></span> <span class='ocrx_word' id='word_1_586' title='bbox 1841 3959 1909 4004; x_wconf 89' lang='lat' dir='ltr'><strong>non</strong></span> <span class='ocrx_word' id='word_1_587' title='bbox 1930 3956 2079 4022; x_wconf 90' lang='lat' dir='ltr'><strong>repugno</strong></span> <span class='ocrx_word' id='word_1_588' title='bbox 2134 3935 2202 4004; x_wconf 87' lang='lat' dir='ltr'><strong>Sed</strong></span> <span class='ocrx_word' id='word_1_589' title='bbox 2224 3957 2289 4004; x_wconf 91' lang='lat' dir='ltr'><strong>non</strong></span> <span class='ocrx_word' id='word_1_590' title='bbox 2313 3936 2376 4002; x_wconf 90' lang='lat' dir='ltr'><strong>du-</strong></span> 
     </span>
     <span class='ocr_line' id='line_1_42' title="bbox 371 4019 2375 4108; baseline 0.001 -22"><span class='ocrx_word' id='word_1_591' title='bbox 371 4019 541 4087; x_wconf 86' lang='lat' dir='ltr'><strong>dietiones.</strong></span> <span class='ocrx_word' id='word_1_592' title='bbox 592 4019 685 4086; x_wconf 90' lang='lat' dir='ltr'><strong>Deus</strong></span> <span class='ocrx_word' id='word_1_593' title='bbox 718 4029 827 4086; x_wconf 87' lang='lat' dir='ltr'><strong>autem</strong></span> <span class='ocrx_word' id='word_1_594' title='bbox 857 4019 1019 4104; x_wconf 88' lang='lat' dir='ltr'><strong>promittit</strong></span> <span class='ocrx_word' id='word_1_595' title='bbox 1051 4019 1144 4086; x_wconf 90' lang='lat' dir='ltr'><strong>nobis</strong></span> <span class='ocrx_word' id='word_1_596' title='bbox 1177 4043 1213 4086; x_wconf 92' lang='lat' dir='ltr'><strong>se</strong></span> <span class='ocrx_word' id='word_1_597' title='bbox 1246 4020 1343 4087; x_wconf 85' lang='lat' dir='ltr'><strong>bene·</strong></span> <span class='ocrx_word' id='word_1_598' title='bbox 1396 4022 1487 4088; x_wconf 90' lang='lat' dir='ltr'><strong>bium</strong></span> <span class='ocrx_word' id='word_1_599' title='bbox 1515 4029 1568 4089; x_wconf 90' lang='lat' dir='ltr'><strong>est</strong></span> <span class='ocrx_word' id='word_1_600' title='bbox 1596 4023 1674 4106; x_wconf 93' lang='lat' dir='ltr'><strong>quin</strong></span> <span class='ocrx_word' id='word_1_601' title='bbox 1702 4024 1864 4108; x_wconf 86' lang='lat' dir='ltr'><strong>signifieat</strong></span> <span class='ocrx_word' id='word_1_602' title='bbox 1892 4045 2006 4090; x_wconf 87' lang='lat' dir='ltr'><strong>omnes</strong></span> <span class='ocrx_word' id='word_1_603' title='bbox 2034 4021 2158 4104; x_wconf 83' lang='lat' dir='ltr'><strong>eludes,</strong></span> <span class='ocrx_word' id='word_1_604' title='bbox 2191 4043 2273 4108; x_wconf 91' lang='lat' dir='ltr'><strong>quas</strong></span> <span class='ocrx_word' id='word_1_605' title='bbox 2300 4043 2375 4106; x_wconf 89' lang='lat' dir='ltr'><strong>per·</strong></span> 
     </span>
     <span class='ocr_line' id='line_1_43' title="bbox 370 4105 2375 4188; baseline 0.002 -18"><span class='ocrx_word' id='word_1_606' title='bbox 370 4105 549 4185; x_wconf 89' lang='lat' dir='ltr'><strong>dioturum,</strong></span> <span class='ocrx_word' id='word_1_607' title='bbox 585 4106 630 4170; x_wconf 89' lang='lat' dir='ltr'><strong>ite</strong></span> <span class='ocrx_word' id='word_1_608' title='bbox 663 4114 702 4170; x_wconf 90' lang='lat' dir='ltr'><strong>ut</strong></span> <span class='ocrx_word' id='word_1_609' title='bbox 733 4127 846 4172; x_wconf 91' lang='lat' dir='ltr'><strong>omnes</strong></span> <span class='ocrx_word' id='word_1_610' title='bbox 878 4126 1001 4188; x_wconf 88' lang='lat' dir='ltr'><strong>poenae</strong></span> <span class='ocrx_word' id='word_1_611' title='bbox 1029 4124 1179 4172; x_wconf 89' lang='lat' dir='ltr'><strong>oessuraa</strong></span> <span class='ocrx_word' id='word_1_612' title='bbox 1210 4106 1277 4172; x_wconf 90' lang='lat' dir='ltr'><strong>siut</strong></span> <span class='ocrx_word' id='word_1_613' title='bbox 1308 4108 1344 4172; x_wconf 89' lang='lat' dir='ltr'><strong>in</strong></span> <span class='ocrx_word' id='word_1_614' title='bbox 1395 4108 1501 4174; x_wconf 88' lang='lat' dir='ltr'><strong>ferant</strong></span> <span class='ocrx_word' id='word_1_615' title='bbox 1520 4107 1644 4187; x_wconf 89' lang='lat' dir='ltr'><strong>Iudaei,</strong></span> <span class='ocrx_word' id='word_1_616' title='bbox 1674 4110 1807 4175; x_wconf 87' lang='lat' dir='ltr'><strong>tandem</strong></span> <span class='ocrx_word' id='word_1_617' title='bbox 1836 4130 1986 4176; x_wconf 80' lang='lat' dir='ltr'><strong>oessmes</strong></span> <span class='ocrx_word' id='word_1_618' title='bbox 2016 4109 2050 4176; x_wconf 93' lang='lat' dir='ltr'><strong>in</strong></span> <span class='ocrx_word' id='word_1_619' title='bbox 2078 4109 2217 4176; x_wconf 86' lang='lat' dir='ltr'><strong>salutem</strong></span> <span class='ocrx_word' id='word_1_620' title='bbox 2247 4119 2282 4173; x_wconf 90' lang='lat' dir='ltr'><strong>et</strong></span> <span class='ocrx_word' id='word_1_621' title='bbox 2303 4109 2375 4174; x_wconf 83' lang='lat' dir='ltr'><strong>lore</strong></span> 
     </span>
     <span class='ocr_line' id='line_1_44' title="bbox 370 4189 2376 4278; baseline 0.002 -22"><span class='ocrx_word' id='word_1_622' title='bbox 370 4189 491 4256; x_wconf 91' lang='lat' dir='ltr'><strong>bonum</strong></span> <span class='ocrx_word' id='word_1_623' title='bbox 506 4201 540 4255; x_wconf 89' lang='lat' dir='ltr'><strong>et</strong></span> <span class='ocrx_word' id='word_1_624' title='bbox 554 4190 703 4269; x_wconf 85' lang='lat' dir='ltr'><strong>salutem,</strong></span> <span class='ocrx_word' id='word_1_625' title='bbox 720 4190 991 4272; x_wconf 88' lang='lat' dir='ltr'><strong>quemadmodum</strong></span> <span class='ocrx_word' id='word_1_626' title='bbox 1009 4191 1086 4256; x_wconf 90' lang='lat' dir='ltr'><strong>dioit</strong></span> <span class='ocrx_word' id='word_1_627' title='bbox 1099 4190 1220 4256; x_wconf 87' lang='lat' dir='ltr'><strong>Paulus</strong></span> <span class='ocrx_word' id='word_1_628' title='bbox 1231 4192 1261 4257; x_wconf 86' lang='lat'><strong>8.</strong></span> <span class='ocrx_word' id='word_1_629' title='bbox 1273 4212 1343 4275; x_wconf 88' lang='lat' dir='ltr'><strong>oap.</strong></span> <span class='ocrx_word' id='word_1_630' title='bbox 1395 4193 1591 4260; x_wconf 86' lang='lat' dir='ltr'><strong>adiumento.</strong></span> <span class='ocrx_word' id='word_1_631' title='bbox 1650 4194 1703 4260; x_wconf 91' lang='lat' dir='ltr'><strong>lta</strong></span> <span class='ocrx_word' id='word_1_632' title='bbox 1739 4195 1890 4261; x_wconf 85' lang='lat' dir='ltr'><strong>videmus</strong></span> <span class='ocrx_word' id='word_1_633' title='bbox 1932 4215 2024 4277; x_wconf 87' lang='lat' dir='ltr'><strong>spem</strong></span> <span class='ocrx_word' id='word_1_634' title='bbox 2063 4195 2167 4278; x_wconf 85' lang='lat' dir='ltr'><strong>aooipi</strong></span> <span class='ocrx_word' id='word_1_635' title='bbox 2207 4215 2266 4278; x_wconf 92' lang='lat' dir='ltr'><strong>pro</strong></span> <span class='ocrx_word' id='word_1_636' title='bbox 2302 4196 2376 4276; x_wconf 88' lang='lat' dir='ltr'><strong>spei</strong></span> 
     </span>
     <span class='ocr_line' id='line_1_45' title="bbox 371 4273 2374 4364; baseline 0.003 -24"><span class='ocrx_word' id='word_1_637' title='bbox 371 4273 414 4340; x_wconf 89' lang='lat' dir='ltr'><strong>ed</strong></span> <span class='ocrx_word' id='word_1_638' title='bbox 434 4275 530 4341; x_wconf 88' lang='lat' dir='ltr'><strong>Rom.</strong></span> <span class='ocrx_word' id='word_1_639' title='bbox 569 4297 599 4340; x_wconf 84' lang='lat' dir='ltr'><strong>v.</strong></span> <span class='ocrx_word' id='word_1_640' title='bbox 621 4275 687 4362; x_wconf 84' lang='lat'><strong>28).</strong></span> <span class='ocrx_word' id='word_1_641' title='bbox 722 4277 842 4344; x_wconf 88' lang='lat' dir='ltr'><strong>Postea</strong></span> <span class='ocrx_word' id='word_1_642' title='bbox 864 4277 1023 4360; x_wconf 84' lang='lat' dir='ltr'><strong>adiungit,</strong></span> <span class='ocrx_word' id='word_1_643' title='bbox 1046 4275 1202 4341; x_wconf 67' lang='lat' dir='ltr'><strong>Redeunt</strong></span> <span class='ocrx_word' id='word_1_644' title='bbox 1223 4298 1239 4341; x_wconf 88' lang='lat' dir='ltr'><strong>e</strong></span> <span class='ocrx_word' id='word_1_645' title='bbox 1259 4282 1343 4344; x_wconf 73' lang='grc' dir='ltr'>ιιννα</span> <span class='ocrx_word' id='word_1_646' title='bbox 1396 4278 1546 4357; x_wconf 86' lang='lat' dir='ltr'><strong>materia,</strong></span> <span class='ocrx_word' id='word_1_647' title='bbox 1581 4291 1617 4344; x_wconf 90' lang='lat' dir='ltr'><strong>ut</strong></span> <span class='ocrx_word' id='word_1_648' title='bbox 1646 4279 1798 4346; x_wconf 83' lang='lat' dir='ltr'><strong>diximus.</strong></span> <span class='ocrx_word' id='word_1_649' title='bbox 1843 4282 1890 4346; x_wconf 81' lang='lat' dir='ltr'><strong>Et</strong></span> <span class='ocrx_word' id='word_1_650' title='bbox 1920 4303 1955 4347; x_wconf 89' lang='lat' dir='ltr'><strong>se</strong></span> <span class='ocrx_word' id='word_1_651' title='bbox 1983 4280 2092 4362; x_wconf 91' lang='lat' dir='ltr'><strong>ipsum</strong></span> <span class='ocrx_word' id='word_1_652' title='bbox 2125 4280 2287 4364; x_wconf 87' lang='lat' dir='ltr'><strong>propheta</strong></span> <span class='ocrx_word' id='word_1_653' title='bbox 2315 4301 2374 4346; x_wconf 83' lang='lat' dir='ltr'><strong>ox·</strong></span> 
     </span>
     <span class='ocr_line' id='line_1_46' title="bbox 369 4359 2373 4447; baseline 0.002 -22"><span class='ocrx_word' id='word_1_654' title='bbox 369 4359 476 4439; x_wconf 67' lang='lat' dir='ltr'><strong>matie,</strong></span> <span class='ocrx_word' id='word_1_655' title='bbox 506 4363 562 4443; x_wconf 92' lang='lat' dir='ltr'><strong>qui</strong></span> <span class='ocrx_word' id='word_1_656' title='bbox 586 4382 625 4428; x_wconf 90' lang='lat' dir='ltr'><strong>us</strong></span> <span class='ocrx_word' id='word_1_657' title='bbox 647 4362 755 4427; x_wconf 87' lang='lat' dir='ltr'><strong>verbis</strong></span> <span class='ocrx_word' id='word_1_658' title='bbox 774 4361 939 4446; x_wconf 85' lang='lat' dir='ltr'><strong>signifieat</strong></span> <span class='ocrx_word' id='word_1_659' title='bbox 961 4361 1198 4428; x_wconf 80' lang='lat' dir='ltr'><strong>restitutionem</strong></span> <span class='ocrx_word' id='word_1_660' title='bbox 1221 4363 1343 4447; x_wconf 90' lang='lat' dir='ltr'><strong>populi,</strong></span> <span class='ocrx_word' id='word_1_661' title='bbox 1395 4363 1503 4446; x_wconf 74' lang='lat' dir='ltr'><strong>pliona,</strong></span> <span class='ocrx_word' id='word_1_662' title='bbox 1527 4364 1615 4445; x_wconf 92' lang='lat' dir='ltr'><strong>quod</strong></span> <span class='ocrx_word' id='word_1_663' title='bbox 1636 4364 1759 4431; x_wconf 82' lang='lat' dir='ltr'><strong>soilioet</strong></span> <span class='ocrx_word' id='word_1_664' title='bbox 1778 4365 1843 4447; x_wconf 76' lang='lat' dir='ltr'><strong>filii</strong></span> <span class='ocrx_word' id='word_1_665' title='bbox 1864 4366 2010 4434; x_wconf 81' lang='lat' dir='ltr'><strong>redibunt</strong></span> <span class='ocrx_word' id='word_1_666' title='bbox 2030 4366 2073 4432; x_wconf 83' lang='lat' dir='ltr'><strong>od</strong></span> <span class='ocrx_word' id='word_1_667' title='bbox 2088 4367 2255 4432; x_wconf 75' lang='lat' dir='ltr'><strong>leoninum</strong></span> <span class='ocrx_word' id='word_1_668' title='bbox 2268 4385 2373 4434; x_wconf 80' lang='grc' dir='ltr'>ιιιιιιιι.</span> 
     </span>
     <span class='ocr_line' id='line_1_47' title="bbox 370 4445 2375 4534; baseline 0.003 -24"><span class='ocrx_word' id='word_1_669' title='bbox 370 4446 419 4512; x_wconf 87' lang='lat' dir='ltr'><strong>ita</strong></span> <span class='ocrx_word' id='word_1_670' title='bbox 440 4450 480 4510; x_wconf 90' lang='grc' dir='ltr'><strong>ιιι</strong></span> <span class='ocrx_word' id='word_1_671' title='bbox 500 4445 626 4512; x_wconf 85' lang='lat' dir='ltr'><strong>Raohsl</strong></span> <span class='ocrx_word' id='word_1_672' title='bbox 648 4447 767 4512; x_wconf 91' lang='lat' dir='ltr'><strong>iterum</strong></span> <span class='ocrx_word' id='word_1_673' title='bbox 792 4447 902 4513; x_wconf 88' lang='lat' dir='ltr'><strong>videat</strong></span> <span class='ocrx_word' id='word_1_674' title='bbox 928 4456 1075 4530; x_wconf 89' lang='lat' dir='ltr'><strong>posteros</strong></span> <span class='ocrx_word' id='word_1_675' title='bbox 1097 4467 1173 4512; x_wconf 92' lang='lat' dir='ltr'><strong>suos</strong></span> <span class='ocrx_word' id='word_1_676' title='bbox 1196 4447 1343 4514; x_wconf 88' lang='lat' dir='ltr'><strong>habitere</strong></span> <span class='ocrx_word' id='word_1_677' title='bbox 1394 4448 1459 4516; x_wconf 84' lang='lat' dir='ltr'><strong>Hie</strong></span> <span class='ocrx_word' id='word_1_678' title='bbox 1500 4470 1559 4531; x_wconf 90' lang='lat' dir='ltr'><strong>per</strong></span> <span class='ocrx_word' id='word_1_679' title='bbox 1595 4449 1823 4534; x_wconf 84' lang='lat' dir='ltr'><strong>synaodoohen</strong></span> <span class='ocrx_word' id='word_1_680' title='bbox 1853 4453 1983 4534; x_wconf 87' lang='lat' dir='ltr'><strong>eapitur</strong></span> <span class='ocrx_word' id='word_1_681' title='bbox 2016 4453 2179 4518; x_wconf 89' lang='lat' dir='ltr'><strong>terminus</strong></span> <span class='ocrx_word' id='word_1_682' title='bbox 2212 4473 2271 4533; x_wconf 90' lang='lat' dir='ltr'><strong>pro</strong></span> <span class='ocrx_word' id='word_1_683' title='bbox 2305 4462 2375 4516; x_wconf 85' lang='lat' dir='ltr'><strong>teta</strong></span> 
     </span>
     <span class='ocr_line' id='line_1_48' title="bbox 369 4531 2374 4620; baseline 0.003 -25"><span class='ocrx_word' id='word_1_684' title='bbox 369 4532 406 4596; x_wconf 92' lang='lat' dir='ltr'><strong>iu</strong></span> <span class='ocrx_word' id='word_1_685' title='bbox 436 4536 525 4596; x_wconf 89' lang='lat' dir='ltr'><strong>terra</strong></span> <span class='ocrx_word' id='word_1_686' title='bbox 554 4532 724 4614; x_wconf 88' lang='lat' dir='ltr'><strong>promisee.</strong></span> <span class='ocrx_word' id='word_1_687' title='bbox 775 4533 852 4599; x_wconf 91' lang='lat' dir='ltr'><strong>Non</strong></span> <span class='ocrx_word' id='word_1_688' title='bbox 880 4544 931 4599; x_wconf 89' lang='lat' dir='ltr'><strong>est</strong></span> <span class='ocrx_word' id='word_1_689' title='bbox 960 4543 1069 4598; x_wconf 90' lang='lat' dir='ltr'><strong>autem</strong></span> <span class='ocrx_word' id='word_1_690' title='bbox 1098 4531 1151 4598; x_wconf 93' lang='lat' dir='ltr'><strong>hio</strong></span> <span class='ocrx_word' id='word_1_691' title='bbox 1180 4532 1343 4599; x_wconf 89' lang='lat' dir='ltr'><strong>subtiliter</strong></span> <span class='ocrx_word' id='word_1_692' title='bbox 1395 4532 1535 4600; x_wconf 89' lang='lat' dir='ltr'><strong>ditione:</strong></span> <span class='ocrx_word' id='word_1_693' title='bbox 1565 4536 1657 4617; x_wconf 91' lang='lat' dir='ltr'><strong>quasi</strong></span> <span class='ocrx_word' id='word_1_694' title='bbox 1689 4534 1811 4604; x_wconf 82' lang='lat' dir='ltr'><strong>dioeret</strong></span> <span class='ocrx_word' id='word_1_695' title='bbox 1833 4535 1947 4619; x_wconf 89' lang='lat' dir='ltr'><strong>prooul</strong></span> <span class='ocrx_word' id='word_1_696' title='bbox 1969 4555 2056 4602; x_wconf 90' lang='lat' dir='ltr'><strong>nuno</strong></span> <span class='ocrx_word' id='word_1_697' title='bbox 2077 4535 2190 4604; x_wconf 89' lang='lat' dir='ltr'><strong>abesse</strong></span> <span class='ocrx_word' id='word_1_698' title='bbox 2214 4559 2233 4602; x_wconf 92' lang='lat' dir='ltr'><strong>a</strong></span> <span class='ocrx_word' id='word_1_699' title='bbox 2254 4537 2374 4620; x_wconf 88' lang='lat' dir='ltr'><strong>patria,</strong></span> 
     </span>
     <span class='ocr_line' id='line_1_49' title="bbox 371 4615 2374 4706; baseline 0.003 -25"><span class='ocrx_word' id='word_1_700' title='bbox 371 4615 606 4700; x_wconf 86' lang='lat' dir='ltr'><strong>disputondum</strong></span> <span class='ocrx_word' id='word_1_701' title='bbox 636 4637 678 4681; x_wconf 93' lang='lat' dir='ltr'><strong>en</strong></span> <span class='ocrx_word' id='word_1_702' title='bbox 701 4617 827 4689; x_wconf 88' lang='lat' dir='ltr'><strong>Raohel</strong></span> <span class='ocrx_word' id='word_1_703' title='bbox 854 4619 969 4704; x_wconf 83' lang='lat' dir='ltr'><strong>gavisa</strong></span> <span class='ocrx_word' id='word_1_704' title='bbox 996 4616 1096 4683; x_wconf 80' lang='lat' dir='ltr'><strong>fuerit</strong></span> <span class='ocrx_word' id='word_1_705' title='bbox 1123 4617 1239 4684; x_wconf 87' lang='lat' dir='ltr'><strong>exsilio</strong></span> <span class='ocrx_word' id='word_1_706' title='bbox 1265 4639 1343 4684; x_wconf 88' lang='lat' dir='ltr'><strong>suae</strong></span> <span class='ocrx_word' id='word_1_707' title='bbox 1394 4619 1452 4686; x_wconf 89' lang='lat' dir='ltr'><strong>sed</strong></span> <span class='ocrx_word' id='word_1_708' title='bbox 1481 4620 1600 4686; x_wconf 88' lang='lat' dir='ltr'><strong>iterum</strong></span> <span class='ocrx_word' id='word_1_709' title='bbox 1631 4619 1794 4688; x_wconf 89' lang='lat' dir='ltr'><strong>redituros</strong></span> <span class='ocrx_word' id='word_1_710' title='bbox 1823 4625 1859 4688; x_wconf 92' lang='lat' dir='ltr'><strong>in</strong></span> <span class='ocrx_word' id='word_1_711' title='bbox 1888 4624 2026 4706; x_wconf 86' lang='lat' dir='ltr'><strong>patriam</strong></span> <span class='ocrx_word' id='word_1_712' title='bbox 2056 4621 2161 4700; x_wconf 85' lang='lat' dir='ltr'><strong>illem,</strong></span> <span class='ocrx_word' id='word_1_713' title='bbox 2191 4641 2274 4705; x_wconf 88' lang='lat' dir='ltr'><strong>quae</strong></span> <span class='ocrx_word' id='word_1_714' title='bbox 2303 4623 2374 4689; x_wconf 89' lang='lat' dir='ltr'><strong>auis</strong></span> 
     </span>
     <span class='ocr_line' id='line_1_50' title="bbox 370 4701 2374 4791; baseline 0.003 -24"><span class='ocrx_word' id='word_1_715' title='bbox 370 4701 499 4780; x_wconf 83' lang='lat' dir='ltr'><strong>sobolis,</strong></span> <span class='ocrx_word' id='word_1_716' title='bbox 529 4722 570 4772; x_wconf 82' lang='lat' dir='ltr'><strong>un</strong></span> <span class='ocrx_word' id='word_1_717' title='bbox 597 4701 696 4767; x_wconf 77' lang='lat' dir='ltr'><strong>obem</strong></span> <span class='ocrx_word' id='word_1_718' title='bbox 718 4702 866 4771; x_wconf 89' lang='lat' dir='ltr'><strong>luetoosa</strong></span> <span class='ocrx_word' id='word_1_719' title='bbox 889 4704 986 4770; x_wconf 83' lang='lat' dir='ltr'><strong>luerit</strong></span> <span class='ocrx_word' id='word_1_720' title='bbox 1006 4703 1184 4770; x_wconf 83' lang='lat' dir='ltr'><strong>salamitae.</strong></span> <span class='ocrx_word' id='word_1_721' title='bbox 1228 4703 1344 4788; x_wconf 88' lang='lat' dir='ltr'><strong>Neque</strong></span> <span class='ocrx_word' id='word_1_722' title='bbox 1395 4704 1554 4772; x_wconf 90' lang='lat' dir='ltr'><strong>limitibus</strong></span> <span class='ocrx_word' id='word_1_723' title='bbox 1576 4705 1748 4791; x_wconf 88' lang='lat' dir='ltr'><strong>designata</strong></span> <span class='ocrx_word' id='word_1_724' title='bbox 1769 4708 1887 4789; x_wconf 81' lang='lat' dir='ltr'><strong>fuerat,</strong></span> <span class='ocrx_word' id='word_1_725' title='bbox 1910 4727 2029 4791; x_wconf 88' lang='lat' dir='ltr'><strong>nempe</strong></span> <span class='ocrx_word' id='word_1_726' title='bbox 2049 4707 2138 4774; x_wconf 88' lang='lat' dir='ltr'><strong>inter</strong></span> <span class='ocrx_word' id='word_1_727' title='bbox 2156 4707 2374 4791; x_wconf 78' lang='lat' dir='ltr'><strong>Euphratem,</strong></span> 
     </span>
     <span class='ocr_line' id='line_1_51' title="bbox 370 4787 2375 4876; baseline 0.003 -22"><span class='ocrx_word' id='word_1_728' title='bbox 370 4787 460 4854; x_wconf 82' lang='lat' dir='ltr'><strong>enim</strong></span> <span class='ocrx_word' id='word_1_729' title='bbox 481 4789 651 4870; x_wconf 89' lang='lat' dir='ltr'><strong>prophete,</strong></span> <span class='ocrx_word' id='word_1_730' title='bbox 671 4787 757 4853; x_wconf 90' lang='lat' dir='ltr'><strong>siout</strong></span> <span class='ocrx_word' id='word_1_731' title='bbox 775 4787 854 4869; x_wconf 83' lang='lat' dir='ltr'><strong>dixi,</strong></span> <span class='ocrx_word' id='word_1_732' title='bbox 877 4789 948 4856; x_wconf 87' lang='lat' dir='ltr'><strong>volt</strong></span> <span class='ocrx_word' id='word_1_733' title='bbox 966 4787 1019 4854; x_wconf 92' lang='lat' dir='ltr'><strong>hio</strong></span> <span class='ocrx_word' id='word_1_734' title='bbox 1035 4788 1149 4854; x_wconf 87' lang='lat' dir='ltr'><strong>dooere</strong></span> <span class='ocrx_word' id='word_1_735' title='bbox 1164 4809 1206 4852; x_wconf 88' lang='lat' dir='ltr'><strong>eu</strong></span> <span class='ocrx_word' id='word_1_736' title='bbox 1223 4790 1344 4856; x_wconf 90' lang='lat' dir='ltr'><strong>mortui</strong></span> <span class='ocrx_word' id='word_1_737' title='bbox 1393 4791 1481 4857; x_wconf 89' lang='lat' dir='ltr'><strong>inter</strong></span> <span class='ocrx_word' id='word_1_738' title='bbox 1505 4794 1692 4876; x_wconf 79' lang='lat' dir='ltr'><strong>Aegyptum</strong></span> <span class='ocrx_word' id='word_1_739' title='bbox 1714 4803 1748 4858; x_wconf 90' lang='lat' dir='ltr'><strong>et</strong></span> <span class='ocrx_word' id='word_1_740' title='bbox 1770 4813 1870 4873; x_wconf 88' lang='lat' dir='ltr'><strong>mere,</strong></span> <span class='ocrx_word' id='word_1_741' title='bbox 1893 4804 1926 4858; x_wconf 93' lang='grc' dir='ltr'><strong>ιι</strong></span> <span class='ocrx_word' id='word_1_742' title='bbox 1947 4793 2113 4860; x_wconf 87' lang='lat' dir='ltr'><strong>Arabiam.</strong></span> <span class='ocrx_word' id='word_1_743' title='bbox 2153 4793 2261 4858; x_wconf 79' lang='lat' dir='ltr'><strong>Erant</strong></span> <span class='ocrx_word' id='word_1_744' title='bbox 2282 4796 2375 4860; x_wconf 89' lang='lat' dir='ltr'><strong>euim</strong></span> 
     </span>
     <span class='ocr_line' id='line_1_52' title="bbox 370 4871 2109 4962; baseline 0.003 -25"><span class='ocrx_word' id='word_1_745' title='bbox 370 4871 490 4939; x_wconf 91' lang='lat' dir='ltr'><strong>oonsoii</strong></span> <span class='ocrx_word' id='word_1_746' title='bbox 513 4872 581 4938; x_wconf 90' lang='lat' dir='ltr'><strong>sint</strong></span> <span class='ocrx_word' id='word_1_747' title='bbox 603 4891 714 4939; x_wconf 89' lang='lat' dir='ltr'><strong>rorum</strong></span> <span class='ocrx_word' id='word_1_748' title='bbox 735 4884 933 4954; x_wconf 89' lang='lat' dir='ltr'><strong>nostrerum,</strong></span> <span class='ocrx_word' id='word_1_749' title='bbox 956 4872 1012 4938; x_wconf 92' lang='lat' dir='ltr'><strong>sad</strong></span> <span class='ocrx_word' id='word_1_750' title='bbox 1030 4875 1172 4959; x_wconf 88' lang='lat' dir='ltr'><strong>figurate</strong></span> <span class='ocrx_word' id='word_1_751' title='bbox 1189 4873 1343 4957; x_wconf 88' lang='lat' dir='ltr'><strong>loquitur,</strong></span> <span class='ocrx_word' id='word_1_752' title='bbox 1394 4876 1442 4942; x_wconf 93' lang='lat' dir='ltr'><strong>illi</strong></span> <span class='ocrx_word' id='word_1_753' title='bbox 1463 4889 1603 4961; x_wconf 91' lang='lat' dir='ltr'><strong>quatuor</strong></span> <span class='ocrx_word' id='word_1_754' title='bbox 1625 4878 1787 4950; x_wconf 63' lang='lat' dir='ltr'><strong>termini..</strong></span> <span class='ocrx_word' id='word_1_755' title='bbox 1812 4879 1931 4946; x_wconf 89' lang='lat' dir='ltr'><strong>Postee</strong></span> <span class='ocrx_word' id='word_1_756' title='bbox 1954 4879 2109 4962; x_wconf 87' lang='lat' dir='ltr'><strong>sequitur,</strong></span> 
     </span>
    </p>

    <p class='ocr_par' dir='ltr' id='par_1_3' title="bbox 370 4955 1093 5043">
     <span class='ocr_line' id='line_1_53' title="bbox 370 4955 1093 5043; baseline 0.003 -21"><span class='ocrx_word' id='word_1_757' title='bbox 370 4977 435 5040; x_wconf 88' lang='lat' dir='ltr'><strong>quo</strong></span> <span class='ocrx_word' id='word_1_758' title='bbox 458 4955 683 5024; x_wconf 87' lang='lat' dir='ltr'><strong>vehementior</strong></span> <span class='ocrx_word' id='word_1_759' title='bbox 705 4958 748 5024; x_wconf 87' lang='lat' dir='ltr'><strong>sit</strong></span> <span class='ocrx_word' id='word_1_760' title='bbox 769 4961 883 5026; x_wconf 91' lang='lat' dir='ltr'><strong>oratio.</strong></span> <span class='ocrx_word' id='word_1_761' title='bbox 928 4959 1093 5043; x_wconf 85' lang='lat' dir='ltr'><strong>Sequitur,</strong></span> 
     </span>
    </p>
   </div>
   <div class='ocr_carea' id='block_1_3' title="bbox 1481 5046 2376 5132">
    <p class='ocr_par' dir='ltr' id='par_1_4' title="bbox 1481 5046 2376 5132">
     <span class='ocr_line' id='line_1_54' title="bbox 1481 5046 2376 5132; baseline 0.006 -21"><span class='ocrx_word' id='word_1_762' title='bbox 1481 5047 1531 5112; x_wconf 90' lang='lat'><strong>18.</strong></span> <span class='ocrx_word' id='word_1_763' title='bbox 1561 5047 1727 5114; x_wconf 77' lang='lat' dir='ltr'><strong>Audienda</strong></span> <span class='ocrx_word' id='word_1_764' title='bbox 1763 5050 1875 5116; x_wconf 77' lang='lat' dir='ltr'><strong>essdioa&#39;</strong></span> <span class='ocrx_word' id='word_1_765' title='bbox 1906 5046 2064 5132; x_wconf 83' lang='lat' dir='ltr'><strong>Ephraim</strong></span> <span class='ocrx_word' id='word_1_766' title='bbox 2096 5049 2376 5132; x_wconf 55' lang='lat' dir='ltr'><strong>stemmatum</strong></span> 
     </span>
    </p>
   </div>
   <div class='ocr_carea' id='block_1_4' title="bbox 369 5126 2374 5388">
    <p class='ocr_par' dir='ltr' id='par_1_5' title="bbox 369 5126 2374 5388">
     <span class='ocr_line' id='line_1_55' title="bbox 457 5126 2374 5219; baseline 0.004 -29"><span class='ocrx_word' id='word_1_767' title='bbox 457 5127 508 5191; x_wconf 82' lang='grc'><strong>17.</strong></span> <span class='ocrx_word' id='word_1_768' title='bbox 530 5126 574 5192; x_wconf 84' lang='lat' dir='ltr'><strong>Ei</strong></span> <span class='ocrx_word' id='word_1_769' title='bbox 594 5130 654 5193; x_wconf 81' lang='lat' dir='ltr'><strong>erit</strong></span> <span class='ocrx_word' id='word_1_770' title='bbox 674 5149 746 5211; x_wconf 78' lang='lat' dir='ltr'><strong>spes</strong></span> <span class='ocrx_word' id='word_1_771' title='bbox 766 5128 935 5196; x_wconf 69' lang='grc' dir='ltr'>ιιιιὶιιὶιιο</span> <span class='ocrx_word' id='word_1_772' title='bbox 956 5133 1014 5208; x_wconf 79' lang='lat' dir='ltr'><strong>luo,</strong></span> <span class='ocrx_word' id='word_1_773' title='bbox 1039 5129 1115 5196; x_wconf 77' lang='lat' dir='ltr'><strong>dieii</strong></span> <span class='ocrx_word' id='word_1_774' title='bbox 1138 5129 1289 5196; x_wconf 73' lang='lat' dir='ltr'><strong>lebouolr:</strong></span> <span class='ocrx_word' id='word_1_775' title='bbox 1317 5136 1345 5196; x_wconf 89' lang='lat' dir='ltr'><strong>et</strong></span> <span class='ocrx_word' id='word_1_776' title='bbox 1395 5131 1461 5219; x_wconf 87' lang='lat' dir='ltr'><strong>(vel</strong></span> <span class='ocrx_word' id='word_1_777' title='bbox 1488 5154 1589 5215; x_wconf 91' lang='lat' dir='ltr'><strong>quum</strong></span> <span class='ocrx_word' id='word_1_778' title='bbox 1619 5133 1877 5218; x_wconf 83' lang='lat' dir='ltr'><strong>transmigravit,</strong></span> <span class='ocrx_word' id='word_1_779' title='bbox 1907 5136 1957 5201; x_wconf 87' lang='lat' dir='ltr'><strong>vel</strong></span> <span class='ocrx_word' id='word_1_780' title='bbox 1982 5136 2227 5212; x_wconf 84' lang='lat' dir='ltr'><strong>lamentantem,</strong></span> <span class='ocrx_word' id='word_1_781' title='bbox 2258 5146 2295 5199; x_wconf 91' lang='lat' dir='ltr'><strong>ut</strong></span> <span class='ocrx_word' id='word_1_782' title='bbox 2315 5135 2374 5200; x_wconf 91' lang='lat' dir='ltr'><strong>alii</strong></span> 
     </span>
     <span class='ocr_line' id='line_1_56' title="bbox 369 5210 2372 5306; baseline 0.004 -30"><span class='ocrx_word' id='word_1_783' title='bbox 369 5210 513 5278; x_wconf 78' lang='lat' dir='ltr'><strong>redibunt</strong></span> <span class='ocrx_word' id='word_1_784' title='bbox 538 5213 603 5293; x_wconf 71' lang='lat' dir='ltr'><strong>filit</strong></span> <span class='ocrx_word' id='word_1_785' title='bbox 629 5215 672 5282; x_wconf 87' lang='lat' dir='ltr'><strong>od</strong></span> <span class='ocrx_word' id='word_1_786' title='bbox 692 5215 859 5282; x_wconf 67' lang='lat' dir='ltr'><strong>minum</strong></span> <span class='ocrx_word' id='word_1_787' title='bbox 880 5234 973 5280; x_wconf 81' lang='lat' dir='ltr'><strong>suum</strong></span> <span class='ocrx_word' id='word_1_788' title='bbox 995 5214 1070 5302; x_wconf 91' lang='lat' dir='ltr'><strong>(hoo</strong></span> <span class='ocrx_word' id='word_1_789' title='bbox 1092 5222 1151 5293; x_wconf 85' lang='lat' dir='ltr'><strong>ost,</strong></span> <span class='ocrx_word' id='word_1_790' title='bbox 1181 5215 1217 5280; x_wconf 92' lang='lat' dir='ltr'><strong>in</strong></span> <span class='ocrx_word' id='word_1_791' title='bbox 1239 5217 1344 5300; x_wconf 87' lang='lat' dir='ltr'><strong>regio·</strong></span> <span class='ocrx_word' id='word_1_792' title='bbox 1395 5226 1547 5284; x_wconf 84' lang='lat' dir='ltr'><strong>vertunt:</strong></span> <span class='ocrx_word' id='word_1_793' title='bbox 1582 5217 1727 5285; x_wconf 87' lang='lat' dir='ltr'><strong>disemus</strong></span> <span class='ocrx_word' id='word_1_794' title='bbox 1759 5231 1871 5301; x_wconf 86' lang='lat' dir='ltr'><strong>postea</strong></span> <span class='ocrx_word' id='word_1_795' title='bbox 1904 5222 1944 5286; x_wconf 93' lang='lat' dir='ltr'><strong>de</strong></span> <span class='ocrx_word' id='word_1_796' title='bbox 1967 5219 2076 5306; x_wconf 85' lang='lat' dir='ltr'><strong>vooe),</strong></span> <span class='ocrx_word' id='word_1_797' title='bbox 2110 5218 2282 5305; x_wconf 68' lang='grc' dir='ltr'>(ὶιιιὶριιιι</span> <span class='ocrx_word' id='word_1_798' title='bbox 2313 5239 2372 5302; x_wconf 78' lang='lat' dir='ltr'><strong>aaa,</strong></span> 
     </span>
     <span class='ocr_line' id='line_1_57' title="bbox 370 5297 2374 5388; baseline 0.005 -28"><span class='ocrx_word' id='word_1_799' title='bbox 370 5317 447 5364; x_wconf 90' lang='lat' dir='ltr'><strong>nom</strong></span> <span class='ocrx_word' id='word_1_800' title='bbox 469 5297 586 5383; x_wconf 90' lang='lat' dir='ltr'><strong>suem).</strong></span> <span class='ocrx_word' id='word_1_801' title='bbox 1396 5308 1424 5369; x_wconf 81' lang='grc' dir='ltr'><strong>ιι</strong></span> <span class='ocrx_word' id='word_1_802' title='bbox 1461 5304 1632 5388; x_wconf 66' lang='lat' dir='ltr'><strong>nequeo</strong></span> <span class='ocrx_word' id='word_1_803' title='bbox 1670 5324 1741 5372; x_wconf 75' lang='lat' dir='ltr'><strong>aem</strong></span> <span class='ocrx_word' id='word_1_804' title='bbox 1782 5311 1931 5388; x_wconf 73' lang='lat' dir='ltr'><strong>hequem</strong></span> <span class='ocrx_word' id='word_1_805' title='bbox 1973 5306 2093 5372; x_wconf 68' lang='lat' dir='ltr'><strong>uitulus</strong></span> <span class='ocrx_word' id='word_1_806' title='bbox 2134 5325 2195 5372; x_wconf 84' lang='lat' dir='ltr'><strong>nou</strong></span> <span class='ocrx_word' id='word_1_807' title='bbox 2232 5307 2374 5373; x_wconf 67' lang='lat' dir='ltr'><strong>meum.-</strong></span> 
     </span>
    </p>
   </div>
   <div class='ocr_carea' id='block_1_5' title="bbox 0 0 2564 6132">
    <p class='ocr_par' dir='ltr' id='par_1_6' title="bbox 0 0 2564 6132">
     <span class='ocr_line' id='line_1_58' title="bbox 0 0 2564 6132; baseline 0 0"><span class='ocrx_word' id='word_1_808' title='bbox 0 0 2564 6132; x_wconf 95' lang='lat' dir='ltr'><strong> </strong></span> 
     </span>
    </p>
   </div>
  </div>
 </body>
</html>
