5134 6124
357 431 419 496 227
1164 427 1552 496 Puauuuomourte
2298 431 2361 498 228

355 637 430 686 mus
452 624 486 687 et
507 619 695 706 digerimus.
733 620 806 686 Hoc
828 621 928 703 igitur
950 617 1012 684 sibi
1036 617 1140 684 voluit
1161 617 1331 700 propheta,
1388 626 1570 685 tortuosas:
1605 618 1662 685 sed
1686 620 1816 704 culpam
1846 641 1918 687 esse
1939 620 1974 685 in
1997 619 2068 704 ipso
2090 620 2219 703 populo.
2265 619 2362 688 Nunc

356 707 443 790 qood
465 727 530 772 non
554 706 669 772 luserit
692 706 832 771 tabulam
857 706 890 769 in
915 705 1045 770 theatro
1072 725 1174 788 quam
1203 702 1334 770 doceret
1388 723 1466 788 ergo
1489 714 1639 770 tenemus
1662 708 1841 790 genuinum
1871 726 2004 772 sensum
2034 705 2134 772 buius
2163 706 2241 771 loci:
2275 707 2361 790 quod

357 793 522 878 populum,
546 792 603 859 sed
626 793 709 858 sorio
732 801 932 875 exsequutus
955 791 999 856 sit
1020 802 1131 874 partes
1154 789 1215 856 sibi
1239 808 1332 853 man·
1387 789 1510 857 seilicet
1533 791 1693 874 propheta
1716 795 1904 878 cognoverit
1921 791 2004 857 nihil
2023 811 2095 859 esse
2113 791 2240 872 melius,
2263 813 2360 875 quam

357 877 460 954 dates,
483 901 546 944 noo
565 878 665 944 fuerit
683 878 807 956 histrio,
831 875 1106 959 quemadmodum
1129 885 1207 941 sunt
1228 875 1332 955 multi,
1387 876 1541 960 amplecti
1570 875 1725 960 quidquid
1754 899 1774 944 a
1799 877 1872 944 Deo
1901 879 2079 962 proiectum
2102 889 2161 944 est.
2206 878 2253 943 Et
2281 879 2360 945 haec

357 966 413 1048 qui
436 985 471 1030 se
493 965 618 1031 iactant
641 963 731 1028 verbi
762 964 938 1044 ministros,
968 963 1025 1029 sed
1056 961 1157 1027 luerit
1185 961 1333 1028 sincerus
1387 961 1451 1026 luit
1480 961 1616 1029 dulcedo
1645 983 1744 1046 quam
1766 985 1801 1030 so
1824 971 1965 1030 testatur
1986 964 2127 1030 sensisse
2156 965 2188 1028 in
2212 985 2361 1030 sermone

356 1051 420 1117 Dei
454 1052 612 1117 minister.
670 1050 741 1114 Iam
775 1049 928 1134 adiungit
963 1067 1138 1114 sermonem
1170 1047 1235 1114 Dei
1271 1046 1333 1111 aidi
1386 1045 1461 1113 Deir
1505 1048 1626 1115 Poetea
1647 1049 1805 1135 adiungit,
1832 1049 1915 1132 Quia
1937 1069 2032 1132 euper
2053 1069 2101 1115 mc
2121 1050 2295 1116 invocatum
2316 1056 2360 1116 eat

354 1137 468 1218 sciam
485 1137 521 1202 ia
546 1137 702 1222 paediam
728 1141 756 1200 et
785 1135 937 1202 baddicm
965 1135 1079 1214 cordis,
1113 1133 1174 1200 hoo
1203 1143 1263 1214 eet,
1297 1154 1332 1198 se
1384 1152 1494 1199 nomen
1526 1140 1632 1218 tuam,
1667 1135 1803 1204 choeeb
1830 1136 1920 1203 Deae
1949 1136 2149 1202 crcrdtuum.
2194 1135 2361 1220 Loquutio

355 1221 553 1289 oblectatum
580 1221 680 1288 luisse
709 1220 765 1287 illo
794 1239 960 1286 sermone:
995 1219 1269 1303 quemadmodum
1300 1230 1333 1285 ct
1386 1218 1467 1286 haec
1489 1239 1586 1304 saepe
1608 1224 1749 1288 occurrit
1771 1223 1804 1287 in
1823 1223 1994 1306 scripture,
2017 1222 2074 1287 sed
2093 1221 2223 1287 diverso
2246 1243 2358 1288 sensu:

356 1305 468 1374 David
499 1309 588 1374 melli
618 1317 784 1392 comparat
816 1315 885 1372 tam
916 1306 1048 1372 Psalmo
1078 1305 1132 1382 19,
1162 1308 1201 1370 11
1234 1325 1330 1386 qoam
1386 1305 1559 1372 invocator
1581 1308 1667 1372 enim
1692 1328 1810 1375 nomen
1832 1307 1898 1373 Dei
1923 1309 2105 1392 promiscue
2127 1327 2227 1390 super
2247 1328 2360 1373 omnes

358 1393 431 1474 119,
455 1395 526 1462 103.
572 1393 668 1478 Apud
691 1393 896 1458 lllaeohielem
928 1393 996 1458 fere
1026 1392 1140 1457 eadem
1167 1390 1253 1456 ratio
1283 1390 1331 1454 lo·
1386 1391 1443 1474 qui
1465 1399 1643 1458 censentur
1664 1393 1699 1458 in
1718 1397 1789 1460 eius
1811 1393 1940 1477 populo,
1961 1393 2055 1460 sicuti
2074 1393 2152 1458 olim
2171 1395 2359 1460 invocatum

357 1480 478 1564 qoendi
510 1477 649 1547 habetur
670 1479 706 1543 in
728 1481 795 1543 fine
823 1479 958 1545 secundi
987 1479 1114 1562 capitia,
1145 1497 1228 1543 vere.
1252 1476 1273 1541 8
1299 1484 1333 1541 et
1386 1477 1448 1541 fuit
1463 1498 1562 1560 super
1577 1488 1683 1544 totam
1702 1478 1993 1547 semenAbrahao:
2012 1479 2059 1545 ita
2074 1478 2172 1545 hodie
2189 1479 2360 1546 invocatur

356 1567 449 1632 initio
472 1567 561 1631 tertii
580 1587 663 1632 vers.
682 1568 710 1631 1.
724 1566 753 1630 2.
767 1565 801 1630 3:
824 1564 955 1629 iubetur
974 1567 1063 1629 enim
1084 1563 1151 1630 illio
1173 1562 1332 1646 propheta
1385 1583 1483 1646 super
1501 1585 1556 1629 eos
1577 1585 1690 1632 omnes
1712 1567 1767 1649 qui
1789 1567 1909 1631 initiati
1931 1571 2010 1632 sunt
2032 1585 2123 1631 sacro
2147 1565 2308 1648 baptismo
2325 1565 2359 1629 in

356 1653 526 1718 comedere
549 1653 701 1718 volumen
721 1651 784 1716 sibi
802 1651 1018 1734 propositum:
1043 1661 1156 1733 postea
1173 1650 1250 1716 dicit
1269 1648 1331 1714 sibi
1385 1648 1456 1714 eius
1479 1669 1610 1732 nomen,
1640 1660 1673 1716 et
1696 1653 1753 1735 qui
1779 1653 1903 1718 iactant
1931 1672 1966 1716 se
1988 1651 2194 1717 Christianos
2223 1661 2257 1716 et
2278 1650 2360 1716 filios

355 1737 456 1804 fuisse
486 1739 593 1805 instar
627 1738 734 1803 mellis
767 1735 809 1801 ad
840 1736 1064 1803 dulcedinem:
1099 1737 1177 1820 quia
1208 1735 1332 1800 scilicet
1386 1735 1556 1801 ecclesiae:
1595 1745 1627 1802 et
1662 1737 1724 1806 hoc
1760 1741 1858 1804 etiam
1895 1738 2085 1804 extenditur
2120 1737 2161 1802 ad
2199 1737 2359 1820 Papistas.

356 1824 485 1889 ardenti
508 1834 584 1890 voto
614 1825 786 1907 amplexus
815 1830 866 1888 est
896 1822 1089 1902 doctrinam,
1121 1831 1154 1887 et
1177 1821 1330 1904 privatim
1384 1818 1564 1887 Invocatur
1584 1843 1683 1906 super
1704 1845 1773 1905 nos,
1804 1823 1880 1907 quia
1902 1824 2025 1891 scilieet
2053 1823 2206 1908 dignatus
2228 1833 2279 1888 est
2300 1843 2360 1888 nos

354 1911 492 1994 proiecit
510 1911 544 1975 in
557 1909 619 1974 Dei
639 1910 758 1986 schola,
783 1918 821 1973 ut
839 1907 955 1975 deinde
976 1909 1073 1974 etiam
1093 1907 1221 1992 publice
1240 1907 1332 1971 utilis
1384 1906 1541 1989 peculiari
1563 1910 1686 1993 gratia:
1710 1931 1786 1975 nam
1809 1912 1936 1994 puritas
1955 1910 2023 1976 veri
2042 1918 2075 1974 et
2092 1909 2230 1994 legitimi
2252 1908 2359 1974 cultus

356 2005 443 2062 esset
470 1997 540 2062 eius
569 1995 669 2061 labor.
713 1995 873 2061 Videmus
903 2013 1000 2078 quam
1031 1994 1147 2060 similis
1176 1995 1218 2059 sit
1245 1994 1332 2057 inter
1384 1993 1470 2057 inter
1493 2014 1552 2060 nos
1576 1996 1674 2079 viget,
1697 1995 1815 2062 deinde
1836 2016 1964 2062 errores
1985 1995 2104 2061 sublati
2126 2003 2215 2070 sunt,
2238 2002 2272 2059 et
2293 2015 2359 2060 ma·

356 2081 532 2147 Ieremiam
562 2090 594 2146 et
623 2081 827 2148 Ezechielem
861 2082 961 2147 ratio:
996 2082 1081 2164 quod
1111 2079 1235 2146 soilioot
1265 2098 1331 2142 non
1385 2091 1440 2142 net
1470 2079 1612 2163 simplex
1641 2082 1712 2147 eius
1741 2084 1870 2148 veritas.
1915 2083 2039 2147 Tamen
2074 2080 2172 2146 multi
2204 2080 2359 2164 permixti

357 2177 487 2232 tantum
520 2167 746 2250 recitaverint,
786 2175 823 2233 ut
855 2167 962 2233 solent
994 2167 1051 2250 qui
1086 2166 1201 2232 volunt
1235 2185 1331 2230 aures
1384 2175 1463 2229 sunt
1483 2164 1673 2252 hypocritae
1696 2169 1759 2234 Dei
1790 2168 1917 2234 electis:
1948 2169 1996 2233 ita
2018 2168 2117 2233 etiam
2148 2166 2183 2231 in
2208 2186 2286 2232 vera
2308 2187 2358 2232 ec·

356 2253 515 2334 mulcere,
552 2253 637 2336 qued
672 2252 776 2319 edenti
810 2253 956 2331 lucrant,
994 2251 1051 2318 sed
1084 2252 1206 2317 fuerint
1238 2252 1331 2333 prius
1384 2250 1482 2316 olesia
1500 2264 1533 2316 et
1550 2252 1633 2319 bene
1655 2255 1834 2337 composita
1856 2255 2028 2320 invocetur
2042 2252 2106 2318 Dei
2124 2273 2243 2318 nomon
2262 2271 2359 2336 super

356 2338 506 2421 discipuli
527 2340 662 2422 spiritus
680 2341 783 2405 sancti
802 2359 902 2422 quam
921 2344 1032 2404 essent
1048 2337 1153 2421 plebis
1173 2337 1329 2403 doctores.
1383 2335 1547 2419 reprobos.
1592 2338 1773 2406 Insecutus
1794 2349 1902 2406 autem
1926 2360 2003 2405 vere
2025 2359 2144 2405 nomen
2168 2338 2231 2402 Dei
2260 2359 2359 2421 saper

354 2422 535 2504 Quaeritur
559 2435 667 2490 tamen
690 2425 851 2507 quomodo
881 2424 1025 2509 potuerit
1047 2444 1152 2490 sermo
1177 2424 1237 2489 Dei
1261 2433 1330 2486 tam
1383 2422 1512 2502 electos,
1535 2423 1810 2508 quemadmodum
1834 2426 1912 2492 dicit
1935 2425 2060 2492 Paulus
2083 2424 2126 2511 (2.
2143 2425 2227 2489 uim.
2245 2423 2277 2504 2,
2295 2422 2357 2508 19),

355 2509 458 2576 dulcis
491 2518 525 2575 et
553 2511 717 2577 iucundus
751 2531 821 2576 esse
852 2509 1048 2593 prophetae,
1084 2527 1184 2591 quum
1219 2518 1330 2574 tamen
1382 2506 1541 2575 Dieoedat
1562 2509 1603 2575 ab
1625 2511 1800 2595 iniquitate
1822 2512 1971 2596 quisquis
1991 2512 2123 2578 invocat
2145 2530 2266 2576 nomen
2287 2508 2357 2573 Do·

355 2601 443 2660 esset
471 2597 588 2678 plenus
618 2596 856 2661 amaritudinis.
900 2595 985 2661 Nam
1008 2595 1086 2660 alibi
1109 2594 1252 2661 vidimus
1273 2616 1329 2660 ex·
1383 2594 1473 2661 mini.
1525 2595 1609 2661 Nam
1640 2605 1691 2662 est
1720 2605 1836 2664 mutua
1868 2598 2001 2664 relatio:
2035 2595 2236 2662 tandundom
2269 2596 2356 2662 enim

353 2699 485 2762 pressas
517 2682 619 2748 inisse
640 2682 764 2746 multas
791 2682 953 2765 lacrymas
976 2691 1088 2746 sancto
1111 2682 1190 2760 viro,
1224 2680 1270 2745 ite
1293 2687 1330 2744 ut
1383 2679 1469 2745 valet
1501 2680 1656 2748 invocare
1685 2705 1805 2750 nomen
1833 2685 1896 2749 Dei
1929 2693 2027 2766 atquo
2059 2683 2204 2749 invocari
2238 2701 2357 2747 nomen

354 2779 486 2849 cuperet
505 2767 616 2835 oculos
633 2788 710 2833 suos
727 2766 879 2846 defluere,
901 2785 938 2832 ac
956 2767 983 2832 si
1002 2777 1112 2832 essent
1130 2765 1193 2831 duo
1211 2766 1328 2830 lentes.
1383 2763 1516 2831 Domini
1543 2788 1643 2851 super
1664 2769 1814 2853 aliquem.
1860 2768 2022 2834 Videmus
2051 2788 2130 2852 ergo
2152 2789 2272 2834 nomen
2295 2767 2358 2833 Dei

353 2850 525 2932 Quomodo
547 2853 648 2938 igitur
670 2853 751 2918 haec
773 2853 839 2919 duo
856 2853 954 2919 simul
977 2852 1185 2929 convenient,
1209 2851 1330 2917 iudicia
1383 2853 1528 2917 invocari
1551 2874 1629 2920 vere
1651 2865 1684 2919 ot
1705 2856 1835 2940 reipsa
1857 2876 1955 2939 super
1977 2856 2110 2938 eosqui
2139 2874 2205 2920 non
2228 2860 2355 2918 tantum

352 2937 415 3003 Dei
439 2948 568 3004 tantum
604 2940 759 3005 moeroris
789 2950 822 3003 et
850 2938 1003 3004 tristitiae
1036 2937 1187 3005 attulisse
1216 2948 1329 3004 sancto
1382 2957 1437 3001 ore
1458 2957 1494 3002 se
1516 2939 1639 3006 iactant
1661 2940 1784 3020 fideles,
1806 2940 1981 3008 sedetiam
2005 2941 2121 3025 spiritu
2145 2947 2259 3006 saneto
2280 2948 2357 3005 sunt

355 3023 440 3089 viro:
464 3035 496 3089 et
516 3034 626 3091 tamen
645 3025 743 3091 simul
762 3025 862 3091 fuisse
878 3025 914 3089 in
930 3024 1084 3109 gaudium
1104 3033 1136 3088 et
1152 3023 1327 3090 laetitiam?
1381 3023 1531 3106 regeniti.
1576 3025 1744 3109 Propheta
1765 3035 1873 3093 autem
1896 3026 1950 3092 hio
1972 3026 2013 3092 ad
2036 3047 2157 3092 munus
2184 3045 2282 3090 suum
2305 3045 2356 3090 re·

354 3106 507 3174 Diximus
541 3109 634 3188 alibi,
672 3112 823 3192 quamvis
860 3110 924 3176 duo
960 3112 1015 3177 isti
1050 3110 1185 3176 affectus
1222 3111 1328 3194 primo
1381 3109 1486 3192 spicit,
1510 3131 1610 3193 quum
1632 3111 1711 3179 dicit
1733 3133 1843 3179 acmen
1860 3113 1925 3179 Det
1946 3113 2120 3179 dramatum
2140 3111 2244 3194 faiaec
2264 3131 2358 3194 saper

354 3195 478 3257 intuitu
512 3203 714 3278 repugnent,
750 3205 859 3260 tamen
892 3196 990 3260 simul
1024 3196 1194 3279 coniungi,
1227 3215 1328 3278 quum
1381 3196 1502 3277 ipeam:
1535 3197 1612 3280 quia
1640 3197 1762 3264 scilieet
1783 3197 1928 3265 delectus
1950 3198 2049 3264 luerit
2071 3198 2111 3264 ad
2135 3197 2278 3264 osticium
2301 3196 2356 3261 do·

353 3275 544 3344 humanitus
582 3278 755 3362 deplorant
790 3279 970 3363 prophetae
1003 3291 1036 3345 et
1068 3280 1182 3364 lugent
1219 3282 1328 3364 populi
1381 3280 1484 3360 cendi,
1518 3294 1730 3350 nectentem
1753 3283 1912 3369 gloriatus
1942 3283 2042 3350 fuerit
2066 3284 2172 3367 titolo,
2206 3283 2264 3348 sed
2285 3280 2357 3347 Deo

353 3363 535 3444 interitum,
563 3372 598 3430 et
620 3377 729 3431 tamen
752 3366 874 3431 virtute
902 3366 1036 3448 spiritus
1062 3365 1247 3449 funguntur
1269 3388 1327 3430 suo
1381 3366 1535 3448 probatus
1569 3369 1677 3436 luerit.
1732 3370 1831 3436 Nunc
1863 3391 1941 3455 ergo
1975 3380 2125 3435 tenemus
2158 3389 2224 3452 quo
2257 3387 2356 3434 censu

352 3449 468 3530 cilicio,
491 3460 525 3516 et
542 3449 616 3515 Dec
638 3449 859 3528 subscribunt,
882 3459 916 3516 et
933 3450 1115 3534 approbant
1136 3452 1239 3517 instes
1258 3453 1328 3516 eius
1381 3450 1469 3517 dicat
1496 3455 1673 3522 invocatum
1698 3457 1802 3539 faisse
1824 3475 1934 3523 comeo
1954 3455 2019 3523 De·
2039 3475 2136 3538 cuper
2156 3474 2206 3520 ee:
2239 3473 2357 3537 nempe

352 3534 526 3603 vindictas.
572 3534 629 3602 Sic
659 3538 760 3620 igitur
789 3537 892 3602 iactus
923 3537 985 3602 luit
1013 3537 1194 3620 prophetae
1225 3556 1327 3602 emmo
1380 3537 1533 3619 quoniam
1556 3539 1649 3608 Deus
1678 3563 1812 3608 manum
1840 3543 1888 3608 illi
1917 3549 2123 3626 perrexerat,
2151 3549 2185 3607 et
2208 3539 2357 3606 voluerat

352 3619 417 3687 Des·
437 3622 656 3707 inpendium,
683 3641 749 3686 non
772 3623 857 3705 quod
880 3627 987 3707 ipsum
1011 3643 1076 3688 non
1100 3629 1249 3708 tangeret
1271 3644 1327 3707 po·
1380 3623 1451 3688 eine
1481 3643 1580 3708 opera
1611 3629 1659 3693 uti
1689 3627 1730 3694 ad
1763 3628 1918 3712 populum
1950 3627 2140 3693 docendum.
2191 3624 2355 3708 Quoniam

352 3707 423 3788 puli
456 3706 577 3787 clades,
612 3709 670 3774 sed
704 3707 780 3791 quia
813 3707 988 3791 superabat
1021 3728 1135 3774 omnes
1167 3707 1328 3775 humanos
1381 3716 1489 3774 autem
1513 3711 1607 3778 multi
1631 3722 1710 3779 sunt
1726 3716 1761 3779 in
1780 3715 1915 3780 ecclesia
1935 3713 2139 3793 mercenarii,
2157 3719 2190 3776 et
2208 3711 2358 3796 quamvis

353 3791 499 3871 affectus,
523 3806 559 3859 ut
579 3794 719 3860 libenter
741 3793 959 3860 subscriberet
975 3793 1037 3860 Dei
1056 3793 1195 3860 iudiciis:
1219 3815 1329 3878 quem·
1382 3815 1446 3860 non
1480 3795 1589 3878 palam
1622 3791 1835 3883 corrumpant
1870 3799 1920 3865 vel
1955 3800 2140 3866 adulterent
2174 3797 2357 3864 doctrinam

352 3876 529 3943 admodum
553 3880 652 3944 etiam
676 3877 754 3946 dicit
777 3878 881 3944 Oscae
910 3878 976 3964 (14,
1001 3880 1071 3964 10),
1106 3881 1229 3947 Rectae
1250 3891 1328 3946 sunt
1381 3880 1454 3958 Dei,
1484 3889 1593 3948 tamen
1615 3894 1853 3969 cauponantur,
1882 3895 1919 3951 ut
1940 3886 2047 3969 inquit
2068 3883 2191 3950 Paulus
2213 3882 2257 3968 (2.
2281 3881 2355 3948 Cor.

354 3962 428 4028 viae
448 3961 597 4042 Domini,
630 3965 710 4030 iusti
743 3964 959 4031 ambulabunt
986 3966 1020 4030 in
1051 3969 1139 4049 ipsis,
1173 3974 1207 4031 et
1236 3968 1327 4050 impii
1381 3965 1494 4055 2,17).
1532 3969 1720 4038 Notandum
1744 3980 1803 4052 est,
1825 3972 2013 4038 invocatum
2035 3971 2136 4036 fuisse
2159 3988 2278 4034 nomen
2294 3968 2357 4034 Dei

354 4068 484 4133 semper
514 4049 699 4133 impingent
727 4060 760 4116 et
789 4061 952 4117 corruent.
998 4051 1163 4135 Loquitur
1195 4053 1327 4134 quidem
1380 4073 1479 4137 super
1501 4055 1685 4137 Ieremiam,
1711 4059 1788 4142 quie
1810 4056 1883 4122 Deo
1904 4058 2055 4142 cognitus
2078 4055 2178 4121 luerit
2200 4075 2303 4120 verax
2324 4063 2359 4118 et

354 4133 421 4200 illic
445 4133 603 4219 propheta
626 4155 691 4200 non
714 4135 753 4202 de
769 4137 869 4204 verbo
892 4137 970 4220 ipso,
994 4135 1050 4202 sed
1073 4140 1328 4220 exaequatione:
1381 4138 1495 4221 fidelis,
1526 4153 1559 4207 et
1584 4165 1648 4210 non
1678 4152 1807 4211 tantum
1841 4143 1996 4228 probatus
2028 4143 2129 4208 luerit
2159 4141 2356 4218 hominibus,

355 4229 519 4287 caeterum
543 4221 577 4284 in
601 4219 740 4286 eundem
765 4222 867 4288 finem
897 4230 1034 4303 uterque
1064 4231 1196 4305 spectat.
1242 4225 1326 4290 Nam
1381 4223 1437 4289 sed
1460 4227 1563 4309 ipsius
1586 4228 1651 4295 Dei
1681 4229 1801 4297 iudicio
1834 4229 1934 4296 tuerit
1962 4228 2086 4296 electus
2108 4229 2142 4293 in
2167 4247 2284 4294 verum
2305 4245 2356 4290 or·

354 4306 515 4389 propheta
537 4305 643 4372 Oseas
672 4308 847 4390 compescit
875 4308 1074 4390 proterviam
1098 4309 1216 4391 populi,
1252 4311 1329 4393 quia
1380 4331 1511 4395 ganum.
1560 4313 1697 4382 Pondus
1725 4324 1775 4381 eat
1803 4317 1837 4380 in
1869 4315 1920 4380 bis
1948 4313 2070 4393 verbis,
2102 4313 2238 4378 chocob
2268 4311 2358 4377 Deae

354 4390 647 4474 conquerebantur,
669 4391 777 4458 Deum
802 4393 900 4460 nimis
921 4413 993 4459 esse
1015 4392 1158 4476 rigidum
1180 4404 1213 4459 et
1235 4415 1327 4477 aspe·
1380 4397 1584 4464 meatuum:
1613 4401 1829 4484 nequeenim
1854 4400 1987 4466 dubium
2011 4410 2069 4480 est,
2094 4400 2173 4484 quin
2196 4398 2358 4482 propheta

353 4497 445 4541 rum:
475 4477 607 4556 Rectae,
638 4479 754 4562 inquit,
785 4487 864 4544 sunt
886 4479 958 4545 viae
980 4478 1130 4543 Domini:
1158 4480 1235 4546 iusti
1259 4501 1326 4546 am·
1381 4480 1434 4546 hio
1466 4486 1670 4568 magnificiat
1703 4486 1768 4553 Dei
1801 4488 1956 4571 gloriam,
1995 4507 2058 4570 quo
2093 4485 2195 4569 possit
2226 4482 2359 4550 exceleo

353 4561 515 4630 bulabunt
545 4563 580 4627 in
607 4564 689 4643 illis,
723 4562 785 4630 hoo
814 4573 878 4640 est,
912 4563 990 4631 iusti
1019 4565 1224 4630 consentient
1246 4565 1326 4643 Deo,
1380 4569 1489 4634 animo
1512 4570 1677 4655 despicere
1700 4580 1748 4638 tot
1770 4573 1984 4653 adversarios,
2014 4577 2069 4656 qui
2091 4571 2231 4656 superbo
2253 4569 2357 4634 insul-

353 4661 385 4715 et
408 4657 589 4749 agnoscent
619 4669 693 4714 eum
721 4659 808 4715 recte
830 4669 937 4734 agere,
971 4650 1070 4716 otiam
1101 4649 1177 4714 dum
1208 4669 1328 4734 poenas
1380 4652 1504 4720 tabant.
1547 4655 1692 4723 Difficile
1721 4660 1807 4724 enim
1838 4660 1899 4724 luit
1922 4659 1970 4723 illi
1993 4657 2114 4724 bellum
2169 4675 2261 4721 erere
2283 4674 2358 4720 cum

353 4737 456 4819 exigit
479 4732 520 4799 de
542 4735 698 4818 peccatis:
730 4735 786 4800 sed
809 4735 902 4818 impii
925 4745 1087 4819 corruent,
1118 4735 1327 4817 quemadmo·
1381 4747 1448 4805 toto
1470 4741 1597 4824 populo.
1632 4742 1724 4808 Haeo
1746 4744 1848 4829 igitur
1869 4745 1954 4810 ratio
1977 4753 2036 4825 est,
2059 4764 2118 4810 our
2169 4743 2199 4808 ei
2243 4741 2357 4807 loriam

353 4821 432 4886 dum
469 4820 568 4886 etiam
606 4819 671 4885 alio
707 4818 778 4886 loeo
811 4819 976 4887 Dominus
1013 4821 1159 4904 loquitur
1195 4820 1326 4908 (Erech.
1380 4828 1549 4891 ornaverit
1567 4826 1619 4892 bis
1638 4829 1822 4912 magnificis
1839 4830 1963 4915 elogiis,
1981 4851 2081 4913 quum
2099 4836 2194 4896 vocat
2231 4827 2359 4894 decom

355 4907 405 4988 18,
418 4907 482 4994 25),
506 4907 559 4973 An
579 4925 754 4990 perversae
772 4912 849 4972 sunt
867 4907 940 4971 viae
957 4925 1057 4986 meae,
1082 4927 1119 4972 ao
1137 4926 1201 4971 non
1220 4909 1327 4991 petius
1379 4909 1533 4978 ctDcam
1555 4915 1754 4980 mertuum.
1799 4913 1967 4998 Sequitur,

351 4991 505 5059 vestrae?
538 4993 624 5059 Nam
647 4991 799 5058 dicebant
827 4991 973 5074 obliquas
996 5011 1067 5057 esse
1090 4993 1160 5056 vias
1180 4991 1326 5071 Domini,

352 5079 505 5162 quoniam
531 5089 567 5143 ut
589 5088 684 5145 erant
710 5078 824 5142 molles
847 5088 879 5142 et
902 5077 1045 5153 delicati,
1080 5097 1145 5142 non
1176 5085 1328 5162 poterant
1467 5083 1517 5149 17.
1547 5082 1619 5150 Noa
1641 5085 1710 5151 aedi
1730 5088 1764 5152 io
1785 5088 1914 5156 coactio
1942 5085 2009 5173 (vel
2032 5089 2140 5170 coetu)
2168 5088 2357 5168 deirorum

350 5167 437 5230 terre
460 5164 701 5248 obiurgationes
724 5174 791 5228 tam
814 5183 954 5240 severas,
977 5181 1058 5245 quae
1081 5171 1191 5227 tamen
1214 5182 1326 5229 eorum
1379 5187 1477 5249 acque
1505 5169 1670 5256 macliavi,
1694 5177 1824 5254 propter
1843 5193 1972 5241 manum
1998 5179 2085 5240 mom
2111 5193 2253 5242 comeam
2275 5171 2359 5240 aedi:

349 5248 478 5314 malitia
510 5249 715 5333 exprimebat
748 5249 870 5316 sanetis
906 5247 1083 5333 prophetis.
1138 5247 1328 5332 Respondet
1379 5254 1457 5334 quic
1478 5253 1691 5341 icdipaoticne
1712 5259 1870 5341 replevisti
1891 5281 1948 5326 me.

350 5335 443 5402 Deus
465 5335 535 5402 vias
557 5355 632 5402 suas
655 5355 721 5400 non
741 5355 812 5402 esse
830 5333 988 5419 obliquas,
1010 5349 1072 5398 nec
1090 5332 1247 5415 spinosas,
1267 5355 1327 5400 nco
