5038 6118
175 420 215 483 ‘ll
906 417 956 483 IN
978 416 1226 484 laetantum.
1266 415 1366 484 OAP.
1386 417 1430 484 X.
2117 425 2157 490 ta

175 607 403 674 meditatione:
432 607 509 691 quia
538 605 629 673 iaoilo
658 613 856 672 avaussoent
883 624 996 671 omnes
1018 624 1143 670 errores
1193 603 1265 670 Dei.
1300 602 1437 672 Causam
1460 607 1556 673 etiam
1580 608 1748 690 reperiunt
1770 607 1963 692 philosophi,
1986 631 2044 677 aur
2065 613 2157 677 venti

175 701 209 760 et
231 694 340 760 omnia
360 695 527 779 figmenta,
550 693 727 777 ubi·probe
749 689 970 775 expendemus
989 690 1141 756 virtutem
1193 711 1211 755 e
1234 701 1320 756 terra
1349 701 1538 776 exsurgant.
1583 691 1668 758 Nam
1691 692 1740 758 sol
1762 695 1899 760 attrahit
1921 706 1987 760 tam
2009 715 2156 779 vapores,

175 790 209 846 et
237 800 274 846 aa
297 779 430 844 ieutiam
452 780 516 845 Dei
544 781 579 843 in
607 779 770 843 creatione
799 777 879 843 ooeli
907 788 940 842 et
962 787 1079 859 terrae,
1109 782 1143 840 et
1192 796 1290 858 qnam
1312 777 1551 843 exhalationes:
1573 799 1615 844 ex
1637 779 1813 863 veperibus
1835 789 1987 847 areentur
2008 782 2157 862 nebulae,

174 867 210 931 iu
238 887 257 930 o
300 865 351 930 'ne
378 865 478 932 totius
506 863 628 930 mundi.
673 863 770 930 Nuao
797 861 965 929 deseendit
985 862 1143 945 propheta
1192 874 1347 927 oreantur
1375 863 1481 942 nives,
1514 875 1667 930 areentur
1699 864 1846 946 pluviae,
1880 876 1975 949 prout
2003 866 2158 949 disposite

174 953 216 1017 ad
247 951 310 1016 alia
330 950 395 1016 Dei
423 970 530 1034 opera,
558 970 673 1032 nempe
700 968 783 1033 quae
812 948 914 1014 variis
940 947 1045 1012 modis
1067 965 1142 1012 oon·
1193 955 1244 1011 est
1282 948 1388 1014 medie
1426 949 1517 1032 ragio
1549 951 1642 1015 aeris.
1696 950 1769 1016 Iam
1802 951 2027 1018 exhalationes
2059 953 2156 1019 etiam

175 1039 316 1122 tingunt
378 1037 465 1102 Nam
502 1038 537 1101 in
577 1044 695 1101 natura
731 1046 780 1100 est
816 1043 992 1116 perpetuus
1027 1040 1141 1108 status,
1192 1047 1355 1117 areentur,
1384 1034 1460 1100 inde
1490 1034 1642 1114 tonitrua,
1672 1035 1748 1102 inde
1776 1036 1922 1116 fulmina,
1953 1038 2029 1104 inde
2058 1039 2156 1104 etiam

174 1133 336 1207 quantum
366 1122 406 1188 ad
429 1121 557 1188 eoelum
580 1133 612 1186 et
634 1130 772 1186 terram:
801 1119 918 1185 deinde
940 1129 1017 1184 eunt
1039 1117 1142 1182 multa
1192 1127 1345 1196 aumetae,
1375 1118 1452 1185 inde
1481 1121 1580 1185 venti.
1624 1119 1709 1186 Nam
1739 1121 1963 1189 exhalationes
1993 1122 2158 1190 distenta

173 1209 370 1275 aooidentia:
404 1209 555 1290 quoniam
587 1207 643 1271 ubi
676 1205 768 1271 Deua
798 1204 989 1271 obtenebrat
1021 1223 1140 1282 aerem,
1193 1203 1364 1286 vaporibus
1391 1214 1521 1270 tautum
1550 1205 1683 1272 levitate
1713 1217 1745 1272 et
1774 1209 1916 1274 raritate.
1967 1208 2078 1292 Vapor
2106 1221 2158 1276 est

172 1293 228 1358 uhi
251 1295 370 1360 axoitat
392 1303 509 1359 ventos
526 1305 559 1358 et
574 1292 776 1377 grandinem,
799 1289 855 1355 ubi
870 1290 990 1355 emittit
1005 1288 1141 1372 pluvias,
1191 1309 1334 1366 orassus,
1367 1290 1483 1356 deinde
1514 1293 1635 1375 gravis.
1686 1291 1776 1377 lli-go
1808 1315 1849 1360 ex
1881 1315 2002 1378 vapore
2031 1295 2156 1378 pluvia:

173 1380 254 1445 haea
282 1380 476 1465 oontingunt
505 1393 634 1462 praeter
655 1375 803 1442 stabilem
826 1373 916 1440 illam
938 1374 1052 1440 muudi
1074 1374 1140 1438 ior·
1192 1374 1355 1442 exhalatio
1378 1387 1487 1442 autam
1510 1377 1612 1443 levior
1634 1388 1694 1456 est,
1718 1377 1834 1444 deinde
1856 1401 1920 1445 non
1939 1380 2019 1446 adeo
2038 1380 2156 1446 densa:
2255 1429 2258 1434 .

172 1485 271 1544 mem,
301 1465 341 1528 de
369 1485 433 1548 qua
458 1467 549 1549 prius
579 1463 740 1528 disseruit.
787 1460 943 1526 Videmus
965 1481 1042 1544 orgo
1065 1481 1139 1542 pro·
1191 1460 1263 1526 ideo
1286 1461 1507 1528 exhalationes
1529 1475 1685 1546 generant
1712 1475 1780 1530 tam
1801 1464 1937 1530 fulmina
1959 1485 2056 1548 quam
2079 1487 2156 1531 vsu-

171 1551 306 1633 phetam
345 1551 501 1616 haetenus
536 1549 708 1633 loquutum
742 1568 811 1612 esse
844 1547 884 1613 da
917 1558 1075 1630 perpetua
1107 1549 1140 1609 et
1192 1556 1253 1624 tos,
1277 1558 1373 1630 prout
1393 1547 1517 1614 soilioet
1537 1548 1610 1630 plus
1627 1558 1676 1613 est
1691 1549 1817 1628 oaloris,
1840 1551 1893 1615 vel
1909 1550 2027 1617 minus.
2062 1551 2156 1618 Unde

172 1636 283 1702 stabili
305 1637 541 1720 gubernatione
563 1634 686 1712 mundi,
708 1645 867 1716 quantum
890 1633 1007 1697 attinet
1028 1632 1069 1694 ad
1088 1651 1139 1694 or·
1190 1631 1240 1712 fit,
1270 1639 1307 1698 ut
1336 1633 1449 1698 eadem
1477 1633 1641 1700 exhalatio
1668 1656 1756 1701 nuno
1785 1637 1817 1700 in
1841 1647 1977 1702 ventum
1999 1648 2157 1719 erumpat,

171 1720 282 1787 dinem
315 1723 495 1788 oraationis.
544 1720 614 1786 Iam
643 1719 739 1786 siouti
772 1718 855 1796 dixi,
889 1739 975 1783 uuna
1003 1718 1139 1782 altarem
1191 1739 1277 1784 nuno
1298 1719 1333 1783 in
1356 1717 1515 1784 fulmina?
1547 1741 1663 1802 nempe
1688 1721 1763 1804 quia
1785 1721 1925 1804 ouuoipit
1946 1720 2019 1804 plus
2040 1723 2157 1790 eoloris

170 1809 311 1892 speeiem
341 1808 499 1890 proponit,
529 1826 645 1888 nempe
674 1803 755 1887 quod
783 1804 873 1870 Daue
900 1823 969 1890 apae
996 1823 1056 1868 aaa
1083 1803 1139 1880 dal,
1191 1804 1373 1869 exhalatio:
1397 1803 1513 1870 deinde
1529 1805 1583 1871 ubi
1598 1803 1733 1872 densata
1748 1817 1805 1882 est,
1829 1810 1970 1891 assurgit
1983 1808 2018 1875 in
2032 1827 2156 1874 aerem:

171 1895 226 1959 vel
255 1893 385 1958 emittat
410 1894 532 1974 ωρίαιη
562 1909 720 1974 aquaram
748 1890 873 1956 eooalo.
917 1903 984 1987 pan
1008 1897 1140 1953 vertunt
1189 1890 1282 1953 venti
1313 1899 1420 1956 autem
1454 1901 1669 1968 evanaaaunt,
1710 1900 1742 1956 ot
1774 1893 1822 1957 ita
1852 1894 1996 1958 infimam
2030 1903 2155 1977 partem

170 1979 303 2063 quidam
321 1980 478 2044 sonitum:
497 1978 552 2043 sed
572 1979 680 2060 potius
701 1975 755 2041 bia
773 1976 930 2059 auoipitnr
951 1996 1009 2058 pro
1028 1973 1139 2039 multi·
1190 1976 1304 2041 mundi
1342 1976 1548 2042 oonturbant.
1602 1976 1695 2042 Haeo
1735 1977 1886 2044 diountur
1918 1977 2155 2062 philosophiae:

170 2066 286 2129 tudine
315 2083 479 2147 aquarum,
510 2064 560 2128 val
591 2063 692 2144 oopia.
735 2061 858 2126 Voaam
881 2081 978 2143 porro
1000 2060 1064 2124 Dei
1087 2059 1139 2124 hio
1189 2060 1246 2126 sed
1272 2061 1397 2126 interea
1418 2073 1516 2144 eaput
1535 2063 1646 2144 ipsum
1668 2062 1890 2145 philosophiae
1911 2078 1970 2143 est,
1998 2066 2155 2148 respioere

169 2151 289 2232 aooipit
328 2170 387 2232 pro
420 2149 553 2215 tonitru.
609 2147 769 2228 Quemvis
800 2147 887 2212 enim
920 2166 1015 2228 saepe
1048 2145 1139 2229 pluat
1188 2144 1223 2211 in
1245 2145 1354 2212 Deum
1382 2148 1499 2230 ipsum,
1530 2148 1587 2230 qui
1614 2153 1718 2214 eattae
1746 2148 1845 2216 educit
1865 2169 1881 2214 a
1903 2149 2057 2216 Mauris
2076 2151 2155 2231 suia,

168 2236 294 2319 absque
322 2236 456 2316 tonitru,
486 2235 539 2300 ubi
572 2247 681 2298 mmen
703 2232 794 2296 Deus
823 2231 951 2298 eaoelo
974 2242 1074 2311 tonet,
1102 2231 1140 2296 lit
1189 2233 1265 2316 quia
1286 2241 1375 2298 tenet
1397 2231 1587 2299 reaonditos.
1622 2233 1784 2300 Miramur
1804 2235 1910 2301 subito
1925 2236 2002 2301 oriri
2017 2247 2154 2304 ventum

169 2321 279 2388 subita
306 2321 484 2400 eonvereio,
513 2329 545 2385 et
577 2340 660 2403 qnae
688 2339 752 2383 nou
783 2317 878 2382 modo
901 2337 1009 2384 aeram
1031 2317 1138 2399 ipsum
1190 2317 1245 2383 ubi
1277 2327 1328 2384 ast
1355 2319 1529 2384 serenitas:
1585 2319 1636 2384 uis
1666 2340 1730 2386 uon
1765 2331 1919 2404 agnosoat
1949 2331 2063 2388 ventos
2090 2321 2155 2386 Dei

168 2406 351 2487 aonturbat,
373 2407 429 2472 sed
452 2406 578 2470 animos
596 2406 694 2470 etiem
713 2413 841 2469 nostros
859 2402 1013 2486 percellit.
1047 2401 1138 2483 Quo·
1188 2403 1323 2468 arbitrio
1340 2405 1464 2470 'ureari:
1487 2339 1603 2470 deinde
1624 2405 1688 2471 huo
1707 2415 1740 2470 et
1761 2406 1839 2474 illua
1856 2405 1943 2490 adigi
1962 2419 1995 2472 et
2010 2406 2153 2491 impelli?

168 2493 258 2557 niam
292 2511 369 2575 ergo
398 2493 432 2555 in
462 2490 570 2556 subite
604 2490 662 2555 illa
694 2498 726 2554 at
758 2489 927 2571 inopinata
959 2490 1138 2552 mutatione
1189 2489 1233 2552 Et
1255 2487 1327 2554 ideo
1348 2488 1383 2553 in
1406 2489 1539 2555 Psalmo
1560 2489 1645 2575 (104,
1668 2491 1701 2570 4)
1726 2501 1882 2558 vocantur
1905 2491 2026 2558 oeleres
2048 2493 2155 2559 nuntii

167 2577 287 2643 melius
320 2577 443 2643 reluaet
474 2577 618 2659 potentia
651 2575 728 2652 Dei,
768 2575 928 2657 propheta
961 2575 1052 2653 dioit‚
1084 2572 1139 2638 Aa
1189 2573 1268 2639 Dei:
1291 2575 1346 2658 qui
1369 2574 1446 2639 faoit
1467 2575 1601 2658 spiritus
1623 2576 1755 2642 nuntius
1775 2597 1860 2644 suos.
1904 2575 2069 2660 Sequitur,

166 2683 269 2730 uoeeru
289 2663 366 2728 dare
387 2663 508 2744 amam
528 2681 702 2744 uquarum:
724 2659 802 2726 dioit
823 2659 1139 2744 pessumsedere

165 2749 245 2830 fauit
273 2749 462 2815 muana.
505 2747 664 2814 Videmus
690 2747 777 2812 enim
798 2765 936 2828 vapores
958 2766 1059 2811 exsur
1083 2765 1137 2809 are
1276 2745 1326 2810 14.
1349 2743 1470 2812 Stultus
1496 2751 1540 2812 eet
1567 2745 1668 2812 omnia
1695 2745 1782 2814 tomo
1810 2769 1832 2812 u
1854 2747 1986 2814 suissuia
2022 2757 2155 2815 vertunt

167 2857 186 2901 e
216 2845 319 2915 terra,
350 2843 384 2899 at
415 2854 546 2900 sursum
574 2831 688 2898 attolli.
739 2830 931 2915 Philosophi
960 2765 1138 2896 ostendunt
1189 2829 1255 2910 alii,
1277 2831 1502 2912 praeseientia,
1524 2831 1580 2898 sad
1602 2851 1784 2914 perperam,
1807 2853 1879 2899 meo
1901 2832 2039 2912 iudioio,
2058 2835 2154 2916 pude-

167 2941 233 3004 que
263 2921 387 2984 ratione
409 2919 442 2984 id
464 2920 537 2984 fiat:
568 2916 625 2984 ssd
646 2937 711 2983 non
734 2918 853 3000 poterit
875 2929 984 2981 tamen
1007 2914 1134 2982 exoludi
1187 2916 1289 2997 faetus
1309 2921 1354 2982 est
1374 2918 1475 2983 arnoia
1496 2918 1641 2997 mislata
1657 2939 1678 2982 u
1694 2917 1846 2999 amslptili:
1866 2919 1943 3000 quio
1959 2919 2155 2988 mettduaium

167 3007 275 3071 virtus
307 3005 384 3084 Dei,
417 3005 474 3071 ubi
506 3003 700 3070 naturaliter
730 3002 853 3086 aliquid
886 3003 956 3068 fieri
990 3001 1136 3066 dioimus.
1189 3001 1355 3081 mrsslotlle:
1376 3007 1406 3068 et
1425 3022 1489 3068 aaa
1510 3007 1555 3067 eet
1575 3003 1709 3084 ophitae
1729 3004 1765 3068 iu
1785 3003 1860 3069 illie.

166 3091 254 3156 Nam
285 3090 361 3157 hina
390 3090 508 3155 melius
534 3088 737 3174 aoguosoitur
765 3088 850 3172 quud
873 3087 966 3154 dooet
988 3087 1040 3152 hio
1062 3107 1137 3169 pro·

166 3177 278 3260 pheta,
301 3196 418 3260 nempe
440 3175 548 3241 Deum
571 3176 617 3240 ita
639 3175 836 3257 disposuisse
858 3173 978 3250 orbem,
1000 3179 1038 3236 ut
1061 3173 1136 3238 dum
1274 3171 1417 3253 Quidam
1439 3173 1571 3238 initium
1594 3193 1706 3239 versus
1728 3175 1825 3240 nimis
1846 3185 1962 3260 argute
1983 3175 2154 3258 auoipiuut,

166 3260 291 3327 attollit
322 3281 459 3343 vapores
491 3281 635 3336 sursum,
669 3258 820 3324 ostendat
853 3277 888 3322 se
910 3255 1069 3322 dominari
1101 3257 1138 3321 in
1189 3257 1275 3340 quod
1308 3257 1431 3326 soilioet
1463 3259 1609 3325 homines
1642 3257 1782 3326 infatuet
1813 3261 1978 3344 proprium
2007 3279 2154 3344 muman,

166 3346 257 3414 aoelo
276 3351 310 3411 at
332 3345 367 3410 in
390 3357 485 3411 terra.
520 3346 565 3410 Et
587 3344 673 3422 dioit‚
695 3343 745 3408 Ab
762 3348 896 3409 aetram
913 3348 1022 3408 tarrae.
1053 3341 1137 3408 Nam
1190 3341 1243 3408 vel
1272 3343 1441 3428 sapientia,
1474 3365 1573 3429 qnam
1601 3343 1662 3410 sibi
1691 3354 1855 3429 arrogant,
1884 3344 2155 3429 quemadmodum

167 3429 354 3499 videbimus
383 3449 520 3514 vapores
549 3430 628 3495 oriri
657 3429 776 3512 prooui,
805 3438 838 3494 et
860 3429 968 3494 statim
991 3429 1138 3512 operient
1189 3427 1269 3494 dioit
1297 3429 1423 3495 Paulus
1451 3429 1559 3514 (Rom.
1584 3431 1612 3504 1,
1640 3431 1695 3515 21)
1723 3430 1870 3497 homines
1899 3452 2091 3499 evanesoere
2119 3431 2155 3496 in

165 3521 274 3602 eapite
306 3525 427 3583 nostra.
477 3515 595 3582 Nonne
627 3525 677 3580 est
710 3515 771 3580 hoa
804 3513 975 3579 mirabile?
1009 3523 1043 3578 et
1075 3514 1138 3578 nisi
1189 3535 1248 3580 suo
1280 3535 1393 3596 sensu,
1425 3515 1481 3581 ubi
1511 3514 1618 3581 Deum
1647 3516 1832 3600 oonoipiunt
1863 3537 1923 3600 pro
1949 3538 2009 3583 soa
2039 3518 2154 3600 imagi·

166 3625 230 3670 usu
252 3603 423 3668 vilesoeret
444 3602 505 3668 hoa
527 3601 731 3677 miraoulnm,
761 3611 849 3666 osrte
871 3608 1000 3683 raperet
1021 3620 1081 3664 nos
1103 3601 1138 3665 in
1189 3601 1328 3666 natione.
1372 3599 1439 3666 Sed
1467 3601 1573 3684 magis
1599 3601 1796 3684 populariter
1818 3601 1961 3686 loquitur
1983 3602 2153 3685 propheta.

167 3689 415 3755 admirationem
444 3689 505 3753 sui.
549 3688 638 3772 Ergo
661 3686 818 3770 propheta
840 3685 895 3752 hio
917 3687 1138 3770 expergeiaoit
1188 3686 1278 3752 Diait
1291 3685 1395 3769 igitur
1407 3685 1515 3752 aulas
1528 3705 1593 3751 ease
1606 3705 1709 3752 omme
1723 3687 1866 3768 artifices.
1900 3688 1985 3753 Nam
2000 3687 2153 3752 soiemiae

167 3774 319 3840 homines
341 3794 362 3839 a
382 3793 441 3838 suo
463 3782 602 3854 torpore,
624 3781 662 3836 ut
685 3772 811 3839 diseunt
831 3771 917 3855 quod
935 3771 1036 3838 oeulis
1051 3773 1137 3856 ipso·
1188 3792 1309 3836 nomeu
1338 3771 1392 3837 hio
1422 3770 1539 3854 aooipit
1567 3791 1634 3836 non
1663 3792 1722 3856 pro
1751 3771 1877 3839 liberali
1906 3772 2070 3852 dootrina,
2096 3773 2155 3840 sed

166 3879 241 3924 rum
257 3858 407 3925 obiioitur
421 3858 635 3925 oonsiderare.
669 3857 769 3934 Diait,
790 3855 916 3934 Orsoua,
936 3858 1137 3936 valbaions,
1188 3877 1246 3940 pro
1268 3857 1403 3922 seientia
1424 3856 1596 3936 artiliaum,
1625 3858 1696 3924 sive
1717 3857 1785 3924 sint
1807 3857 1939 3942 lignarii
1959 3857 2055 3942 fabri,
2084 3858 2155 3925 sive

165 3946 296 4027 sulptura
325 3945 368 4010 ud
391 3944 547 4027 ahmam,
578 3943 630 4008 vel
652 3964 728 4010 oum
750 3942 868 4026 pluvie.
914 3930 1045 4010 henim
1067 3943 1137 4025 qui·
1188 3943 1325 4020 ferrarii,
1347 3949 1380 4008 et
1401 3943 1584 4026 quiuunque
1606 3943 1658 4008 vel
1682 3944 1824 4007 aouflant
1846 3943 1898 4008 vel
1915 3943 2079 4026 saulpunt,
2101 3944 2154 4010 val

167 4029 244 4095 dam
274 4029 327 4095 hio
354 4030 531 4112 aooipinnt,
564 4050 601 4096 ao
630 4029 658 4094 si
685 4028 823 4093 dixisset
852 4029 979 4094 misaeri
1006 4027 1138 4112 iulgura
1188 4028 1348 4094 fabrioant
1385 4027 1509 4111 ligneos
1547 4036 1582 4093 at
1619 4025 1762 4112 lapideos
1797 4034 1830 4092 et
1866 4039 2037 4113 argenteos
2068 4029 2154 4095 daos.

166 4115 310 4200 pluviae.
344 4115 390 4179 Et
411 4123 496 4180 uerte
513 4115 664 4181 videmus
679 4134 732 4179 ras
747 4133 817 4179 esee
831 4115 1011 4179 soumarias
1026 4115 1136 4198 ignem
1188 4111 1273 4177 Nam
1305 4113 1366 4178 hoo
1401 4112 1565 4197 eolligitur
1597 4134 1639 4180 ex
1671 4112 1814 4179 seeundo
1847 4113 1991 4182 membro
2025 4135 2151 4181 versus.

168 4213 201 4266 at
224 4199 388 4284 pluviam:
410 4211 443 4264 et
465 4211 573 4266 tamen
596 4201 683 4284 ignis
705 4209 840 4284 generat
862 4218 995 4282 uquam:
1021 4198 1137 4264 deinde
1187 4199 1232 4263 Et
1254 4197 1343 4263 nulla
1371 4201 1434 4263 erit
1455 4199 1660 4282 ambiguitas,
1687 4201 1714 4263 si
1736 4199 1957 4282 expendamus
1977 4200 2154 4284 prophetae
2238 4221 2246 4234 ·

168 4286 295 4352 habitat
331 4286 366 4350 in
406 4285 513 4350 media
546 4287 695 4371 oongerie
728 4304 896 4368 aquarum.
950 4285 1065 4350 Pluet:
1105 4293 1137 4349 at
1187 4285 1297 4350 verba.
1346 4282 1483 4350 Duobus
1513 4286 1599 4349 enim
1629 4283 1733 4351 modis
1761 4306 1830 4350 rem
1860 4305 1960 4350 unam
1990 4286 2178 4370 exprimit·

168 4372 266 4438 simul
299 4379 411 4436 tamen
443 4390 597 4437 moenem
629 4373 691 4436 erit
732 4390 788 4436 aar
827 4371 939 4436 multis
978 4371 1136 4454 fulgetris.
1187 4371 1268 4452 quod
1295 4369 1383 4434 stulti
1411 4370 1476 4435 aiat
1505 4389 1607 4457 moes
1635 4369 1778 4451 mitres.
1823 4370 1943 4436 Postea
1970 4370 2061 4436 addit
2081 4393 2154 4455 spe·

169 4455 281 4539 Quum
303 4477 380 4541 ergo
400 4477 454 4522 res
475 4457 653 4523 eontrarias
675 4456 767 4522 Deus
794 4457 841 4521 ita
863 4455 961 4521 simul
983 4456 1135 4539 implieet,
1187 4456 1269 4521 aiem
1302 4474 1416 4538 nempe,
1437 4456 1553 4538 inquit,
1578 4457 1678 4521 osseis
1698 4456 1851 4536 amuflmor.
1895 4455 2055 4522 Videmus
2076 4477 2154 4541 ergo

169 4541 286 4608 deinde
316 4543 425 4624 ignem
455 4543 552 4606 laoiat
581 4543 739 4626 originem
769 4549 802 4605 et
831 4562 962 4607 oausam
994 4541 1136 4624 pluviae,
1187 4502 1379 4624 prophetam
1394 4541 1447 4607 hio
1462 4562 1525 4605 non
1542 4542 1687 4626 aooipere
1701 4542 1813 4608 etriote
1832 4541 2010 4625 sapientiae
2025 4563 2153 4619 nomen,

168 4649 279 4693 nonne
308 4628 368 4693 hoo
397 4626 590 4694 miraoulum
620 4626 751 4693 deberet
780 4627 878 4692 etiam
903 4627 935 4691 lo
959 4626 1027 4691 ides
1048 4628 1136 4708 ipsos
1188 4627 1244 4694 sed
1274 4626 1448 4692 extendere
1480 4627 1579 4691 etiam
1608 4626 1649 4692 ad
1678 4636 1765 4693 artes
1793 4628 1991 4694 manuarias.
2043 4626 2152 4708 Quum

169 4711 326 4778 movere?
370 4710 523 4794 Quantus
550 4732 628 4796 ergo
656 4722 769 4794 stupor
796 4721 845 4779 est
873 4713 910 4779 iu
936 4649 1136 4793 iominibus,
1187 4720 1296 4777 autem
1330 4711 1408 4777 dioit
1439 4709 1574 4792 artificas
1602 4732 1667 4778 eoae
1692 4712 1815 4791 uatus,
1847 4734 1912 4779 non
1940 4713 2075 4778 dubium
2104 4721 2154 4777 aet

169 4799 224 4880 qui
253 4819 318 4864 nou
347 4797 521 4864 attendunt
542 4798 583 4863 ad
607 4807 674 4864 tam
697 4797 874 4864 diluoidum
896 4816 977 4883 opus
999 4797 1072 4874 Dei,
1102 4799 1136 4862 iu
1187 4798 1265 4881 quin
1287 4796 1350 4876 illis
1372 4796 1528 4880 adiungat
1547 4818 1660 4863 omnes
1678 4797 1831 4863 salsorum
1849 4798 1982 4866 deorum
2001 4797 2152 4863 aultores.

170 4903 232 4966 quo
252 4893 402 4967 poterant
418 4903 593 4968 agnosoero
607 4885 677 4950 eius
691 4883 828 4968 gloriam
845 4885 960 4948 tamin
976 4883 1136 4966 sapientia
1187 4883 1255 4949 Sed
1276 4883 1467 4967 sapientiam
1489 4902 1602 4949 eorum
1624 4883 1772 4962 traduoit‚
1799 4884 1856 4965 qui
1877 4884 2041 4968 applioant
2062 4881 2153 4964 quid·

170 4989 267 5051 quam
300 4970 334 5033 in
368 4968 533 5052 potentia?
589 4971 708 5035 Postea
741 4967 835 5048 dioit‚
872 4969 977 5035 Deum
1011 4970 1137 5035 aduam
1189 4969 1268 5052 quid
1290 4979 1338 5034 ast
1360 4969 1394 5032 in
1416 4967 1481 5035 illis
1503 4970 1583 5035 artis
1601 4977 1633 5034 et
1651 4969 1804 5035 scientiae
1822 4969 1933 5035 adres
1951 4977 2018 5033 tam
2037 4988 2152 5033 vanas:

169 5059 273 5119 uastos
301 5073 317 5118 e
344 5053 498 5121 aeaeae
529 5056 606 5121 suia.
655 5055 759 5120 Vooat
785 5054 945 5121 maroa
973 5054 1038 5121 Dei
1065 5053 1136 5119 looa
1186 5056 1287 5133 Eoos,
1316 5053 1433 5135 inquit,
1463 5055 1589 5137 putabit
1618 5053 1673 5120 vel
1701 5053 1880 5133 aurifaber,
1914 5054 1965 5120 val
1993 5055 2153 5137 quispiam

169 5139 345 5206 reoondita.
379 5139 463 5204 Nam
482 5141 570 5207 unde
585 5142 686 5225 venti,
709 5140 773 5205 nisi
790 5161 832 5206 ex
846 5142 994 5208 aevernis
1010 5139 1135 5206 terrae?
1187 5140 1270 5205 alius
1299 5139 1418 5204 artilex
1448 5160 1482 5205 se
1511 5161 1582 5206 esse
1610 5139 1707 5206 valde
1735 5140 1949 5224 ingeniosum,
1980 5140 2008 5204 si
2030 5137 2153 5206 affabre

170 5222 282 5306 Quum
310 5245 388 5310 orgo
416 5233 518 5305 terre,
551 5224 606 5292 ubi
635 5247 716 5293 aava
747 5233 813 5305 est,
846 5236 981 5309 generet
1013 5235 1135 5303 ventos,
1188 5223 1358 5307 exsaulpat
1388 5223 1513 5290 idolum
1544 5226 1690 5309 aliquod:
1724 5224 1889 5308 impendet
1917 5224 2075 5308 quidquid
2104 5232 2154 5290 ast

169 5311 285 5376 merito
300 5310 457 5396 prophete
473 5311 552 5378 dioit
566 5313 638 5379 illos
653 5311 835 5379 reaondites
851 5331 921 5378 esse
935 5312 1137 5378 mtlaaouria
1188 5312 1312 5396 ingenii
1345 5309 1400 5374 vel
1432 5311 1511 5376 artis
1539 5312 1579 5377 ad
1609 5333 1678 5376 rem
1708 5319 1775 5376 tam
1806 5332 1933 5378 vanam.
1982 5310 2153 5391 Quaenam
