5118 6136
176 525 181 532 .
217 467 278 532 701
462 511 467 522 ,
909 465 959 531 IN
981 461 1230 533 tsRuMIAu.
1272 465 1371 533 ΟΔΡ.
1393 463 1528 532 ΧΧΧΙ.
2157 469 2220 534 702

216 655 303 719 ratio
335 662 384 719 est
417 673 476 719 eur
509 653 610 732 dieat,
638 658 768 736 propter
800 655 907 720 omniu
940 673 1019 735 qasoe
1049 655 1193 737 feeenmt.
1245 654 1347 719 mittit
1373 654 1481 719 adhue
1507 654 1585 719 iore.
1629 651 1760 718 Deinde
1788 653 1920 720 videtur
1947 655 2122 724 Zaeharias
2152 681 2218 726 noa

217 738 315 804 Nune
337 739 495 822 sequitur,
675 775 678 784 ·
1244 739 1333 804 aliud
1356 739 1563 823 promittere,
1597 758 1695 821 quam
1724 737 1822 805 talem
1855 741 1923 806 iore
1951 741 2042 807 urbis
2064 745 2217 826 positum,

1243 834 1280 889 ut
1302 826 1468 890 eontineat
1490 823 1626 890 eandem
1648 843 1849 890 mensuram:
1872 827 1948 908 quia
1967 827 2056 912 dieit,
2078 829 2217 896 Habita·

302 908 355 975 38.
385 909 466 976 ane
486 909 554 975 dies
574 907 715 994 (addunt
738 908 793 974 alii
816 921 908 991 ΒΜ,
929 911 1091 996 veniunt),
1117 911 1194 977 diet
1244 910 1332 975 bitur
1354 910 1433 975 nrbs
1455 910 1571 976 subtus
1593 931 1637 987 se,
1665 909 1720 975 vel
1743 910 1778 975 in
1799 911 1870 978 loeo
1891 932 1958 978 suo.
2004 913 2115 994 Quum
2138 938 2216 1000 argo

218 993 371 1078 Iebovab,
401 999 429 1059 et
457 995 674 1077 aedificabitur
702 994 780 1061 urba
807 995 938 1061 Iabooue
958 1016 979 1060 a
1001 998 1086 1061 tum
1109 995 1192 1063 (lba-
1243 994 1419 1062 Zaobariaa
1442 997 1612 1078 promittat
1642 994 1779 1061 eundem
1808 997 1877 1061 iore
1907 999 1997 1065 urbis
2025 999 2132 1066 lo'eum
2160 1005 2216 1087 qui

217 1081 327 1148 maeel
344 1101 442 1162 aeorae
464 1081 651 1164 adponam
673 1079 795 1163 eupuli.
1243 1081 1350 1145 fuerat
1372 1081 1467 1159 olim,
1501 1099 1564 1146 non
1588 1079 1678 1144 aliud
1701 1079 1816 1165 eolligo
1844 1104 1886 1146 ex
1910 1084 2090 1167 prophetae
2112 1091 2215 1154 nostri

303 1165 356 1232 39.
387 1165 432 1231 El
460 1165 555 1232 eatttt
583 1166 687 1232 adbuc
716 1165 880 1248 fantasiae
898 1185 1193 1232 menstruatarum
1243 1166 1371 1238 verbis,
1410 1166 1603 1249 praesertim
1635 1185 1737 1249 qnam
1770 1167 1962 1233 adverbium
1995 1170 2097 1236 addae
2128 1173 2214 1239 idem

217 1250 798 1404 tttltat'tttttutlr
832 1255 861 1314 θ’
888 1271 986 1332 “W“
1012 1252 1056 1317 ⁰⁰²
1087 1251 1192 1318 σάω
1244 1252 1415 1401 :titii
1439 1249 2092 1419 ,litiiiussitlussit:
2108 1260 2215 1410 tiit

303 1385 357 1488 dl).
380 1421 425 1487 st
446 1441 565 1489 marra
585 1422 699 1488 uallem
716 1420 784 1507 (alii
806 1421 922 1506 legunt
936 1422 969 1485 in
986 1423 1191 1488 nominativo
1243 1419 1307 1485 Dei
1347 1422 1449 1504 ipsius
1494 1423 1633 1504 mentio,
1680 1422 1907 1502 Aedifieabitar
1951 1425 2029 1491 urba
2071 1428 2213 1496 lebetae.

217 1527 304 1586 easu,
328 1517 360 1572 et
383 1511 489 1573 omnia
511 1505 621 1593 vallis)
642 1509 828 1574 adnomen
849 1512 877 1572 et
897 1507 1023 1592 meede,
1045 1513 1074 1573 at
1088 1527 1192 1573 munes
1245 1507 1373 1572 Deinde
1395 1506 1499 1588 addit,
1530 1525 1634 1574 emam
1662 1508 1741 1588 ipso.
1792 1507 1861 1574 Nee
1890 1509 2026 1576 dubium
2055 1513 2137 1578 mibi
2164 1529 2215 1582 est

216 1595 361 1676 rapiebas
382 1593 449 1680 (vel
472 1593 558 1681 agri)
587 1595 630 1660 ad
658 1597 821 1659 torrentem
850 1592 994 1677 Kedron,
1023 1611 1120 1676 mesu
1149 1595 1191 1661 od
1243 1593 1321 1675 quin
1344 1592 1502 1677 propheta
1523 1591 1576 1657 hio
1597 1592 1708 1657 iubeat
1730 1593 1896 1659 israelitae
1917 1597 2027 1662 oeulos
2045 1597 2086 1662 ad
2104 1599 2213 1666 Deum

217 1679 372 1830 lm
394 1683 697 1830 ittam
712 1679 1193 1846 lbfflieill‘limtmliilil
1242 1676 1799 1829 tilit‘tdlddtitttt
1819 1679 2214 1854 tltlffltltiittl

358 1816 365 1828 .
632 1812 640 1848 ,
1954 1813 1961 1828 .

210 1855 407 1932 perpetuum.
670 1857 674 1864 '
1242 1848 1320 1932 ipro,
1349 1848 1411 1914 hoo
1439 1859 1497 1926 est,
1527 1868 1627 1930 quum
1654 1848 1748 1914 Deus
1775 1849 1860 1914 volet
1888 1852 2002 1918 urbem
2031 1856 2212 1937 restituere,

1242 1939 1314 1998 tane
1345 1933 1514 2018 epredmur
1542 1933 1723 2016 (audeatur,
1763 1934 1824 1999 hoo
1854 1943 1921 2018 est,
1954 1939 2109 2006 extendet
2141 1942 2212 2025 ipse

302 2019 369 2086 Hie
391 2020 601 2086 nonnionatnr
623 2017 781 2102 propheta
809 2020 850 2084 de
878 2020 1115 2085 instauratione
1137 2037 1190 2085 ur·
1242 2019 1423 2084 lunieulum
1454 2037 1554 2101 aeque
1588 2019 1631 2084 ud
1658 2019 1760 2086 collem
1793 2019 1912 2106 Gueeb,
1945 2027 1975 2088 et
1998 2023 2210 2107 dreamdobe't,

214 2103 275 2169 bis.
310 2104 379 2170 Neo
400 2105 511 2170 dubito
533 2104 613 2187 quin
636 2105 706 2170 eins
728 2105 901 2170 eonsilium
924 2105 966 2170 sit
990 2105 1104 2171 dooere
1122 2125 1190 2169 non
1244 2103 1295 2169 sel
1327 2104 1477 2170 sirenibit
1512 2101 1677 2169 Goatbalb.
1729 2105 1846 2170 Postea
1879 2105 1986 2190 addit,
2020 2107 2065 2173 st
2093 2130 2212 2178 omnem

215 2191 386 2290 minorem·
410 2193 478 2255 fere
509 2191 602 2290 urbis
633 2190 883 2290 amplitudinem
918 2199 951 2256 et
983 2189 1189 2290 elendorern
1241 2187 1370 2255 aolkmt
1395 2187 1450 2253 alii
1474 2187 1597 2288 legunt,
1619 2190 1726 2254 omnis
1748 2190 1844 2290 vallis
1866 2193 1930 2256 erit
1950 2196 2102 2260 sanatae
2119 2196 2212 2263 Isbo-

211 2275 750 2444 tititllttttltltlttt
766 2274 1189 2426 iltttdlrttltt
1241 2275 2212 2448 lt·,tutittutudit?petiistislig

214 2443 340 2595 aliiqnid
363 2444 404 2511 de
425 2445 758 2598 vocibushleioepidum
781 2447 1190 2597 eritmposgeaavppligrvutia
1241 2443 1431 2594 ssi⁰ff⁰s⁸¹¹⁸
1461 2465 1479 2510 a
1509 2465 1685 2596 eggegparpn
1718 2465 1813 2597 pm
1830 2444 1973 2597 ἐξᾶοοτοι,
2003 2449 2212 2602 &attendetur

213 2549 246 2681 gt
273 2549 647 2698 gpdpfflmrrefflmae
684 2549 939 2681 dlegnddnrduadat
959 2551 1095 2697 dimite,
1132 2553 1189 2680 god
1241 2549 1649 2710 lgprospgnnsigceptuoinemm
1672 2551 2058 2699 etvpinguatimbd
2082 2556 2211 2691 md-

211 2700 376 2785 propbeta
398 2701 510 2767 doeuit
531 2702 655 2767 instare
677 2701 826 2766 ultimam
848 2701 991 2768 sladem:
1013 2701 1086 2765 ideo
1101 2721 1189 2766 nuno
1240 2701 1360 2784 eipitur
1381 2722 1439 2784 pro
1461 2701 1586 2766 ninere:
1608 2710 1641 2765 et
1662 2701 1855 2766 existimant
1875 2702 1920 2770 ita
1942 2717 2093 2772 veoatnm
2111 2709 2210 2775 fuisse

210 2806 308 2869 spem
330 2786 409 2854 facit
430 2788 587 2870 reliquam
618 2786 778 2851 duntaxat
806 2787 841 2851 in
870 2786 1092 2852 miserioordia
1114 2787 1189 2867 Dei,
1240 2785 1348 2852 lecum
1370 2785 1425 2850 ubi
1446 2785 1561 2869 reponi
1578 2785 1726 2851 solebant
1743 2787 1878 2864 eineres,
1901 2789 1954 2870 qui
1973 2791 2099 2858 eolleoti
2117 2803 2211 2860 erant

209 2957 539 3038 ,a
562 2954 827 3022 ,e
849 2873 989 3022 aas
1937 2874 2110 3026 rue

286 2980 300 3022 s
1180 3005 1189 3021 .
1900 3008 1907 3036 ‚
1994 2982 2132 3027 seram
2176 2983 2210 3029 o-

207 3042 291 3108 Non
313 3041 425 3108 dubito
454 2980 571 3110 turqrim
605 3043 690 3108 bano
723 3042 825 3108 fuisse
857 3042 994 3126 positam
1027 3041 1063 3105 in
1097 3063 1190 3106 muro
1241 2977 1319 3107 ausg
1333 3062 1450 3107 nomen
1483 2977 1648 3124 sumpsit.g
1688 3041 1783 3107 Alter
1815 3043 1905 3108 loeus
1938 3047 2032 3109 etiam
2073 3061 2210 3115 venatus

207 3127 318 3194 urbis.
374 3127 466 3194 Idem
507 3129 575 3193 fere
619 3126 811 3191 vaticinium
851 3126 973 3211 legitur
1011 3126 1190 3193 Zachariae
1242 3126 1304 3192 tuis
1331 3126 1543 3205 oadaverum,
1577 3129 1654 3209 quia
1687 3127 1754 3194 illio
1786 3148 1900 3193 eaeans
1933 3129 2035 3196 iuerat
2064 3133 2210 3201 bostium

207 3213 268 3280 14.
291 3233 360 3296 eap.
406 3212 551 3278 Tametsi
580 3213 689 3298 aliqua
718 3219 767 3276 es't
797 3213 831 3276 in
860 3213 970 3278 verbis
999 3213 1188 3278 diversitas:
1242 3213 1405 3279 exereitus
1438 3211 1478 3278 ab
1512 3214 1629 3297 angelo
1661 3212 1722 3278 sub
1760 3233 1836 3296 rege
1870 3213 2041 3279 Easobiah.
2096 3217 2210 3299 Quum

205 3297 274 3364 sed
297 3298 410 3364 eodem
433 3308 543 3363 tamen
566 3305 691 3380 speetat
713 3305 849 3380 uterque
864 3297 1043 3381 propbeta:
1064 3298 1189 3363 Zaoba·
1242 3317 1321 3382 ergo
1344 3318 1463 3382 magna
1490 3297 1558 3362 illio
1580 3302 1613 3361 et
1639 3297 1859 3363 memorabilis
1881 3298 1970 3363 edita
1992 3300 2105 3369 inisset
2127 3314 2208 3370 stra-

203 3385 281 3448 rias
314 3384 470 3467 populum
498 3383 646 3448 animare
675 3382 796 3461 voluit,
830 3383 906 3465 quia
934 3384 1095 3466 prineipia
1124 3404 1188 3448 non
1241 3403 1316 3468 ges,
1345 3383 1417 3448 ideo
1438 3383 1629 3448 existimant
1649 3383 1838 3465 impositum
1860 3383 1959 3448 luisse
1988 3383 2059 3450 loeo
2081 3405 2209 3469 nomen,

202 3467 455 3550 respondebant
476 3467 566 3534 urbis
589 3467 834 3553 pnlebritndini,
863 3477 897 3534 et
918 3467 1114 3553 opulentiae,
1144 3478 1190 3534 at·
1240 3477 1279 3533 ut
1301 3467 1364 3533 Dei
1388 3469 1577 3534 benefitium
1601 3467 1641 3533 ad
1665 3479 1810 3550 posteros
1832 3477 1980 3533 maneret
2002 3469 2134 3540 eelebre.
2171 3473 2210 3540 Si

202 3574 276 3638 que
299 3554 400 3618 etiam
419 3553 603 3633 latitudini,
636 3572 718 3638 quae
741 3553 817 3618 elim
841 3555 914 3620 visa
946 3555 1062 3619 inerat.
1108 3554 1189 3620 Pro·
1240 3573 1319 3637 ergo
1348 3573 1466 3619 nomen
1499 3553 1581 3618 illud
1614 3553 1676 3618 fuit
1706 3562 1958 3619 monumentum
1992 3557 2115 3638 gratiae
2133 3559 2208 3638 Dei,

202 3639 317 3704 mittit
345 3638 448 3722 igitur
477 3639 611 3704 tandem
643 3637 781 3704 eandem
814 3640 882 3705 lore
915 3639 1006 3705 urbis
1040 3639 1188 3724 gloriam,
1241 3659 1306 3704 non
1319 3636 1447 3714 ,dubito
1474 3639 1554 3722 quin
1576 3637 1735 3705 Eusebiae
1761 3641 1831 3722 ipse
1862 3649 1956 3704 autor
1984 3640 2091 3705 inerit.
2140 3641 2207 3709 Iam

201 3744 298 3808 quae
330 3722 456 3807 fuerat,
489 3733 523 3789 et
555 3725 704 3790 nominat
737 3724 803 3790 illie
837 3725 955 3790 turrim
983 3723 1188 3790 Chananeel:
1239 3723 1379 3802 additur,
1398 3723 1556 3790 Etomnes
1572 3725 1715 3808 repiones
1730 3743 1829 3806 aeque
1845 3724 1889 3789 ud
1904 3729 2066 3790 terrentem
2079 3722 2208 3795 Osdroe.

199 3828 312 3892 mque
332 3809 518 3892 aripertum
538 3810 658 3893 napoli.
703 3809 849 3876 Voeatur
870 3811 905 3874 in
935 3810 1097 3892 singulari
1124 3831 1187 3876 nu·
1239 3808 1331 3875 Satis
1353 3809 1518 3892 probabile
1552 3818 1602 3874 est
1634 3808 1687 3874 hie
1720 3810 1824 3873 notari
1858 3808 1928 3875 looa
1959 3819 2056 3876 extra
2087 3811 2209 3890 urbem,

199 3912 304 3960 mero
326 3905 427 3975 nisti,
456 3895 589 3979 anguli:
622 3894 708 3978 apud
730 3894 924 3961 Zaebariam
949 3895 1014 3980 (14,
1038 3893 1092 3980 10)
1115 3895 1188 3977 plu·
1239 3895 1316 3977 quia
1337 3895 1458 3960 seimus
1480 3903 1659 3959 torrentem
1682 3893 1811 3959 (ledron
1841 3913 1906 3958 non
1936 3894 2038 3960 fuisse
2065 3896 2100 3960 in
2131 3898 2212 3965 urbe

197 3979 275 4046 rali
299 3991 568 4048 numerantium:
592 3980 1188 4064 etputantmataphorioeitavooari
1240 3980 1319 4062 ipsa.
1364 3980 1482 4045 Postea
1503 3979 1604 4062 addit,
1634 3978 1736 4061 usae
1764 3979 1806 4044 ad
1827 3979 1978 4064 arpalum
1993 3987 2105 4062 portae
2125 3989 2213 4063 epto·

199 4063 370 4150 angulos,
399 4064 452 4130 vel
474 4065 649 4149 angulum,
679 4067 755 4149 quia
776 4063 919 4131 ostendit
942 4065 1084 4150 angulus
1106 4065 1188 4131 duas
1238 4085 1320 4130 ram.
1365 4065 1566 4130 Existimant
1588 4064 1649 4131 baa
1672 4075 1766 4148 porta
1786 4085 1935 4149 egressos
1964 4065 2065 4132 luisse
2094 4088 2209 4133 ourrue

194 4151 312 4216 faeies
338 4149 416 4213 dum
446 4151 586 4230 eminet,
620 4159 654 4215 at
685 4151 733 4216 ita
766 4149 850 4216 duae
879 4160 989 4232 partes
1017 4161 1186 4234 apparent.
1239 4151 1347 4234 regios
1377 4170 1476 4234 quum
1505 4149 1605 4215 vellat
1631 4170 1732 4233 equos
1761 4171 1923 4216 exarsere.
1975 4150 2088 4216 Potuit
2110 4153 2210 4218 etiam

195 4235 279 4302 Sed
303 4234 375 4299 sive
389 4235 487 4300 fuerit
501 4242 598 4319 porta
612 4236 735 4319 auguli,
757 4237 828 4301 sive
843 4235 1047 4319 angulorum,
1070 4256 1186 4320 parum
1239 4254 1310 4300 esse
1332 4235 1438 4300 forum
1462 4244 1626 4319 equestre:
1655 4244 1689 4299 et
1711 4243 1839 4300 tantum
1862 4235 1915 4300 hie
1936 4237 2140 4302 eonieeturae
2161 4237 2210 4303 lo·

194 4323 246 4387 ad
275 4340 347 4384 rem
369 4320 457 4386 feeit.
502 4320 623 4387 Postea
645 4321 745 4402 addit,
771 4320 891 4386 Adduo
908 4322 1081 4405 epraeter
1099 4323 1188 4405 [uai-
1239 4341 1314 4387 eum
1336 4319 1474 4400 babent,
1506 4321 1583 4403 qnia
1604 4341 1701 4385 nemo
1723 4330 1830 4403 potest
1858 4341 1917 4404 pro
1944 4330 2034 4386 earto
2062 4342 2209 4388 asserere

191 4406 301 4476 eahta
328 4425 493 4472 memmae
519 4425 626 4473 eorem
654 4408 732 4487 spuo.
777 4405 919 4487 Quidam
948 4407 1096 4472 referunt
1125 4407 1187 4473 hoe
1239 4425 1348 4490 regam
1371 4405 1437 4472 illie
1458 4405 1611 4471 habuisse
1633 4404 1726 4470 ludos
1748 4415 1926 4487 equestres,
1949 4406 2001 4469 vel
2024 4407 2210 4474 exerauisse

192 4491 245 4558 ad
272 4498 414 4574 portam,
437 4490 523 4574 qnod
546 4492 586 4557 ab
608 4491 681 4574 ipsa
702 4495 797 4574 porta
811 4491 976 4556 iunioulus
991 4492 1187 4558 extendetur
1239 4511 1314 4557 suos
1336 4511 1463 4557 eurrus.
1505 4491 1607 4556 Porta
1629 4500 1740 4556 autem
1762 4490 1882 4555 illaad
1904 4491 2062 4555 orientem
2085 4503 2209 4573 speeta-

190 4596 311 4660 usque
330 4576 373 4641 ad
393 4576 497 4642 collem
521 4576 639 4655 umet,
662 4575 914 4642 eteiraumdobit
937 4575 1102 4642 Goatbutb.
1134 4576 1186 4643 De
1240 4576 1302 4642 but.
1357 4575 1449 4642 Dieit
1481 4575 1561 4642 mee
1593 4578 1704 4641 omnia
1737 4576 1805 4658 sore
1836 4576 2028 4641 eurumdem
2061 4575 2209 4643 Iebovae:

190 4660 354 4749 propriis
376 4662 563 4728 nominibus
585 4661 730 4728 loeorum
754 4682 819 4726 non
838 4659 949 4726 laboro
964 4660 1186 4742 vehementer,
1238 4658 1356 4726 deinde
1378 4661 1540 4744 promittit
1561 4662 1710 4743 quietum
1729 4671 1762 4726 et
1779 4670 1974 4742 perpetuum
1993 4671 2123 4738 statum,
2146 4681 2208 4728 aon

191 4747 286 4835 quia
310 4766 376 4812 non
398 4755 549 4813 tenemus
572 4747 746 4828 antiquum
770 4745 859 4812 urbis
882 4745 1186 4829 situm,at1udaei
1238 4746 1405 4830 medear,
1423 4751 1524 4812 daea
1538 4747 1713 4813 ἀεεέηιοέιιν
1727 4744 1865 4826 amplias
1878 4766 1975 4828 aequa
1988 4747 2025 4811 ia
2038 4747 2207 4830 suendum,

189 4836 311 4903 etiam
332 4830 397 4915 ipsi
417 4852 517 4915 quum
537 4831 688 4898 divinant
705 4833 745 4897 de
762 4833 860 4897 rebus
879 4831 1022 4912 insertis,
1045 4833 1187 4915 produnt
1237 4851 1296 4913 pro
1318 4850 1382 4914 quo
1403 4831 1522 4896 dieitur
1550 4831 1635 4915 apud
1658 4830 1848 4895 Zaehariam
1877 4851 1943 4895 non
1971 4833 2039 4897 fora
2067 4833 2208 4915 amplius

186 4917 772 5073 tu³tn⁵tttt⁰illitmttll
789 4917 1185 5068 tltt‘ttlltt:
1237 4914 2260 5085 titlsstltstitutus„tilluttitt-

187 5093 357 5157 mitteret
371 5025 638 5155 selgextensurum
656 5024 788 5172 longia}
805 5053 982 5171 pomoeria,
1000 5095 1033 5151 at
1050 5024 1185 5152 alludunt
1236 5086 1364 5171 populi,
1397 5087 1494 5152 simul
1526 5023 1624 5152 otiabr
1658 5085 1809 5169 adiungit
1840 5085 1955 5150 urbem
1987 5087 2105 5151 iterum
2139 5089 2207 5153 lore

186 5177 264 5244 hoe
298 5195 342 5237 ex
370 5173 472 5239 verbo
501 5188 572 5251 ttttt,
605 5173 793 5258 Epetium
819 5173 984 5257 (enudus
1009 5192 1184 5239 mensurae.
1237 5170 1440 5256 splendidam
1469 5179 1503 5237 et
1533 5172 1730 5256 opulentam,
1763 5179 1801 5236 ut
1830 5169 1946 5236 iuerat.
1999 5171 2085 5236 Nam
2118 5183 2207 5237 terra

185 5259 270 5329 Sed
299 5277 401 5340 quum
428 5260 590 5344 propheta
618 5259 698 5326 dinit
726 5258 844 5342 adbuc,
877 5257 985 5340 potius
1015 5266 1184 5340 eomparat
1235 5257 1307 5340 ipsa
1328 5277 1457 5340 semper
1478 5255 1541 5323 init
1562 5257 1715 5323 deformis
1736 5275 1840 5339 usque
1861 5255 1902 5320 ad
1920 5255 2009 5322 urbis
2028 5257 2205 5322 restitutio·

183 5343 385 5436 pristinam
408 5345 497 5411 urbis
524 5344 785 5427 magnitudinem
815 5363 888 5408 oum
917 5363 955 5408 aa
982 5361 1080 5426 quam
1110 5359 1182 5426 pro·
1236 5362 1327 5406 nem:
1359 5342 1427 5408 illio
1450 5343 1536 5408 anim
1559 5342 1650 5408 Deus
1672 5342 1817 5427 elegerat
1839 5341 1900 5406 sibi
1922 5340 2137 5414 dominilium:
2171 5352 2205 5407 et
