5118 6136
386 471 449 538 643
1192 465 1580 534 Paneheouloaas
2325 469 2389 534 644

387 659 562 745 propbeta,
596 671 634 724 ut
662 659 767 743 eriget
797 658 921 722 animos
951 658 1102 723 exsulum
1132 657 1172 722 ad
1200 657 1360 734 fiduciam,
1415 657 1651 741 elonginquo:
1683 656 1957 740 quemadmodum
1984 658 2083 725 bodie
2109 677 2237 741 quoque
2258 657 2386 739 profani

388 747 476 826 dicit,
503 745 664 826 Quamvis
686 747 753 809 sint
776 743 916 827 ablegati
938 743 972 806 in
996 745 1147 828 regiones
1169 744 1361 826 incognitas,
1414 744 1572 824 homines,
1606 744 1683 808 dum
1717 744 1910 826 proferimus
1945 745 2094 828 exempla
2124 743 2249 826 gratiae
2276 742 2340 807 Dei
2369 764 2387 807 e

389 843 498 896 temen
533 851 597 895 non
632 833 762 895 obstare
795 830 865 894 Deo
898 828 1103 907 distantiam,
1137 842 1169 894 et
1203 827 1362 911 quidquid
1414 828 1486 910 lege
1509 835 1543 892 et
1564 828 1732 912 prophetis
1762 839 1795 894 et
1822 830 2001 913 evangalio,
2032 829 2093 909 Ha,
2123 830 2193 894 c’eat
2218 829 2262 894 da
2291 833 2388 910 ἰοοιρο

389 917 477 982 aliud
509 926 636 999 poterat
662 914 765 980 rideri
795 914 996 980 contrarium
1027 936 1138 979 eorum
1166 913 1362 988 liberationi,
1413 913 1517 978 iadis:
1544 915 1590 978 ita
1613 915 1715 980 facete
1737 915 1886 980 derident
1914 914 2070 1000 quidquid
2093 923 2232 979 testatus
2252 925 2304 978 cst
2325 935 2386 977 nn·

389 1003 469 1086 quin
492 1002 581 1084 ipsos
603 1003 769 1066 restituat:
793 1002 868 1082 quia
889 999 966 1064 olim
987 1009 1094 1083 patres
1118 1002 1261 1082 ipsorum
1285 1000 1360 1064 libe·
1414 1019 1510 1080 quam
1539 999 1632 1065 Deus
1660 1000 1759 1065 verbo
1788 1019 1848 1067 suo
1879 1002 1971 1083 quasi
2002 1010 2161 1068 vetustate
2195 997 2384 1065 obsoletum.

389 1088 476 1154 ravit
505 1108 605 1170 quum
635 1087 798 1152 essentia
824 1089 984 1170 Aegypto.
1030 1085 1101 1151 Iam
1129 1086 1281 1169 quoniam
1305 1106 1360 1167 po·
1413 1084 1575 1149 Similiter
1600 1084 1656 1150 ubi
1684 1095 1841 1152 terrorem
1869 1086 1937 1151 illis
1965 1087 2134 1153 obiicimus
2156 1107 2198 1150 ex
2220 1083 2386 1150 veteribus

390 1182 500 1239 terant
529 1193 642 1238 rursus
672 1171 811 1238 obiicere
832 1170 945 1236 Iudaei
973 1190 1007 1236 se
1029 1192 1099 1236 esse
1122 1192 1259 1236 numero
1281 1192 1360 1255 pau·
1414 1170 1583 1253 exemplis,
1604 1170 1659 1235 Ηο
1677 1171 1799 1236 scilicet
1821 1171 1898 1236 alim
1920 1172 2118 1248 factumest,
2142 1170 2198 1235 sod
2216 1171 2280 1234 iam
2299 1171 2385 1236 olim.

390 1279 460 1324 cos:
484 1258 602 1323 deinde
624 1256 774 1341 iugulum
799 1277 927 1338 sempor
951 1267 1134 1339 porrectum
1153 1277 1225 1321 esse
1243 1256 1361 1340 gladio,
1415 1256 1552 1338 Semper
1575 1276 1653 1340 ergo
1683 1257 1823 1322 redeunt
1850 1259 1889 1321 ad
1916 1256 1998 1322 illud
2028 1258 2220 1323 diabolicum
2251 1275 2384 1338 prover-

390 1345 541 1427 quoniam
566 1344 752 1409 habitarent
775 1344 861 1407 inter
886 1343 1023 1407 victores
1044 1343 1260 1418 saevissimos,
1285 1340 1361 1406 dicit
1415 1341 1522 1417 bium,
1556 1341 1602 1406 Le
1629 1348 1734 1423 temps·
1754 1343 1851 1409 iadis.
1894 1343 1940 1407 Et
1969 1344 2050 1409 illud
2084 1343 2167 1407 idem
2202 1343 2386 1425 exprimere

390 1439 501 1513 patros
527 1430 670 1512 ipsorum
696 1449 758 1492 non
783 1429 878 1492 aliter
900 1448 997 1509 quam
1028 1428 1183 1492 miraculo
1212 1433 1361 1500 servatos
1414 1426 1521 1491 voluit
1546 1427 1718 1508 Ieremias,
1750 1450 1770 1493 a
1798 1429 1966 1512 laepiaqao
1994 1429 2145 1512 apparuit
2169 1427 2257 1492 nobie
2285 1426 2384 1508 Deae,

391 1535 472 1599 esse,
502 1514 635 1597 perinde
666 1535 703 1580 ac
725 1515 751 1580 si
776 1515 877 1598 erepti
901 1525 1011 1578 essent
1039 1535 1082 1577 ex
1110 1514 1216 1578 media
1246 1524 1360 1578 morte.
1414 1513 1476 1578 hoo
1498 1525 1557 1590 est,
1579 1517 1617 1578 tu
1639 1514 1770 1596 quidem
1794 1517 1966 1597 magnifice
1994 1514 2162 1598 praedicas
2189 1512 2385 1595 redemptio·

391 1601 487 1666 Nunc
509 1611 660 1665 tenemus
683 1600 860 1683 prophetae
881 1599 1060 1676 consilium,
1081 1600 1238 1680 etpaucis
1255 1601 1361 1664 verbis
1415 1619 1500 1674 nem¹
1531 1619 1596 1681 qua
1626 1608 1736 1681 patros
1764 1599 1894 1665 liberati
1929 1615 2024 1666 sunt:
2058 1599 2116 1665 sed
2144 1598 2220 1681 quid
2251 1599 2313 1662 hoc
2344 1599 2383 1662 ad

391 1686 500 1752 licebit
518 1686 687 1768 complecti
706 1706 867 1751 summam
886 1685 985 1750 huius
1002 1687 1192 1763 sententiae,
1212 1705 1274 1748 non
1291 1706 1362 1750 esse
1414 1682 1496 1748 nas?
1531 1703 1591 1748 cur
1619 1705 1685 1749 non
1720 1686 1829 1768 potius
1862 1685 2006 1751 ostendis
2040 1685 2133 1749 uobis
2165 1685 2273 1766 palam
2306 1682 2385 1765 qnid

391 1773 603 1836 metuendum
633 1773 712 1853 quin
737 1772 826 1837 Deus
853 1770 1008 1854 populum
1039 1793 1133 1835 suum
1158 1771 1362 1853 intempore
1415 1769 1507 1835 Dens
1529 1769 1630 1834 uelit?
1660 1781 1693 1834 et
1715 1791 1773 1836 cur
1794 1791 1860 1836 non
1890 1773 2015 1854 profers
2042 1772 2183 1854 aliquam
2214 1771 2385 1833 materiam

391 1857 545 1937 redimat,
577 1858 654 1938 quia
681 1857 888 1921 notissimum
919 1858 964 1920 sit
986 1876 1088 1938 quum
1119 1856 1272 1920 liberator
1300 1857 1363 1920 luit
1415 1857 1596 1938 praesentis
1626 1857 1793 1921 laetitiae?
1819 1879 1878 1923 cur
1900 1879 1965 1922 non
1988 1879 2023 1922 re
2046 1860 2115 1939 ipsa
2138 1856 2254 1938 probae
2276 1854 2386 1918 Deum

392 1944 469 2008 olim
492 1943 605 2026 populi
627 1945 679 2007 sui
703 1943 880 2025 potentiam
909 1943 978 2006 eius
1001 1941 1100 2007 variis
1130 1942 1233 2006 modis
1264 1943 1362 2010 fuisse
1416 1941 1508 2007 nobis
1532 1963 1601 2006 esse
1623 1942 1824 2025 propitium?
1846 1941 1900 2008 sed
1926 1955 1961 2007 tu
1979 1944 2019 2008 de
2037 1944 2171 2024 antiqua
2192 1939 2386 2005 liberatione

392 2030 563 2106 illustrem,
586 2029 651 2093 imo
674 2028 1045 2109 incomprehensibilem,
1073 2029 1281 2112 quandoper
1305 2049 1362 2092 an·
1415 2027 1517 2092 verba
1547 2028 1642 2094 iacis:
1680 2037 1713 2092 et
1745 2029 1808 2092 ista
1841 2029 1987 2093 narratio
2020 2039 2070 2093 eet
2103 2027 2194 2109 quasi
2231 2025 2384 2090 obsoleta.

393 2136 451 2179 nos
474 2115 516 2179 40
549 2114 707 2197 populum
738 2115 817 2178 aluit
847 2113 881 2178 in
911 2114 1054 2192 deserto,
1088 2113 1204 2178 deinde
1237 2114 1362 2178 exitum
1415 2111 1575 2178 Videmus
1597 2133 1674 2198 ergo
1696 2115 1737 2179 ab
1759 2114 1852 2178 initio
1874 2134 2003 2195 semper
2025 2115 2173 2179 homines
2192 2110 2262 2176 Deo
2284 2111 2385 2176 fuisse

392 2202 500 2282 ipsum
531 2201 629 2264 luisse
653 2200 739 2264 acsi
769 2200 889 2263 mortui
917 2199 1114 2280 esepulerie
1143 2209 1361 2281 resurgerent,
1415 2200 1576 2283 ingratos,
1607 2201 1683 2281 quia
1712 2211 1873 2283 quantum
1900 2201 1935 2265 in
1958 2221 1992 2266 se
2016 2200 2080 2264 luit
2101 2197 2299 2281 sepelierunt
2321 2197 2384 2262 Dei

392 2287 469 2368 quia
490 2285 584 2350 facile
596 2284 767 2370 Aegyptiis
788 2286 886 2348 luerit
903 2285 1051 2367 iugulare
1071 2293 1172 2349 totum
1190 2283 1361 2368 populum:
1416 2284 1586 2350 beneficia:
1622 2306 1728 2368 neque
1749 2287 1783 2351 iu
1807 2307 1844 2350 eo
1867 2286 1961 2350 modo
1994 2285 2122 2350 detecta
2151 2285 2210 2346 luit
2240 2285 2385 2364 ipsorum

391 2382 522 2454 creptos
551 2371 652 2453 igitur
682 2371 780 2436 luisse
806 2391 826 2434 a
848 2379 960 2447 morte,
995 2391 1093 2452 quum
1125 2369 1256 2435 adducti
1285 2380 1363 2434 sunt
1413 2369 1575 2452 impietas,
1605 2369 1661 2434 sed
1685 2371 1769 2454 quod
1792 2371 1932 2436 ludibrio
1963 2372 2095 2437 lucrttnt
2123 2391 2235 2434 omues
2258 2379 2386 2433 veteres

391 2457 426 2521 in
459 2467 598 2530 terram,
633 2475 714 2538 quae
746 2457 909 2538 promissa
943 2457 1047 2519 fuerat
1080 2456 1250 2521 Abrahae:
1285 2476 1363 2539 ergo
1415 2455 1578 2536 historiae,
1605 2477 1686 2539 quae
1709 2466 1819 2521 tamen
1841 2458 2063 2522 monumentis
2085 2455 2230 2539 proditae
2253 2465 2330 2519 suut
2352 2455 2385 2516 iu

392 2563 459 2607 non
482 2563 555 2607 esse
577 2541 790 2606 dubitandum
815 2541 893 2622 quin
918 2542 1006 2606 Deus
1035 2541 1227 2606 mirabiliter
1257 2539 1363 2607 adhuc
1415 2552 1558 2606 nostram
1591 2543 1739 2608 salutem.
1789 2541 1957 2626 Quidquid
1991 2543 2147 2624 scriptum
2180 2551 2243 2618 est,
2277 2541 2386 2621 inquit

392 2627 482 2711 ipses
511 2628 637 2708 eripiat,
667 2640 700 2690 et
728 2625 865 2708 eandem
895 2628 1072 2708 potentiam
1104 2626 1303 2691 demonstret
1328 2629 1362 2691 in
1414 2627 1549 2706 Paulus,
1571 2627 1611 2691 ad
1634 2626 1814 2693 doctrinam
1839 2639 1982 2693 nostram
2007 2629 2163 2710 scriptum
2187 2637 2245 2709 est,
2268 2631 2306 2690 ut
2328 2645 2385 2706 per

393 2712 472 2794 ipsis
494 2712 687 2792 liberandis,
721 2732 804 2795 quae
834 2713 910 2776 olim
942 2712 1027 2776 clare
1055 2721 1253 2794 apparuerat
1285 2734 1361 2796 erga
1415 2713 1602 2796 patientiam
1638 2725 1670 2779 et
1703 2713 1955 2778 consolationem
1991 2715 2170 2796 scripturae
2202 2731 2293 2794 spem
2327 2711 2384 2773 ha·

392 2797 536 2881 ipsorum
568 2808 684 2881 patres.
737 2797 826 2860 Hinc
860 2808 969 2862 autem
1003 2796 1111 2881 colligi
1146 2797 1240 2862 debet
1273 2799 1363 2863 utilis
1416 2799 1557 2863 beamus.
1610 2799 1682 2864 Illic
1710 2799 1853 2864 ostendit
1887 2800 2073 2865 discendam
2102 2819 2173 2863 esse
2201 2797 2296 2862 nobis
2329 2817 2384 2877 pa-

392 2883 556 2959 doctrina,
591 2884 717 2965 quoties
748 2882 933 2966 desperatio
963 2880 1113 2948 obiicitur
1142 2893 1218 2948 ante
1245 2884 1362 2962 oculos,
1415 2883 1563 2948 tientiam
1595 2886 1635 2950 ab
1664 2885 1822 2967 exemplis
1855 2905 1937 2968 quae
1969 2885 2131 2968 scriptura
2161 2884 2321 2958 continet,
2353 2890 2385 2945 at

393 2970 445 3034 vel
469 2969 619 3035 miseriae
648 2979 780 3032 nostrae
804 2966 844 3032 ad
867 2989 936 3033 eam
961 2990 1020 3033 nos
1046 2969 1236 3044 sollicitant,
1266 2989 1362 3051 rapu·
1415 2967 1500 3035 hanc
1523 2989 1593 3035 esse
1614 2969 1708 3036 nobis
1730 2971 1900 3035 materiem
1924 2970 2151 3036 consolationis
2173 2970 2324 3051 optimae,
2350 2977 2385 3029 ut

392 3053 493 3119 tanda
515 3075 584 3119 csse
608 3054 762 3120 beneficia
784 3053 856 3132 Dei,
879 3075 943 3117 non
967 3065 1095 3119 tantum
1119 3075 1201 3138 quae
1223 3055 1283 3138 ipsi
1307 3077 1361 3120 ex·
1415 3057 1582 3120 foveamus
1615 3077 1705 3138 spem
1742 3067 1888 3122 nostram
1926 3077 2030 3139 usque
2063 3056 2140 3120 dum
2174 3055 2292 3135 eripiat
2329 3073 2386 3117 nos

393 3141 477 3222 perti
510 3160 633 3214 sumus,
667 3139 724 3204 sed
757 3159 840 3220 quae
871 3140 1010 3205 contulit
1043 3142 1180 3206 saeculis
1212 3141 1363 3206 omnibus
1416 3141 1507 3205 Deus
1535 3141 1575 3207 ab
1605 3142 1754 3207 omuibus
1789 3143 1937 3207 miseriis.
1993 3141 2081 3223 Quid
2115 3152 2222 3205 autem
2257 3139 2385 3222 profani

394 3245 472 3307 erga
495 3225 677 3290 ecclesiam:
701 3225 796 3288 sicuti
815 3224 913 3288 etiam
932 3225 1038 3289 David
1053 3226 1183 3291 Psalmo
1198 3227 1259 3291 143
1273 3226 1315 3312 (v.
1329 3226 1363 3312 5)
1414 3226 1588 3292 homines?
1623 3226 1687 3311 Hc,
1722 3235 1756 3292 tu
1780 3229 1898 3294 recitas
1925 3227 2011 3311 qaod
2037 3227 2195 3310 scriptum
2227 3235 2294 3289 est:
2328 3222 2384 3288 sed

394 3309 473 3375 dicit
495 3309 556 3376 hoo
581 3329 680 3373 unum
704 3309 765 3374 sibi
786 3310 884 3374 fuisse
906 3309 1058 3375 solatium
1080 3313 1114 3375 in
1133 3331 1191 3377 suo
1210 3333 1363 3393 moerore,
1415 3311 1475 3377 hoc
1509 3313 1606 3378 nimis
1639 3324 1799 3378 remotum
1834 3320 1884 3379 est
1916 3335 1936 3378 a
1968 3314 2078 3389 nobis,
2117 3323 2150 3376 et
2181 3308 2385 3394 longitudine

393 3415 494 3478 quum
515 3404 549 3460 et
565 3395 722 3458 extremis
743 3393 839 3459 malis
862 3404 1071 3477 premeretur,
1093 3406 1126 3461 et
1142 3398 1209 3462 fere
1229 3397 1364 3462 obrutus
1415 3399 1570 3480 temporis
1593 3400 1741 3464 evanuit:
1764 3399 1944 3482 antiquitas
1966 3399 2028 3464 ista
2050 3396 2127 3482 quid
2150 3395 2190 3461 ad
2213 3395 2296 3460 nos?
2319 3393 2386 3460 Sed

393 3486 479 3546 esset
502 3479 740 3564 desperatione:
765 3481 901 3556 Memor,
925 3481 1040 3564 inquit,
1064 3483 1109 3546 lui
1131 3483 1257 3546 dierum
1281 3484 1364 3547 anti·
1416 3503 1516 3566 quum
1538 3485 1748 3566 proruperint
1765 3484 1878 3549 Iudaei
1901 3486 1935 3550 in
1954 3484 2144 3568 sacrilegam
2163 3483 2385 3558 banetacan,

393 3586 539 3649 quorum.
573 3565 647 3630 Non
669 3566 769 3649 igitur
791 3576 919 3631 tautum
943 3570 1105 3632 recensuit
1117 3569 1178 3633 Dei
1198 3568 1364 3645 beneficia,
1416 3569 1579 3635 discamus
1618 3571 1769 3653 amplecti
1808 3569 1962 3653 quidquid
2005 3570 2198 3653 proponitur
2237 3565 2330 3632 nabis
2368 3587 2386 3629 e

394 3671 478 3733 quac
506 3653 576 3734 ipse
606 3654 769 3722 senserat,
799 3650 854 3716 sed
882 3673 964 3734 quae
994 3653 1142 3719 audierat
1164 3675 1184 3718 a
1206 3652 1364 3738 patribus,
1415 3656 1586 3738 scriptura,
1616 3655 1693 3720 dum
1725 3677 1784 3722 nos
1813 3657 1931 3721 invitat
1953 3655 2047 3720 Deus
2076 3654 2116 3720 ad
2139 3674 2229 3737 spem
2259 3653 2383 3717 miseri·

394 3757 477 3817 quae
500 3737 623 3819 legerat
645 3736 730 3820 apud
754 3737 889 3801 Mosam.
924 3736 980 3804 Sic
1001 3740 1100 3804 etiam
1123 3742 1282 3823 propheta
1304 3761 1364 3804 nos
1415 3741 1556 3820 cordiae,
1590 3746 1623 3805 et
1650 3742 1747 3805 simul
1777 3742 1875 3806 etiam
1911 3743 2063 3806 hortatur
2090 3741 2130 3805 ad
2161 3740 2383 3804 tolerantiam:

394 3819 643 3886 admemoriam
666 3823 893 3887 beneficiorum
909 3822 971 3888 Dei
991 3838 1123 3890 revocat
1140 3827 1194 3891 ubi
1214 3826 1365 3891 videmur
1415 3847 1522 3910 neque
1551 3847 1694 3908 uuquam
1723 3827 1850 3891 excidat
1882 3827 1973 3892 nabis
2003 3825 2084 3892 haec
2116 3825 2317 3909 blasphemia
2346 3845 2387 3889 ex

394 3907 434 3973 ab
457 3908 528 3989 ipso
547 3927 617 3973 asse
640 3908 792 3986 derelicti,
814 3907 890 3990 quia
907 3908 987 3974 haec
1006 3931 1072 3975 una
1089 3911 1240 3994 cogitatio
1258 3921 1365 3995 potest
1416 3933 1481 3992 ore,
1510 3913 1575 3977 imo
1599 3933 1639 3977 ue
1662 3912 1780 3977 animis
1807 3913 1936 3996 quidem
1967 3913 2088 3979 nostris
2117 3913 2266 3994 obrepat,
2297 3909 2387 3976 Dans

393 4013 452 4058 nos
463 3993 575 4057 levare
587 4003 619 4057 et
631 3994 789 4059 attollere.
811 3993 903 4059 Haec
915 4014 1039 4058 summa
1050 4005 1108 4061 est.
1127 3997 1195 4062 Iam
1208 3999 1363 4079 sequitur,
1416 4000 1567 4080 apparuit
1597 4021 1639 4063 ex
1669 3998 1856 4081 longinquo.
1908 3999 1996 4082 llrgo
2030 3998 2192 4063 discamus
2224 3997 2387 4062 exsecrari

1310 4143 1313 4150 ,
1415 4084 1500 4149 hanc
1521 4083 1793 4167 ingratitudinem
1816 4103 1939 4161 eorum,
1962 4085 2018 4166 qui
2041 4084 2156 4148 volunt
2176 4082 2285 4147 Deum
2308 4103 2387 4148 scm-

478 4163 508 4228 3.
548 4163 598 4228 At
631 4165 758 4246 antipae
793 4164 927 4229 Iedocalr
960 4165 1110 4248 apparuit
1141 4165 1237 4232 milri:
1276 4169 1365 4249 atqui
1416 4191 1473 4252 per
1503 4169 1622 4235 babere
1652 4179 1873 4251 praesentem,
1906 4174 1940 4234 ot
1968 4171 2094 4235 interea
2123 4167 2207 4233 nihil
2236 4167 2386 4232 tribuunt

392 4248 554 4315 dilectione
582 4255 737 4334 perpetua
769 4250 867 4314 dilexi
899 4255 942 4314 te:
978 4251 1047 4316 idco
1077 4251 1262 4330 protraham
1299 4252 1364 4338 (vel
1414 4254 1547 4320 honoris
1575 4256 1741 4320 veteribus
1775 4257 1843 4320 eius
1876 4253 2049 4321 beneficiis.
2099 4255 2178 4320 Ideo
2211 4251 2386 4336 respondet

392 4336 550 4416 protraxi,
574 4336 624 4400 vel
648 4334 795 4420 extendi)
818 4335 860 4400 ad
882 4337 1129 4402 attenuatam.
1416 4341 1592 4423 propheta,
1623 4340 1740 4421 Atqui:
1772 4361 1847 4405 uam
1881 4340 1995 4422 copula
2025 4354 2034 4407 t
2065 4341 2118 4405 hic
2150 4341 2283 4423 ponitur
2317 4339 2385 4404 loco

1414 4426 1592 4508 particulae
1608 4426 1846 4490 adversativae:
1862 4428 1953 4509 qnasi
1966 4425 2095 4503 diceret,
2112 4427 2186 4510 imo,
2199 4426 2262 4504 vel,
2278 4429 2384 4492 etiam.

479 4502 707 4569 (lommuniter
737 4515 884 4583 vertunt,
913 4505 991 4570 Ideo
1022 4506 1141 4571 attraxi
1172 4516 1204 4570 te
1234 4507 1268 4571 in
1299 4508 1362 4572 ole·
1416 4511 1499 4575 Nam
1522 4520 1632 4594 posset
1653 4513 1750 4575 otiam
1774 4512 1873 4595 accipi
1895 4531 1954 4594 pro
1976 4525 2024 4594 nt,
2048 4513 2147 4576 otiam
2169 4511 2268 4577 dileat
2290 4519 2318 4578 tc
2339 4515 2385 4579 ar·-

392 4592 530 4655 mentia:
555 4590 610 4655 sed
634 4611 748 4656 sensus
770 4591 827 4655 illc
846 4601 894 4655 est
913 4592 1050 4676 frigidus
1073 4602 1106 4655 et
1128 4592 1267 4674 ineptus.
1300 4593 1364 4660 Ita·
1414 4597 1537 4662 lectione
1552 4602 1715 4678 perpetua.
1761 4597 1949 4679 Respondet
1972 4599 2071 4681 igitur
2094 4598 2184 4663 Deus
2206 4597 2325 4680 impiis,
2353 4609 2386 4663 et

393 4697 456 4758 que
475 4696 541 4740 non
561 4675 673 4740 dubito
696 4676 773 4758 quin
793 4679 900 4759 potius
922 4677 1086 4761 intelligat
1107 4677 1361 4743 misericordiam
1415 4683 1560 4747 ostendit
1581 4703 1625 4761 se,
1648 4681 1732 4764 quad
1756 4684 1855 4747 semel
1877 4683 2035 4748 liberator
2057 4684 2154 4747 luerit
2175 4685 2296 4767 populi,
2320 4704 2383 4748 non

391 4760 456 4826 Dei
479 4781 543 4826 non
568 4762 636 4826 lare
658 4761 842 4839 evanidam,
873 4762 950 4843 quin
981 4763 1135 4846 populum
1159 4765 1265 4847 ipsum
1290 4784 1363 4845 pro·
1414 4767 1446 4831 id
1470 4769 1671 4849 praestitisse
1693 4768 1802 4850 aliquo
1824 4781 2051 4833 momentaneo
2074 4769 2208 4851 impetu,
2229 4770 2287 4834 sed
2310 4772 2385 4852 quia

392 4855 548 4929 sequatur
571 4847 611 4912 ab
634 4866 719 4910 anna
742 4847 775 4910 in
799 4868 920 4913 annum
945 4849 1095 4914 omnibus
1117 4850 1264 4914 saeculis.
1298 4849 1364 4913 Iui-
1414 4853 1446 4917 id
1470 4854 1665 4936 promiserat
1685 4852 1848 4932 Abrahae,
1877 4855 1953 4937 quia
1976 4854 2132 4936 populum
2155 4855 2262 4937 ipsam
2286 4857 2384 4938 adop·

392 4933 439 4997 tic
468 4953 585 4997 vorsus
617 4932 743 4998 inducit
773 4933 931 5014 propheta
960 4933 1098 5000 Iudaeos
1127 4933 1362 5017 obstrepentes,
1415 4944 1550 5005 tavei-at.
1584 4937 1747 5019 Quoniam
1772 4959 1850 5023 ergo
1872 4940 1986 5005 foedus
2005 4940 2066 5004 Dei
2085 4949 2157 5004 erat
2180 4948 2383 5023 perpetuum,

392 5024 431 5082 ut
454 5019 559 5084 solent
581 5017 751 5098 increduli,
777 5017 931 5100 quidum
956 5019 1116 5100 repellunt
1138 5018 1203 5083 Dei
1225 5021 1362 5102 gratiam
1414 5022 1486 5087 idea
1518 5025 1572 5090 hic
1605 5023 1724 5089 refellit
1756 5025 1890 5108 impiam
1922 5024 2013 5090 illam
2048 5025 2264 5104 calumniam,
2298 5026 2385 5108 quod

393 5102 506 5168 volunt
528 5112 638 5168 tamen
659 5102 763 5168 videri
783 5101 845 5168 hoc
863 5123 935 5167 cum
960 5104 1085 5168 ratione
1107 5105 1221 5169 lacere.
1250 5104 1364 5171 Priore
1414 5107 1506 5172 Deus
1529 5118 1656 5174 tantum
1685 5123 1849 5175 momento
1879 5111 2057 5177 liberaliter
2086 5111 2191 5195 egerit
2220 5131 2299 5196 erga
2328 5131 2385 5196 po-

392 5187 494 5271 igitur
511 5189 581 5254 loco
599 5199 751 5253 narratur
774 5187 975 5270 blasphemia
992 5190 1112 5272 populi.
1143 5189 1212 5254 Nec
1230 5189 1363 5256 dubium
1414 5193 1528 5276 pulum
1549 5217 1654 5271 suum,
1677 5205 1709 5260 et
1727 5196 1812 5277 quod
1830 5197 1930 5263 semel
1949 5195 2111 5261 duntaxat
2131 5196 2218 5262 illius
2236 5198 2385 5263 miserias

393 5285 441 5339 eet
472 5276 549 5359 quin
579 5295 674 5340 voces
708 5276 790 5339 istae
823 5275 942 5357 impiae
972 5284 1004 5338 et
1033 5273 1209 5340 diabolicae
1243 5278 1364 5358 passim
1415 5281 1605 5362 respexerit,
1635 5289 1672 5345 ut
1694 5290 1915 5348 succurreret:
1945 5281 2066 5364 Etiam,
2094 5283 2209 5366 inquit,
2237 5281 2385 5348 dimite

393 5367 472 5426 tuno
494 5359 623 5424 auditae
646 5360 782 5424 luerint:
806 5359 870 5436 Ho,
895 5359 986 5423 Deus
1008 5361 1158 5442 apparuit
1181 5361 1283 5438 nobis,
1306 5362 1362 5427 sed
1414 5363 1572 5430 dilcctiaw
1596 5371 1755 5448 perpetua.
1808 5366 1900 5433 Deus
1930 5387 2008 5452 ergo
2037 5367 2090 5432 hic
2119 5369 2385 5450 redemptionem,
