5134 6124
1153 425 1540 494 Passmuo'mouus
2285 427 2348 494 308

346 431 409 498 307

345 620 446 704 longo
467 639 530 684 usu
548 616 647 702 proba
662 623 862 700 oompertum
878 615 1073 699 relinquere,
1096 616 1182 682 amm
1196 614 1323 699 raaudi,
1460 613 1654 700 Quanquam
1690 639 1755 683 nou
1789 617 1986 701 exprimitur
2013 624 2091 681 nota
2118 613 2348 696 similitudinis,

346 705 409 772 hoo
431 713 497 784 εει,
527 725 609 788 quae
632 703 737 768 iuerat
759 702 824 768 illis
855 702 990 786 probata
1016 711 1085 766 tam
1114 701 1212 786 longo
1240 710 1322 767 tem·
1374 701 1401 767 si
1432 701 1618 786 legimus:
1647 723 1712 768 non
1738 717 1774 771 2:
1806 715 1916 767 tamen
1947 701 2106 785 propheta
2135 701 2348 768 similitudine

347 812 443 876 pore,
473 801 506 856 et
528 790 618 856 abire
638 789 675 854 ia
696 789 824 854 sanitae
844 807 906 853 aaa
928 788 1077 871 salmias,
1109 807 1225 870 nempe
1247 787 1323 870 quia
1374 787 1487 853 utitur.
1532 788 1648 872 Neque
1677 789 1764 855 onim
1785 788 1879 854 Deus
1908 786 2039 872 impulit
2069 793 2168 853 vento
2197 786 2348 852 orientali

348 876 440 942 nullo
462 875 612 958 exemplo
633 883 819 941 sanatorum
843 873 900 957 qui
923 872 981 938 soli
1004 881 1098 939 eraut
1121 873 1191 938 veri
1214 885 1323 956 patres
1374 873 1523 952 Iudaeos,
1554 873 1786 959 sedquoniam
1811 875 1943 940 violenti
1964 882 2041 939 sunt
2063 873 2152 939 illius
2176 874 2265 940 venti
2287 873 2348 938 im·

348 964 478 1029 fuerant
501 961 641 1036 adduati,
675 969 711 1024 ut
733 959 794 1025 sibi
815 958 1041 1042 exoogitareut
1061 979 1163 1024 novos
1186 969 1218 1024 et
1240 959 1323 1025 fieti·
1374 968 1471 1041 petus
1493 961 1528 1024 in
1550 957 1683 1039 Iudaea,
1707 981 1803 1042 saepe
1827 971 1945 1026 ventus
1963 959 2131 1024 orientalis
2153 958 2347 1024 tantundem

347 1050 410 1114 tios
433 1047 559 1114 uultus:
592 1045 710 1112 deinde
732 1055 770 1110 ut
792 1043 1008 1110 desoiseerent
1037 1065 1056 1108 a
1079 1043 1219 1126 simpliei
1242 1044 1324 1128 legis
1375 1044 1463 1110 valet
1483 1067 1520 1112 aa
1542 1046 1694 1128 proeella,
1717 1046 1771 1111 vel
1795 1044 1905 1112 turbo:
1929 1067 1966 1112 ao
1988 1045 2015 1109 εἰ
2039 1043 2168 1122 diceret,
2192 1051 2347 1127 tanquam

348 1133 505 1199 doetrina.
550 1131 685 1215 Siquis
712 1130 946 1214 respondisset,
979 1129 1120 1196 ualeatas
1149 1151 1221 1196 esse
1251 1129 1324 1194 illas
1376 1130 1522 1210 turbine,
1555 1131 1605 1197 vel
1628 1131 1771 1215 proeella
1793 1153 1852 1216 ogo
1874 1132 1999 1198 eiioiam
2021 1131 2126 1212 ipsos:
2159 1129 2347 1214 diaperqam,

348 1219 435 1298 vias,
468 1218 622 1302 quoniam
652 1216 812 1282 haberent
843 1231 876 1280 et
899 1216 1053 1298 Assyrios
1082 1225 1116 1284 et
1143 1215 1324 1300 Aegyptios
1376 1217 1491 1299 inquit,
1516 1216 1569 1282 vel
1593 1218 1756 1301 dissipabo
1778 1237 1883 1284 mrum
1903 1217 1986 1298 faeie
2006 1215 2135 1282 inimici.
2177 1213 2349 1300 Signifieat

348 1305 453 1372 sooios
476 1303 754 1388 superstitionum,
777 1322 844 1368 non
867 1303 971 1385 potuit
993 1301 1074 1368 haee
1096 1303 1244 1385 exeeptio
1267 1301 1323 1366 ad·
1377 1313 1534 1367 venturos
1557 1302 1681 1380 hostes,
1711 1303 1767 1386 qui
1789 1304 1927 1368 Iudaeos
1954 1323 1971 1367 e
2001 1308 2089 1367 terra
2111 1323 2171 1366 sua
2194 1301 2348 1367 extermi-

348 1391 445 1456 mitti.
478 1390 573 1468 Nam,
596 1387 867 1472 quemadmodum
889 1387 954 1452 iam
978 1385 1056 1466 dixi,
1080 1387 1239 1472 propheta
1258 1407 1323 1451 non
1377 1397 1470 1454 nant:
1501 1387 1557 1454 sed
1580 1387 1668 1455 aliud
1693 1389 1849 1474 adiungit,
1874 1409 1990 1470 nempe
2013 1387 2126 1470 planas
2148 1385 2259 1453 hostes
2280 1387 2348 1452 fore

348 1476 531 1560 promisaue
554 1476 594 1539 de
615 1473 813 1557 quibuslibet
834 1472 992 1556 exemplis
1014 1473 1173 1556 loquitur,
1204 1472 1259 1538 sed
1284 1473 1324 1537 de
1376 1482 1510 1552 terrore,
1530 1475 1682 1557 quoniam
1706 1474 1800 1540 Deus
1823 1474 1912 1540 dabit
1934 1474 1998 1540 illis
2021 1474 2087 1540 vim
2112 1473 2263 1548 turbinis,
2292 1477 2351 1538 aut

347 1561 509 1647 exemplis
531 1570 671 1661 patrum,
693 1580 773 1660 quos
795 1567 923 1625 eertum
945 1567 1015 1624 erat
1037 1559 1136 1624 fuisse
1158 1560 1322 1642 guberna·
1376 1559 1554 1659 proeellas,
1587 1567 1625 1660 ut
1647 1559 1801 1640 didiaiat,
1836 1560 1901 1659 val.
1920 1559 2054 1642 dissipet
2075 1557 2216 1624 Iudaeos
2246 1559 2348 1706 ipssa:

350 1659 399 1714 Μ
421 1668 440 1712 ⁸
462 1646 611 1712 ΒΜ
659 1644 823 1728 seque,
1375 1645 1679 1797 ttttttttltl
1700 1645 2239 1816 tttttt‘ttitttttt
2253 1663 2350 1812 ”itia

436 1852 485 1917 16.
520 1852 576 1918 Ad
604 1851 784 1934 poneradam
811 1855 927 1917 wem
955 1870 1060 1916 aarum
1087 1851 1122 1914 ia
1151 1851 1324 1916 uastitatem
1375 1815 1468 1916 Dm.
1488 1817 1615 1916 wid
1628 1817 1696 1883 mli
1710 1819 1865 1917 mimir
1889 1817 1939 1884 Ἴθι
1956 1825 2096 1901 “iduma
2117 1815 2255 1915 dms
2296 1816 2332 1914 ',

350 1935 424 2024 (1100
446 1946 505 2016 032,
529 1948 565 2002 00
588 1957 704 2020 ponam
727 1947 846 2002 0000000
870 1935 1266 2022 000000000000000001),
1289 1939 1325 2001 4„
1375 1923 1410 1967 m
1431 1903 1482 1968 dte
1502 1903 1613 1969 dadas.
1647 1903 1827 1987 Continget
1849 1902 2015 1968 interdum
2038 1923 2098 1968 nos
2114 1901 2240 1968 duriter
2254 1910 2350 1968 eastr-

347 2024 443 2090 ατα
458 2028 626 2123 ,ααα
807 2022 1026 2106 τατττατ
1375 1987 1452 2140 t:
1476 2008 1496 2053 ²
1517 1988 1606 2139 lu
1619 1989 2043 2142 uetulum:
2067 1986 2351 2140 :settle

348 2109 522 2176 “mm'‘
542 2113 642 2194 ΜΡΜ·
1376 2159 1433 2226 sed
1461 2094 1575 2226 ’mitten
1609 2161 1672 2228 hoa
1705 2161 1885 2226 remedium
1916 2181 1982 2224 non
2015 2094 2162 2225 adfertur
2193 2121 2352 2236 fidelibus,

435 2304 451 2370 Ι
792 2306 798 2321 ,
1375 2245 1454 2328 quin
1476 2245 1643 2329 reperiant
1671 2245 1796 2330 aliquid
1824 2246 1931 2313 solatii
1962 2247 1995 2311 in
2017 2243 2082 2310 Dei
2111 2243 2348 2312 miseridordia:

453 2326 504 2370 ³¹¹¹
528 2327 641 2372 ”mm
664 2304 1195 2407 d⁰¹¹¹¹¹¹t¹¹⁸l1'f01’hfllssll00nimq
1224 2329 1324 2392 (luam
1376 2349 1451 2396 nam
1483 2331 1580 2398 sionti
1610 2333 1719 2398 deiieit
1752 2333 1792 2398 ad
1826 2330 1965 2415 inieras,
1998 2333 2045 2397 ita
2074 2331 2172 2396 etiam
2206 2329 2350 2396 reduoit:

349 2401 459 2491 ΜΠ
481 2401 588 2466 muli
622 2412 747 2492 nimpe,
762 2391 846 2492 W
866 2397 1025 2457 'minimi
1053 2396 1155 2458 ‘mae
1181 2413 1325 2475 ²1⁰⁸⁰7¹⁴m
1376 2417 1550 2482 mortificat
1564 2425 1597 2482 et
1613 2418 1766 2497 vivifioat,
1784 2417 2058 2502 quemadmodum
2075 2416 2193 2484 dieitur
2209 2415 2350 2482 seeundo

349 2482 499 2575 ”isim''
531 2477 632 2575 ΗΜ
656 2487 775 2576 miluus
797 2487 859 2542 Μ
881 2498 1148 2576 m9¹⁰⁰⁸.⁰⁰f,¹²¹‚nr
1177 2480 1258 2562 W
1277 2500 1323 2544 ’θ’
1375 2503 1482 2585 eapite
1514 2503 1612 2587 primi
1645 2503 1810 2570 Samuelis
1843 2501 1887 2589 (v.
1920 2503 1963 2589 6).
2017 2503 2082 2569 Hie
2115 2510 2223 2568 autem
2259 2501 2351 2566 Deus

348 2563 471 2660 ditetis
487 2567 573 2661 lissi?
594 2583 629 2627 Μ
646 2560 852 2640 ⁸⁰l⁸l¹⁴dl²l⁰mr
875 2562 985 2662 demde
1003 2584 1038 2628 Μ
1056 2563 1150 2628 &blla
1162 2569 1322 2663 er
1376 2608 1513 2670 pesum
1537 2587 1709 2655 denuntiat
1732 2589 1852 2673 absque
1874 2588 1943 2655 ulla
1964 2589 2070 2667 venia,
2095 2599 2154 2653 aut
2168 2587 2350 2652 levatione:

350 2647 402 2712 vel
435 2667 470 2710 m
504 2645 614 2711 sibilos
648 2644 837 2731 (utrumque
870 2668 958 2712 enrm
992 2669 1097 2730 genus
1139 2647 1322 2748 reperrtur).
1375 2673 1578 2758 mmmm,
1615 2677 1719 2759 inquit
1758 2696 1808 2741 303
1849 2675 1904 2741 sed
1926 2694 1987 2756 1²⁰?
2016 2679 2140 2740 0000000
2170 2671 2351 2738 orientalem

349 2731 414 2796 Hio
437 2732 569 2814 ponitur
592 2731 690 2831 etiam
714 2752 831 2797 nomen
849 2717 935 2812 nitu,
957 2753 1019 2814 quo
1038 2754 1237 2816 nuperusus
1260 2735 1324 2799 furt
1374 2779 1478 2826 ,mm
1499 2759 1647 2826 uetus.
1692 2725 2349 2842 100000,0000000000000000000000,

349 2815 524 2915 9¹⁰Ph⁰t³²
559 2817 615 2916 Μ.
642 2816 772 2883 d¹v⁰¹⁸⁰
802 2837 915 2918 ΜΨ
949 2839 1024 2884 ⁰³¹⁰
1055 2839 1155 2902 quum
1186 2821 1323 2921 ,Vqfflbfll
1374 2853 1407 2910 et
1429 2865 1534 2910 meam
1559 2844 1779 2925 elementiam,
1808 2847 1885 2911 lieet
1906 2845 2025 2928 alioqui
2048 2844 2199 2911 omnibus
2229 2845 2273 2908 sit
2295 2864 2349 2908 ex-

348 2906 477 2970 ΜΜ
497 2902 628 2980 ΜΜ’
662 2903 702 2967 Μ
725 2913 938 2985 ΡΜΜΜΜ
962 2913 1088 2987 “mim
1110 2903 1320 2989 ῙἪΒΡΜΘῙἨ*ἴε
1374 2931 1490 3012 posita,
1513 2933 1636 2998 frustra
1659 2941 1737 2999 tuno
1759 2932 1999 3015 implorabunt:
2024 2931 2100 3014 quia
2118 2929 2282 2996 deoretum
2301 2937 2351 2994 εει

349 3008 439 3053 nuno
461 2996 569 3052 autem
599 2986 640 3052 de
669 2989 781 3054 futuro
807 2999 953 3072 tempore
983 2989 1110 3057 dieitur.
1156 2991 1321 3072 Quoniam
1374 3016 1453 3098 ipsis
1476 3035 1541 3081 000
1565 3018 1742 3101 0000000000.
1776 3016 1968 3094 Ostendam¹
1991 3016 2107 3102 inquit,
2130 3015 2196 3080 iffi,
2219 3023 2349 3098 0000000

349 3091 428 3156 ergo
456 3071 570 3136 Iudaei
599 3093 670 3138 sese
699 3074 925 3174 alienaverant
954 3095 973 3138 a
1003 3077 1064 3176 viis
1092 3077 1226 3155 saeculi,
1244 3077 1322 3177 ,hou
1374 3121 1499 3182 000000,
1532 3112 1591 3167 000
1611 3104 1785 3170 0000ὶο000,
1821 3123 1895 3168 nam
1920 3115 1987 3192 app
2012 3112 2063 3168 θη
2091 3100 2252 3184 posterior
2274 3119 2349 3182 pars

350 3166 407 3234 0⁸b
431 3156 471 3221 ab
494 3159 712 3256 ⁸⁰l⁰l¹¹⁸,D⁰¹
733 3165 882 3258 ,virm
906 3159 978 3260 ¹⁶⁰9
1002 3161 1087 3260 dmi,
1102 3167 1220 3228 leriam
1237 3183 1321 3245 lP30'
1373 3188 1499 3269 eapitis,
1522 3187 1573 3254 vel
1598 3190 1735 3272 ooeiput,
1758 3189 1816 3254 sed
1838 3189 1892 3256 hia
1913 3191 2040 3272 eapitur
2054 3209 2115 3271 pro
2130 3197 2231 3272 tergo.
2265 3185 2349 3253 San·

348 3243 1143 3343 lumeTBJMWlWitb‘ltltetlitlm,(1110012111
1166 3269 1233 3347 ”9¹1
1249 3259 1320 3349 ῑῧῐῖ·
1374 3273 1457 3338 tient
1479 3295 1557 3359 argo
1580 3295 1633 3341 me
1655 3296 1816 3356 aversum,
1838 3283 1876 3340 ut
1898 3276 1962 3340 iam
1986 3295 2052 3340 non
2071 3274 2138 3341 sint
2159 3272 2259 3357 positi
2274 3281 2349 3337 ante

349 3340 416 3392 tum
439 3349 551 3412 pauore
572 3349 677 3410 annis,
700 3329 756 3394 sed
781 3350 881 3411 usque
904 3329 943 3394 ad
966 3329 1066 3396 finem
1082 3333 1198 3397 mundi
1215 3334 1320 3399 herrr·
1374 3358 1486 3425 000100
1518 3381 1616 3427 00000.
1660 3361 1745 3427 ΝΜ]
1777 3360 1856 3428 0000
1890 3369 1941 3427 est
1972 3360 2065 3426 000οῑ0
2100 3356 2349 3424 inaestimabilis

349 3413 425 3482 bilis
446 3413 509 3480 erit
530 3413 588 3478 illa
602 3413 719 3497 eludes,
743 3435 826 3498 quae
843 3424 919 3480 tuno
931 3415 1084 3482 instabat.
1118 3418 1164 3482 Et
1179 3420 1321 3484 seeundo

348 3498 496 3566 membro
518 3499 638 3566 elarius
660 3500 816 3582 exprimit
838 3499 916 3584 quid
939 3501 1103 3587 intelligat
1132 3525 1191 3587 per
1213 3504 1322 3570 sibilos

350 3591 504 3666 aeternos,
532 3606 650 3668 nempe
672 3585 747 3667 quia
767 3585 912 3670 quisquis
932 3587 1077 3654 eaesae
1097 3608 1159 3669 per
1185 3610 1254 3656 mm
1273 3589 1323 3655 ob·

348 3675 505 3755 stupescat,
528 3676 556 3737 et
574 3670 700 3736 mooebd
714 3677 817 3755 caput,
840 3672 892 3736 vel
907 3675 1070 3740 oonuutiot
1084 3683 1190 3758 eaput,
1214 3696 1323 3759 quem-

348 3756 521 3822 admodum
546 3758 629 3822 solet
649 3756 721 3822 lieri
746 3755 796 3820 vel
820 3758 851 3820 in
876 3767 1018 3840 stupore,
1042 3759 1096 3824 vel
1118 3761 1152 3825 in
1171 3759 1321 3840 ludibrio,

348 3843 400 3906 vel
423 3843 458 3906 in
484 3840 708 3908 detestatione.
752 3841 845 3906 Haeo
874 3841 1022 3924 loquutio
1051 3845 1241 3929 frequ'enter
1269 3867 1322 3914 oe·

348 3929 452 3992 ourrit
479 3926 563 4010 apud
596 3926 782 4010 prophotas.
834 3927 935 3991 Terra
961 3928 1118 3996 Obanaan
1148 3943 1320 4015 postquam

348 4011 425 4078 data
448 4011 512 4077 luit
534 4011 674 4088 Iudaeis,
697 4023 768 4078 erat
790 4014 881 4095 quasi
900 4013 1210 4082 exaellentissimum
1231 4017 1320 4082 thea-

348 4113 435 4163 trum
457 4099 565 4162 omnis
587 4097 788 4180 opulentiae:
812 4097 906 4162 Deus
929 4100 1016 4164 enim
1039 4101 1073 4164 in
1096 4122 1135 4166 ea
1156 4102 1321 4184 explieue-

347 4195 399 4248 rat
410 4182 665 4248 inaestimabiles
678 4183 850 4248 thesauros
866 4203 944 4250 suae
959 4183 1125 4265 bonitatis,
1141 4198 1178 4250 ut
1192 4206 1321 4271 raperet

348 4273 417 4352 ipso
448 4279 580 4351 aspeatu
615 4288 727 4334 omnes
760 4271 793 4332 in
818 4267 1065 4334 admirationem
1099 4271 1166 4335 sui:
1201 4272 1248 4336 ita
1279 4295 1321 4338 ox

349 4353 496 4438 oppositu
519 4355 581 4419 fuit
602 4353 738 4418 materia
766 4354 911 4419 horroris
942 4365 974 4420 at
1003 4354 1184 4434 sibilorum,
1219 4377 1319 4439 quum

347 4439 440 4506 Deus
483 4459 555 4503 eam
598 4438 778 4503 maledixit.
849 4439 969 4505 Postea
1013 4441 1160 4522 sequitur
1201 4445 1319 4508 eoufir·

348 4526 457 4600 matio,

435 4722 484 4787 lt.
516 4721 560 4786 Iu
580 4724 665 4786 vento
686 4717 829 4784 orientali
858 4717 924 4803 (vel
944 4741 1002 4803 per
1024 4731 1159 4788 ventum
1182 4721 1320 4788 orienta-

346 4809 429 4876 lem:
465 4807 596 4892 quidam
618 4804 770 4888 legunt)
792 4803 861 4870 loeo
880 4817 917 4882 Ξ,
948 4814 981 4870 et
1009 4805 1134 4887 dieunt,
1164 4815 1319 4889 tanquam

347 4903 468 4961 ventus
490 4891 673 4959 orientalis:
707 4889 763 4956 sad
792 4887 877 4972 quod
905 4889 946 4954 ad
976 4899 1119 4956 mentem
1142 4893 1320 4977 prophetae

347 4989 488 5063 speetat,
521 4977 613 5043 nulla
650 4985 700 5042 εει
734 4973 947 5058 ambiguitas:
982 4995 1041 5057 per
1073 4983 1208 5042 ventum
1243 4997 1321 5060 ergo

347 5063 553 5147 orientalem)
576 5063 754 5146 dispeream
776 5079 826 5126 eos
847 5079 950 5126 aarum
966 5060 1050 5142 faeie
1067 5062 1205 5130 inimici:
1227 5063 1321 5128 aerei-

347 5171 428 5234 aem,
456 5155 566 5216 atauo
585 5149 699 5232 faeiem
720 5145 878 5212 erundum
901 5146 982 5228 ipsis
1012 5145 1136 5230 (ridere
1163 5148 1250 5232 ipsos
1274 5149 1319 5212 t'a·

347 5236 445 5322 eiam)
467 5237 501 5302 ia
523 5236 574 5300 dia
604 5232 794 5302 calamitatis
821 5231 963 5314 ipsorum
996 5231 1062 5314 (vel
1088 5231 1254 5310 interitus,
1285 5241 1321 5296 ut

346 5323 402 5392 alii
425 5320 581 5406 vertunt).

1374 3445 1570 3524 eonsolatio,
1610 3446 1688 3512 dum
1728 3447 1835 3512 adhue
1874 3444 2030 3530 dignatur
2063 3445 2155 3514 Deus
2188 3443 2349 3527 respioera

1374 3535 1503 3595 nostras
1532 3532 1690 3598 miserias.
1740 3531 1805 3599 Sed
1835 3531 1943 3597 aufert
1969 3531 2056 3598 hana
2085 3551 2176 3614 spem
2206 3527 2348 3610 ludaeis,

1374 3616 1451 3696 quia
1473 3615 1602 3683 alaeue
1623 3619 1691 3684 iilis
1711 3623 1827 3703 mpura
1849 3619 1885 3684 iu
1906 3619 1957 3683 die
1977 3617 2086 3684 eladis.
2119 3614 2261 3699 Reliqua
2283 3633 2349 3678 non

1374 3721 1554 3784 prosequar
1575 3724 1675 3770 nune.

1461 3873 1511 3938 18.
1535 3871 1579 3938 Et
1600 3873 1755 3955 damet,
1782 3874 1896 3954 Venite,
1919 3875 2128 4024 ataugitamue
2143 3877 2250 3938 matra
2265 3868 2349 3934 Iere-

1372 3957 1471 4023 miam
1492 3959 1703 4043 capitatiaaee,
1734 3961 1810 4042 qaia
1838 3979 1899 4026 aaa
1922 3960 2040 4041 pariit
2067 3960 2118 4026 lea
2142 3980 2163 4024 a
2184 3955 2348 4052 eaoerdqle,

1372 4048 1400 4106 at
1420 4044 1585 4110 sarmium
1606 4065 1628 4110 a
1648 4046 1802 4127 sapione,
1829 4050 1856 4110 et
1884 4065 1983 4112 samo
2004 4065 2027 4112 a
2042 4045 2211 4129 praem:
2240 4045 2346 4116 uenata

1372 4133 1400 4194 et
1425 4132 1644 4210 pernatamus
1676 4151 1747 4196 eum
1778 4131 1906 4216 litaque,
1947 4151 2043 4213 aeque
2074 4130 2274 4197 aluredumue
2305 4125 2348 4190 ad

1372 4221 1494 4282 eunome
1514 4236 1672 4282 :ermom
1693 4217 1770 4282 aas.

1457 4385 1522 4453 Hie
1545 4387 1661 4452 reoitat
1682 4385 1839 4453 ieremias
1866 4397 2007 4471 quantus
2029 4386 2119 4451 furor
2140 4380 2347 4465 oeouparerit

1372 4489 1485 4535 eorum
1508 4481 1643 4550 mentes,
1667 4472 1784 4555 quibus
1803 4471 2054 4538 denuntiaverat
2069 4470 2134 4537 Dei
2154 4469 2345 4536 vindiotam.

1371 4554 1453 4618 Erat
1474 4565 1562 4622 uerte
1584 4558 1665 4622 illud
1687 4557 1843 4624 horribile
1865 4557 1995 4634 auditu,
2027 4577 2126 4640 quum
2158 4562 2269 4622 essent
2290 4551 2345 4618 ds·

1371 4641 1505 4721 sperati,
1530 4641 1613 4707 nihil
1636 4651 1747 4708 tamen
1771 4643 1968 4726 sperandum
1990 4663 2062 4709 essa
2084 4641 2199 4707 auxilii
2221 4661 2241 4704 a
2263 4637 2343 4704 Deo.

1370 4724 1443 4790 Heu
1470 4727 1557 4791 enim
1581 4726 1709 4792 valebat
1738 4729 1883 4811 loquutio
1916 4748 2012 4810 quam
2037 4726 2194 4804 vidimus,
2228 4725 2270 4790 In
2293 4723 2344 4788 dio

1370 4809 1564 4876 calamitatis
1591 4831 1703 4876 eorum
1733 4812 1902 4879 ostendam
1929 4814 1996 4879 illis
2026 4813 2186 4879 eervioem
2216 4821 2250 4878 et
2279 4831 2344 4874 non

1371 4892 1504 4976 faeiem,
1537 4896 1605 4974 val,
1638 4918 1657 4960 a
1686 4909 1777 4982 tergo
1806 4919 1857 4964 me
1880 4899 2040 4966 videbunt
2069 4908 2102 4964 et
2124 4919 2189 4963 non
2211 4917 2230 4961 a
2253 4895 2342 4960 fuoie.

1371 4976 1483 5059 Quum
1505 4981 1607 5064 igitur
1631 4982 1720 5047 nulla
1742 5004 1816 5066 spes
1845 4985 1961 5052 veniae
1992 4984 2058 5050 illis
2089 4992 2177 5050 esset
2205 4981 2344 5059 residua,

1371 5085 1477 5130 nonne
1500 5065 1563 5131 luit
1586 5066 1638 5133 hie
1661 5068 1863 5153 prodigiosus
1885 5078 2015 5152 stupor,
2048 5089 2114 5134 non
2138 5068 2263 5134 moveri
2287 5087 2343 5131 ne·

1371 5169 1431 5232 que
1454 5150 1637 5230 humiliari,
1668 5174 1767 5237 quum
1791 5154 1941 5220 viderent
1963 5154 2072 5220 Deum
2096 5154 2158 5219 sibi
2181 5175 2254 5220 esse
2276 5163 2343 5218 tam

1369 5232 1545 5300 infestum?
1576 5235 1731 5304 Ostendit
1765 5249 1874 5306 autam
1912 5241 2088 5324 propheta,
2123 5260 2238 5306 seaure
2267 5257 2343 5304 eon·

1370 5326 1526 5402 temptam
1549 5322 1648 5388 luisse
1669 5324 1757 5389 illam
1787 5325 2085 5393 denuntiationem:
2117 5325 2183 5390 imo
2212 5334 2344 5391 tantum
