5038 6118
339 345 386 421 '35
1153 355 1540 425 Pltnnnuoulouns
2246 427 2250 432 ,
2304 353 2348 418 36

433 546 483 610 10.
516 543 618 626 Super
638 549 754 610 mous
781 546 888 612 tollam
917 544 982 630 (vel
1012 545 1189 625 assumam)
1213 545 1321 624 fluum
1373 548 1536 625 amoenis,
1572 547 1625 613 vel
1661 567 1722 630 pro
1759 547 1902 628 pascuis:
1941 547 1995 611 alii
2033 553 2165 610 vertunt
2203 544 2346 626 tuguria.

344 631 649 710 otiamsatationem,
673 636 702 696 et
726 650 822 714 saper
842 651 964 713 poento
988 629 1052 715 (vel
1075 630 1146 697 loca
1168 649 1320 697 amoena:
1372 631 1498 697 Eadem
1527 654 1606 701 voce
1636 634 1740 697 utitur
1770 631 1878 698 David
1906 631 2037 698 Psalmo
2068 631 2226 713 vigesimo
2253 627 2348 692 tertio

345 717 399 781 alii
423 725 557 782 vertunt
580 716 725 802 tuguria)
751 717 865 782 deeuti
887 717 1065 798 puerum:
1094 718 1171 798 quio
1197 723 1322 783 cadula
1374 717 1419 803 (v.
1442 718 1476 804 2)
1508 719 1566 786 ubi
1599 721 1721 803 gratias
1754 717 1823 801 agit
1856 716 1938 798 Deo,
1970 719 2026 801 qui
2063 716 2216 799 dignatus
2249 713 2350 776 luerit

345 807 418 868 sant
435 802 503 888 (alii
520 812 663 880 vertunt,
684 801 830 884 incensa)
846 804 893 868 ita
907 808 943 868 ot
956 822 1017 868 non
1031 802 1074 866 sit
1088 803 1139 866 cir
1152 803 1321 882 υαυειινιε,
1372 807 1464 888 l'ungi
1487 805 1596 869 officio
1617 806 1767 888 pastoris.
1813 802 1979 882 Habitare,
2003 803 2117 884 inquit,
2139 820 2192 865 me
2214 800 2291 864 facit
2310 798 2349 861 in

345 893 455 953 υυου
476 889 611 954 audiunt
632 907 732 954 vocem
748 889 920 970 prusciam:
941 887 981 954 ob
998 907 1054 952 ave
1073 888 1225 953 melomm
1246 888 1322 974 (hoo
1374 888 1452 955 locis
1475 891 1628 956 amoenis.
1674 887 1739 955 Sed
1764 910 1828 953 non
1852 888 1983 955 dubium
2005 898 2062 965 est,
2085 887 2166 970 quin
2188 883 2350 968 propheta

345 984 403 1051 est,
424 974 464 1038 ab
482 973 611 1059 avibus)
633 993 732 1057 usque
751 975 793 1040 ud
811 973 939 1039 bestiam
959 975 1147 1058 miprurtml,
1170 974 1321 1039 abierant.
1374 974 1427 1041 hio
1449 994 1570 1057 pascua
1593 975 1751 1058 designet.
1786 974 1881 1056 Quod
1905 983 2013 1039 autem
2031 981 2130 1042 vocat
2149 969 2278 1037 Pascua
2298 968 2351 1033 de-

1374 1061 1460 1143 serti,
1489 1060 1610 1126 scimus
1639 1060 1700 1126 hoc
1729 1080 1848 1125 nomen
1876 1073 1965 1128 'tntu
1993 1081 2059 1125 non
2088 1058 2191 1141 sccipi
2219 1063 2349 1121 tantum

430 1144 592 1210 Hortatus
615 1143 721 1209 luerat
744 1145 903 1228 propheta
932 1143 1013 1210 alios
1044 1144 1084 1208 ad
1114 1145 1321 1210 lamentatio·
1374 1166 1435 1230 pro
1457 1147 1536 1212 locis
1558 1148 1660 1212 vastis
1682 1157 1715 1210 et
1737 1145 1912 1224 sterilibus,
1935 1145 1992 1210 sed
2015 1165 2073 1228 pro
2095 1143 2174 1209 locis
2197 1144 2349 1206 montuo-

345 1251 421 1296 nem
445 1240 479 1295 et
500 1230 737 1313 querimonias:
760 1252 849 1296 nuno
871 1228 981 1313 prodit
1002 1231 1036 1294 iu
1055 1229 1210 1310 medium,
1234 1253 1271 1296 ac
1293 1232 1321 1295 si
1374 1233 1429 1296 sis.
1475 1232 1634 1314 Quamvis
1656 1252 1733 1316 ergo
1755 1231 1864 1313 opima
1883 1241 1993 1298 essent
2021 1249 2142 1313 pascua
2163 1229 2199 1292 in
2229 1226 2349 1291 monti·

345 1315 456 1381 nullae
478 1315 618 1382 fuissent
639 1336 735 1381 aures
758 1336 841 1399 quae
860 1318 1048 1398 exciperent
1066 1315 1156 1380 illem
1177 1315 1321 1381 admoui·
1374 1317 1450 1382 bue:
1485 1323 1596 1382 tamen
1624 1317 1744 1382 deserti
1774 1317 1908 1382 nomine
1936 1317 2042 1382 solent
2074 1310 2350 1396 comprehendere

344 1403 468 1467 tionem
512 1401 623 1482 Quum
646 1421 724 1485 ergo
745 1402 869 1466 luctum
898 1402 931 1466 in
955 1422 990 1466 se
1013 1408 1045 1464 et
1071 1401 1322 1467 lamentationes
1374 1402 1489 1467 Iudaei
1512 1403 1583 1469 loca
1603 1403 1673 1468 illa:
1702 1411 1736 1468 et
1757 1403 1830 1466 ideo
1852 1403 1944 1467 nulla
1966 1414 2016 1468 est
2037 1400 2231 1475 absurditas,
2263 1395 2349 1479 quod

345 1487 491 1570 suscipit,
514 1508 579 1553 non
602 1486 738 1552 dubium
755 1497 804 1552 est
818 1487 896 1568 quin
912 1498 1079 1570 stuporem
1095 1486 1204 1569 populi
1221 1489 1322 1552 totius
1376 1502 1470 1553 vocat
1493 1487 1561 1554 loca
1579 1509 1725 1571 amoene,
1746 1488 1797 1553 vel
1820 1508 1942 1570 pascua
1960 1488 2088 1552 deserti.
2122 1484 2188 1551 Sed
2206 1482 2351 1578 tenenda

344 1572 474 1657 oblique
496 1584 660 1658 coarguat.
706 1572 848 1637 Videbat
878 1571 995 1655 spiritu
1025 1572 1214 1656 prophetico
1236 1573 1321 1655 quod
1375 1584 1425 1638 est
1447 1574 1503 1638 illa
1525 1573 1706 1653 antithesis,
1730 1573 1770 1638 de
1792 1593 1857 1656 qua
1878 1573 2042 1638 admonui.
2080 1572 2164 1636 Vult
2185 1570 2273 1635 enim
2297 1566 2350 1630 hro

345 1658 462 1741 reliqui
485 1679 596 1725 omnes
618 1657 808 1722 incredibile
840 1657 1008 1740 putabant,
1036 1667 1068 1722 et
1097 1657 1168 1723 ideo
1198 1659 1321 1723 fabulo·
1375 1659 1598 1744 perstringere
1620 1660 1756 1725 stultam
1778 1657 2006 1724 confidentiam
2029 1656 2149 1740 populi,
2178 1656 2235 1738 qui
2257 1665 2351 1738 puta-

344 1765 428 1811 sum.
488 1745 575 1810 Nam
613 1745 763 1826 quamvis
802 1743 954 1808 attritum
987 1753 1073 1807 esset
1106 1763 1143 1809 eo
1177 1757 1322 1827 temporo
1376 1745 1433 1810 bat
1455 1767 1489 1810 se
1512 1746 1546 1810 in
1569 1754 1640 1811 tuto
1658 1745 1815 1820 habitare,
1839 1764 1938 1826 quum
1957 1757 2066 1808 tamen
2081 1742 2250 1827 expositus
2264 1749 2352 1803 esset

344 1851 486 1914 regnum
510 1828 670 1907 Iehudah,
693 1849 831 1912 reguum
856 1850 934 1894 vero
956 1828 1058 1894 Israel
1081 1848 1215 1911 prorsus
1238 1842 1323 1894 esset
1376 1831 1531 1910 hostibus,
1553 1849 1614 1896 nec
1636 1840 1744 1913 posset
1766 1830 1834 1894 ullo
1852 1829 2018 1895 obstaculo
2034 1829 2086 1894 vel
2106 1826 2273 1911 repellere,
2297 1823 2352 1888 vel

344 1917 540 1998 collapsum:
570 1912 679 1979 adhuc
702 1927 812 1980 tamen
835 1915 967 1979 stabant
996 1914 1102 1980 securi
1124 1916 1180 1996 qui
1203 1914 1322 1980 debue-
1375 1915 1505 1980 tardare
1527 1917 1571 1981 im
1597 1926 1671 1980 etus
1700 1914 1841 1980 illorum.
1887 1914 1984 1994 Dicit,
2016 1916 2098 1996 Quia
2118 1917 2246 1978 vestuto
2267 1913 2350 1976 ευιιι.

345 2013 421 2067 rent
444 2007 635 2083 exspectare
664 2001 698 2064 in
730 1999 878 2084 singulos
909 1999 987 2076 dies,
1017 2001 1082 2065 imo
1111 1999 1146 2065 in
1177 2001 1323 2084 singulas
1375 2002 1457 2066 Dixi
1478 2001 1543 2066 iam
1567 1938 1606 2066 Xe
1629 2001 1690 2067 hoc
1712 2001 1820 2079 verbo,
1844 2022 1921 2066 nam
1938 2006 2047 2084 potest
2065 1999 2168 2081 accipi
2190 2016 2250 2080 pro
2273 1996 2352 2060 locis

345 2087 443 2152 horas
472 2085 535 2150 Dei
569 2084 758 2151 vindictam.
803 2085 915 2166 Quum
948 2104 1026 2168 ergo
1058 2085 1136 2150 talis
1169 2095 1256 2151 esset
1288 2087 1321 2150 in
1376 2088 1531 2152 incensis:
1554 2086 1612 2152 sed
1634 2107 1701 2152 non
1723 2086 1906 2168 quadraret.
1953 2086 2042 2151 Dicit
2064 2087 2167 2169 igitur
2197 2082 2265 2148 brea
2295 2080 2353 2145 cilo

344 2170 465 2255 populo
488 2181 610 2253 stupor,
634 2171 794 2254 propheta
815 2171 870 2235 hio
888 2170 928 2235 ad
946 2170 1071 2235 luctum
1090 2183 1123 2235 et
1141 2191 1322 2236 moerorem
1374 2177 1498 2238 vastato
1526 2191 1600 2250 esee,
1627 2177 1662 2236 ut
1690 2191 1751 2237 νιου
1780 2173 1822 2236 sit
1848 2174 1903 2253 qai
1929 2175 2132 2256 pertranseat.
2179 2166 2353 2252 Significat

344 2279 381 2324 se
404 2257 555 2340 accingit,
593 2256 716 2322 Talium
749 2276 826 2339 ergo
861 2257 984 2334 iudum,
1017 2261 1045 2322 et
1076 2256 1323 2322 lamentationem
1377 2279 1441 2322 non
1464 2257 1560 2322 modo
1582 2267 1708 2322 montes
1730 2257 1804 2321 illos
1825 2277 1947 2322 vacuos
1973 2258 2041 2321 lore
2070 2255 2194 2332 incolis,
2225 2253 2282 2318 aed
2306 2251 2353 2314 ita

344 2363 439 2493 suqqr
467 2347 593 2492 mqrutes,
624 2341 741 2442 iuquit.
768 2341 932 2491 dPossent
962 2340 1044 2406 haec
1068 2343 1167 2408 verba
1194 2343 1322 2490 equni,
1376 2342 1529 2423 desertos,
1546 2363 1583 2408 ao
1598 2342 1772 2442 solitarios,
1788 2353 1826 2406 ut
1842 2363 1937 2408 nemo
1952 2342 2027 2407 illac
2042 2350 2196 2440 transeat.
2231 2336 2353 2487 Nullllus

344 2430 766 2596 ittottltnttt‘
780 2439 1323 2578 „ttt‘tttqlttttoetlt
1376 2448 1454 2579 tt
1467 2429 1602 2592 ltttff
1630 2427 2022 2579 lttttt‘nltt
2048 2431 2353 2595 iiliiitnloii

343 2598 439 2682 paulo
463 2605 538 2680 post
558 2600 719 2680 sequitur,
749 2596 795 2663 Et
817 2599 979 2681 planctum
1005 2616 1101 2678 super
1122 2617 1246 2679 pascua
1273 2599 1323 2664 de·
1378 2598 1509 2663 Nullam
1530 2618 1630 2664 ocsus
1645 2618 1793 2680 pecorum
1813 2599 1940 2676 audii,
1969 2599 2061 2681 quasi
2090 2596 2215 2662 diceret
2241 2595 2354 2660 hostes

344 2685 431 2751 serti.
472 2682 509 2750 Si
533 2705 600 2749 non
621 2683 735 2749 luisset
751 2682 899 2748 additum
922 2682 1003 2747 illud
1025 2682 1220 2761 membrum,
1241 2683 1322 2748 tole·
1375 2683 1572 2750 abducturos
1593 2703 1665 2749 ease
1687 2684 1721 2747 in
1743 2683 1897 2765 praedam
1915 2682 2072 2766 quidquid
2094 2683 2162 2750 illie
2184 2688 2353 2764 repertum

344 2770 458 2836 rabilis
482 2780 569 2834 esset
591 2789 707 2835 seusus
729 2768 795 2846 ille,
826 2789 943 2852 nempe
966 2768 1088 2834 luctum
1111 2769 1159 2832 ita
1181 2769 1249 2833 lore
1272 2789 1322 2833 so-
1375 2770 1485 2834 fuerit.
1530 2768 1614 2833 Nam
1646 2768 1781 2833 divitiae
1808 2769 1969 2834 montium
1998 2777 2075 2834 sunt
2103 2770 2139 2833 in
2169 2766 2353 2851 pecoribus.

344 2875 470 2932 uorum,
505 2865 543 2919 ut
564 2862 752 2937 penetrsret
781 2875 883 2937 usque
914 2853 954 2918 ad
983 2865 1111 2918 montes
1139 2856 1238 2935 ipsos,
1269 2853 1324 2920 vel
1376 2855 1489 2937 Neque
1519 2854 1607 2918 euim
1635 2853 1703 2919 illio
1732 2855 1859 2933 seritur,
1889 2874 1994 2938 neque
2023 2855 2173 2918 metitur:
2204 2852 2261 2917 sed
2293 2849 2354 2915 ho-

343 2940 576 3009 conscenderet
598 2960 702 3023 usque
720 2940 761 3005 ad
780 2940 934 3005 sublimes
956 2937 1030 3004 illas
1047 2950 1169 3022 partes.
1210 2937 1324 3006 ante-
1376 2939 1481 3004 mines
1511 2940 1661 3003 moumni
1690 2959 1733 3002 ex
1768 2959 1875 3020 carne,
1906 2960 1948 3004 ex
1977 2941 2073 3018 corio,
2107 2961 2150 3004 ex
2183 2938 2277 3014 lacte,
2313 2957 2354 3000 ex

341 3047 428 3106 rum,
452 3027 527 3108 quia
550 3026 632 3090 hoec
649 3027 714 3090 duo
731 3027 830 3091 simul
848 3024 1014 3090 connectit
1030 3024 1197 3105 Ieremias,
1221 3023 1324 3107 Super
1376 3045 1478 3100 caseo,
1502 3025 1681 3090 conficiunt
1702 3023 1764 3089 sibi
1786 3025 1909 3090 victum
1939 3032 1972 3089 et
2000 3024 2157 3107 quidquid
2191 3043 2274 3105 opus
2306 3033 2355 3085 est

342 3117 461 3178 montes
489 3117 518 3176 et
546 3131 642 3193 ευριν
665 3129 789 3191 pascere
816 3110 944 3188 deserti,
982 3129 1098 3174 seusus
1134 3109 1192 3175 ille
1219 3111 1324 3174 multo
1376 3111 1543 3175 advitam
1565 3107 1777 3175 tolerandam.
1815 3108 1878 3175 Ubi
1902 3129 1980 3192 ergo
2001 3110 2162 3193 propheta
2177 3107 2355 3173 denuntiat

344 3195 449 3281 optior
472 3203 532 3280 est,
561 3215 678 3277 nempe
701 3195 835 3260 stultam
858 3214 929 3259 esse
951 3191 1181 3258 confidentiam
1205 3195 1323 3277 populi,
1377 3195 1501 3260 nullam
1525 3196 1593 3260 lore
1615 3214 1729 3260 vocem
1758 3215 1922 3278 pecorum,
1951 3194 2146 3260 tantundem
2169 3194 2232 3259 hoo
2254 3191 2354 3269 valet,

343 3283 399 3367 qui
421 3290 517 3365 putat
539 3303 574 3347 se
596 3280 744 3346 habitare
762 3291 857 3346 extra
875 3278 1065 3363 periculum,
1089 3298 1192 3359 quum
1214 3289 1325 3344 tamen
1377 3299 1415 3344 ac
1436 3282 1464 3344 si
1486 3279 1608 3344 diceret
1629 3292 1755 3344 montes
1776 3279 1850 3344 illos
1872 3300 2004 3362 prorsus
2026 3282 2093 3345 lore
2111 3299 2249 3346 vacuos:
2274 3296 2355 3361 quo-

347 3369 447 3434 sitin
471 3368 615 3450 planitie.
660 3365 746 3430 Nam
769 3365 889 3439 hostes,
919 3365 1036 3446 inquit,
1061 3363 1142 3428 nihil
1164 3363 1325 3430 intactum
1377 3365 1466 3428 niam
1487 3363 1610 3430 scilicet
1639 3364 1751 3429 hostes
1779 3365 1940 3430 abducent
1969 3364 2127 3448 quidquid
2156 3365 2225 3430 illic
2256 3363 2355 3429 luerit

349 3453 553 3537 relinquent:
583 3451 777 3534 pervenient
798 3470 901 3532 usque
924 3447 965 3513 ad
995 3460 1132 3529 montes,
1161 3458 1195 3513 et
1223 3469 1326 3531 usque
1378 3469 1543 3532 pecorum.
1587 3448 1660 3514 Iam
1682 3450 1840 3533 adiungit,
1866 3449 1919 3516 At
1939 3470 1995 3515 oce
2015 3452 2171 3517 coemam
2191 3469 2291 3532 ueqrae
2315 3447 2356 3513 od

350 3539 391 3606 ad
413 3558 534 3622 pascua
555 3536 685 3604 deserti.
730 3535 820 3601 Hinc
849 3535 1006 3617 sequitur,
1035 3533 1153 3598 stultos
1179 3554 1248 3599 osse
1271 3533 1327 3616 qui
1377 3538 1518 3599 ιιννεείνν
1539 3533 1662 3598 suinai
1681 3533 1857 3616 mprobus!
1878 3539 1906 3599 et
1928 3535 2090 3603 discedent.
2134 3536 2201 3601 Hic
2224 3535 2357 3602 videtur

350 3626 412 3691 sibi
439 3625 638 3706 promittuut
666 3620 878 3703 tranquillum
905 3627 1028 3685 statum
1049 3619 1086 3683 in
1109 3616 1188 3684 locis
1210 3619 1326 3701 planis,
1379 3639 1495 3683 rursus
1516 3617 1644 3700 oblique
1666 3620 1884 3702 perstringere
1905 3637 2069 3703 stuporem
2100 3621 2228 3705 populi:
2260 3619 2355 3702 quasi

350 3724 383 3776 et
406 3730 470 3793 quo
491 3708 586 3774 facile
608 3706 711 3772 hostis
732 3706 912 3788 perveniet
956 3703 1055 3770 Nunc
1078 3723 1156 3787 ergo
1178 3713 1327 3768 tenemus
1380 3703 1501 3768 diceret
1517 3723 1595 3767 aves
1610 3723 1764 3768 sensuras
1780 3725 1850 3770 esse
1866 3705 1929 3770 Dei
1942 3706 2107 3785 iudicium,
2123 3726 2227 3789 quum
2244 3718 2355 3770 tamen

350 3796 530 3880 prophetae
563 3812 713 3860 sensum:
753 3791 887 3875 opponit
920 3789 974 3853 hio
1006 3809 1103 3853 suum
1136 3799 1260 3852 metum
1294 3792 1328 3853 et
1379 3788 1527 3852 homines
1550 3807 1682 3870 prorsus
1697 3791 1822 3854 iaceant
1836 3790 1999 3857 socordes:
2022 3793 2164 3856 eundem
2187 3792 2258 3857 iore
2281 3811 2354 3857 seu-

350 3880 609 3958 sollicitudinem,
632 3879 732 3943 totius
755 3874 865 3959 populi
888 3874 1032 3957 stupori:
1057 3873 1187 3951 Lemo,
1209 3875 1326 3955 inquit,
1378 3894 1452 3938 sum
1474 3873 1510 3936 in
1539 3872 1642 3937 brutis
1671 3873 1881 3939 animalibus:
1910 3876 2000 3958 quasi
2027 3877 2150 3942 diceret
2178 3876 2255 3960 plus
2285 3877 2355 3942 lore

347 3969 455 4049 fletum
476 3971 504 4031 et
525 3965 775 4030 lamerttotionem
795 3980 891 4042 super
911 3963 1044 4023 montes:
1065 3959 1121 4022 alii
1143 3967 1254 4024 autem
1277 3979 1326 4023 se·
1378 3958 1614 4041 intelligentiae
1636 3958 1670 4021 in
1694 3959 1810 4024 avibus
1837 3970 1870 4023 et
1896 3958 2000 4026 brutis
2027 3962 2225 4027 animalibus
2253 3981 2354 4044 quam

350 4054 422 4120 curi
442 4050 591 4116 iacebant
620 4049 654 4113 iu
684 4048 753 4114 suis
784 4046 914 4111 delitiis.
959 4043 1113 4109 Ostendit
1141 4064 1218 4128 ergo
1248 4043 1326 4106 dum
1378 4043 1413 4106 in
1435 4045 1514 4125 ipsis
1536 4043 1675 4121 Iudaeis,
1698 4045 1753 4125 qui
1776 4054 1884 4108 tamen
1908 4065 1971 4109 uon
2001 4047 2096 4111 modo
2123 4048 2228 4112 creati
2256 4056 2355 4112 ersut

349 4139 399 4204 illi
419 4138 614 4211 caecutiunt,
639 4132 699 4200 sibi
722 4140 852 4216 apertos
875 4149 945 4194 esse
967 4128 1088 4226 oqulos,
1115 4131 1230 4228 quibus
1253 4148 1327 4212 pro·
1379 4126 1505 4225 adDei
1528 4127 1715 4208 imaginem,
1743 4129 1801 4228 sed
1829 4128 1959 4194 fuerant
1979 4131 2156 4197 illuminati
2179 4134 2215 4196 in
2237 4133 2355 4197 salutis

351 4214 1328 4386 entus::utu:teucsuuru2r0tr21
1379 4212 2354 4380 tt?”tultltttttttt⁰⁰t0lttlttf²ttt

351 4395 437 4461 Nam
452 4393 509 4458 ubi
525 4400 676 4457 vastatur
691 4389 801 4471 aliqua
816 4388 916 4468 regio,
939 4385 1060 4451 scimus
1082 4392 1193 4448 umen
1216 4383 1328 4464 quaeri
1381 4401 1492 4446 eorum
1517 4389 1692 4462 stuporem,
1723 4383 1775 4464 qui
1799 4391 1956 4466 torpeant,
1987 4388 2078 4469 quasi
2107 4408 2207 4454 sensu
2239 4399 2274 4454 et
2304 4391 2353 4453 in·

352 4498 515 4548 recessum
539 4479 573 4542 iu
597 4474 777 4540 montibus:
802 4471 878 4554 quia
900 4471 1010 4535 hostes
1028 4468 1089 4533 sibi
1112 4477 1266 4532 metuunt
1288 4468 1328 4532 ab
1381 4466 1562 4549 telligsntia
1584 4467 1719 4547 privati:
1744 4487 1843 4549 quum
1864 4479 1972 4536 tamen
1990 4490 2066 4537 aves
2084 4485 2267 4557 agnoscant
2289 4473 2354 4538 Dei

354 4565 491 4643 insidiis,
513 4574 547 4629 et
569 4583 633 4627 non
656 4559 736 4625 adeo
759 4556 861 4622 facilis
881 4573 1029 4620 accessus
1051 4561 1150 4636 patet,
1173 4551 1228 4616 ubi
1250 4560 1329 4615 sunt
1381 4550 1568 4626 vindictam,
1598 4570 1697 4631 quum
1721 4550 1815 4614 bruta
1837 4554 1990 4620 animalia
2012 4563 2209 4623 terreantur.
2256 4560 2355 4626 Nunc

353 4661 514 4803 qugustaet
544 4649 651 4746 viae..
678 4645 769 4795 Dicit
801 4661 879 4738 ergo
911 4639 1071 4788 propiqletsa
1103 4647 1329 4786 ffiaehoi‘t'ss
1380 4636 1530 4700 videmus
1553 4635 1730 4718 prophetoe
1751 4656 1888 4704 sensum.
1934 4639 2098 4723 Sequitur,

477 4755 552 4800 xra
606 4750 765 4796 enouum
838 4746 894 4790 ura
927 4745 962 4788 ιιι
1032 4745 1042 4787 ι
1093 4745 1111 4788 e

353 4757 563 4906 pizacitae
585 4754 711 4882 pIdem
744 4747 937 4897 pinuquntiat
969 4808 1007 4873 de
1040 4807 1174 4888 parutis
1206 4805 1328 4870 dormi
1467 4803 1517 4867 11.
1548 4801 1592 4866 Et
1616 4822 1732 4884 ponam
1761 4806 1934 4872 Ierusalem
1961 4810 1996 4873 ι’νι
2024 4831 2156 4888 curvos,
2187 4817 2224 4880 in
2251 4817 2354 4881 locum

353 4909 443 4975 Hinc
465 4905 631 4991 colligitur
654 4921 752 4985 quam
774 4896 890 4965 stolide
918 4895 962 4959 sit
990 4892 1187 4958 confidentia
1215 4910 1328 4953 eorum
1379 4889 1568 4954 draccum:
1589 4887 1723 4953 eturbeo
1740 4889 1882 4957 Ieiudab
1898 4913 2017 4973 porram
2033 4901 2218 4985 caniciem,
2236 4907 2273 4966 ut
2289 4921 2354 4967 non

354 4995 407 5078 qui
431 4993 621 5058 existiment
642 5009 677 5054 se
699 4986 768 5051 lore
797 4977 999 5064 tranquillos,
1031 4996 1130 5059 quum
1153 4987 1270 5072 tamen¹
1293 4976 1328 5037 in
1379 4974 1422 5038 sit
1442 4971 1604 5037 habitator.

353 5080 488 5163 planitie
510 5076 667 5154 habitent,
690 5092 773 5155 quae
794 5067 908 5152 pervia
930 5075 988 5130 est.
1023 5059 1194 5158 Quantum
1213 5066 1330 5123 attrnet

354 5165 395 5232 ad
418 5174 642 5240 nomentum,
665 5171 722 5240 rm,
745 5143 1328 5236 exquoverbodeduorturhocuo·
1465 5141 1536 5240 Iam
1554 5224 1561 5239 ·
1577 5139 1741 5208 descendit
1778 5145 1934 5226 propheta
1972 5151 2012 5213 ad
2045 5149 2286 5241 lerosolymam
2322 5163 2354 5223 et

354 5271 440 5330 meu,
462 5247 625 5333 siguificat
642 5245 798 5310 habitare.
832 5237 911 5304 Ideo
933 5245 1006 5303 utut
1029 5231 1146 5312 accipit
1167 5249 1226 5312 pro
1248 5229 1328 5292 locis
1380 5226 1476 5292 urbes
1499 5244 1632 5291 vroruas.
1677 5227 1774 5292 Prius
1796 5226 1878 5294 dixit
1904 5232 2024 5299 cladem
2050 5248 2224 5307 venturam
2248 5263 2353 5328 usquc
