5038 6118
154 433 192 497 37
879 435 928 501 IN
950 434 1199 502 mauman.
1245 435 1342 502 OAP.
1365 436 1427 503 IX.
2110 435 2152 501 38

156 626 195 690 ad
212 635 341 690 montes
359 633 393 688 et
410 623 540 689 ultimos
559 643 718 690 recessus:
741 624 805 688 iam
823 624 981 708 adiungit,
1003 622 1126 689 Portum
1178 624 1240 690 hoc
1268 624 1447 692 notandum
1478 635 1537 708 est,
1566 625 1758 708 prophetam
1786 625 1940 708 conqueri
1969 621 2009 690 dc
2039 644 2151 690 eorum

156 710 328 777 [mactas
350 710 384 773 in
405 727 538 775 aceruos.
576 709 648 774 Hoc
669 709 732 775 fuit
749 710 949 790 incredibile,
971 709 1125 792 quoniam
1177 711 1350 792 paucitate,
1373 712 1433 795 qui
1453 715 1621 788 sentirent,
1644 711 1716 776 fieri
1737 732 1805 776 non
1827 731 1929 794 posse,
1958 711 2036 793 quin
2058 709 2151 776 Deus

156 797 234 862 urbs
256 793 352 860 valde
373 795 503 860 mnnita
528 806 616 860 erat:
647 792 764 861 deinde
791 794 912 862 referta
938 793 1065 871 incolis,
1093 802 1126 859 et
1180 797 1269 861 brevi
1287 807 1452 862 exsereret
1474 817 1609 864 manum
1630 815 1725 862 suam
1747 796 1787 861 ad
1811 795 1996 862 ulciscenda
2016 796 2150 878 scelera,

155 889 281 967 poterat
302 879 478 945 hincinde
499 899 663 946 accersere
691 880 868 963 praesidia:
899 880 1043 946 adhaec
1064 881 1126 946 sci·
1177 902 1259 964 quae
1281 883 1403 965 passim
1426 893 1506 950 tunc
1529 881 1718 965 regnabant.
1762 880 1830 948 Sed
1852 883 1979 948 interea
2000 882 2152 948 bortatur

157 987 229 1032 mos
250 974 330 1031 tunc
348 964 479 1031 Indaeis
501 967 599 1032 luisse
621 965 735 1032 ioedns
754 987 828 1032 cnm
850 988 950 1052 regno
968 966 1125 1050 Aegypti.
1178 987 1292 1032 omnes
1314 967 1433 1035 electos
1455 981 1488 1034 et
1515 969 1599 1035 filios
1621 966 1693 1044 Dei,
1725 976 1762 1031 ut
1788 976 1974 1050 contempta
2001 967 2151 1033 multitu·

155 1053 234 1118 F'uit
260 1051 360 1134 igitur
392 1050 473 1116 haec
502 1051 702 1118 denuntiatio
728 1053 822 1118 valde
849 1073 965 1136 aspera
986 1052 1125 1118 Indaeis.
1178 1053 1264 1126 dine,
1287 1055 1413 1119 animos
1435 1054 1649 1120 nihilominus
1672 1052 1836 1137 colligant,
1859 1065 1892 1118 et
1908 1052 2014 1135 pluris
2030 1054 2151 1120 faciant

155 1138 222 1205 Sed
252 1136 402 1221 quamvis
433 1133 540 1203 adhuc
575 1146 730 1220 putarent
757 1159 793 1205 se
821 1147 908 1204 stare
935 1137 1125 1214 incolumes,
1178 1159 1360 1204 sermonem
1384 1139 1447 1204 Dei
1469 1160 1567 1223 quam
1595 1139 1741 1203 omnium
1763 1139 2013 1206 contumaciam.
2059 1139 2151 1206 Haec

154 1223 313 1306 propheta
336 1223 445 1307 posuit
472 1222 537 1288 illis
566 1234 642 1287 aute
672 1223 782 1290 oculos
812 1224 960 1290 ultimam
987 1222 1124 1290 cladem.
1177 1224 1281 1308 igitur
1309 1223 1373 1290 duo
1406 1232 1485 1290 sunt
1516 1224 1663 1291 membra
1696 1224 1792 1290 huius
1825 1226 2016 1290 sententiae.
2065 1225 2150 1290 Nam

155 1310 335 1374 Duxerunt
355 1307 484 1392 quidem
508 1308 570 1376 hoc
596 1329 658 1392 pro
686 1309 811 1376 fabula:
841 1311 898 1376 sed
928 1308 1026 1376 nimis
1053 1328 1125 1374 sero
1177 1311 1390 1396 interrogatio
1412 1312 1582 1394 significat,
1612 1308 1721 1374 nullos
1744 1310 1812 1375 lere
1834 1330 1927 1394 posse
1948 1310 2094 1376 inveniri
2115 1312 2149 1376 in

154 1393 772 1548 ttttlttllttulistis
789 1395 1127 1548 “tittttttlll
1178 1397 1403 1550 llllllcqll
1417 1396 1997 1565 tlttttlttntrttltltl
2017 1397 2150 1548 titt

155 1567 233 1634 alibi
254 1569 373 1632 iterum
397 1563 589 1644 videbimus,
617 1577 651 1631 et
679 1566 751 1633 ideo
780 1589 869 1634 nunc
899 1569 1003 1632 levius
1031 1583 1126 1649 prae·
1180 1568 1246 1635 Sed
1280 1589 1320 1632 ex
1351 1569 1499 1651 opposito
1527 1569 1627 1633 etiam
1656 1566 1799 1633 ostendit
1828 1567 1913 1632 hanc
1941 1587 2010 1632 esse
2039 1589 2150 1635 veram

154 1665 254 1719 terso.
297 1652 390 1719 Dicit
411 1661 527 1735 postea
547 1652 616 1717 lore
634 1655 669 1718 ic
697 1653 796 1718 occa
823 1654 1007 1719 drocom:
1034 1651 1127 1734 quasi
1179 1651 1396 1738 prudentiam,
1414 1676 1457 1720 ne
1474 1653 1696 1737 despondeant
1714 1652 1838 1718 animos
1856 1654 1900 1735 pii
1919 1653 1981 1716 Dei
1999 1653 2150 1732 cultores,

155 1739 278 1806 diceret
299 1739 404 1803 locum
428 1737 521 1802 illum
544 1758 609 1802 non
640 1739 708 1804 fore
737 1739 877 1822 amplius
906 1737 1127 1804 habitabilem.
1179 1753 1212 1805 et
1233 1741 1405 1822 rapiantur
1426 1749 1500 1825 post
1526 1740 1665 1805 turbam.
1710 1736 1865 1803 Ostendit
1894 1738 1996 1822 igitur
2017 1760 2072 1804 ecs
2094 1737 2150 1804 de-

153 1826 246 1890 Idem
270 1823 461 1907 pronuntiat
482 1823 522 1888 de
551 1823 685 1889 urbibus
713 1823 871 1899 Iehndah,
901 1825 984 1906 qaod
1012 1823 1128 1889 scilicet
1178 1847 1268 1891 mum
1287 1836 1374 1892 recte
1391 1845 1516 1909 sapere,
1536 1825 1592 1907 qui
1611 1823 1819 1890 considerant
1838 1822 1903 1890 Dei
1925 1823 2043 1890 iudicia
2061 1835 2151 1890 ante-

152 1913 283 1994 fatarce
315 1911 378 1974 sict
410 1929 514 1974 omncs
545 1909 581 1975 irs
612 1911 796 1976 emesan.
850 1909 940 1976 Hinc
976 1909 1126 1974 videmus
1179 1930 1275 1995 quarn
1298 1911 1405 1994 palam
1432 1933 1470 1977 ea
1498 1911 1642 1993 proterat
1669 1919 1703 1974 et
1730 1918 1867 1975 exserat.
1925 1907 2049 1976 Similis
2081 1911 2151 1976 fere

154 2005 279 2079 quanta
300 1994 526 2078 magnitudine
555 2005 589 2060 ct
617 1996 802 2063 constantia
830 1996 930 2060 animi
958 1994 1127 2080 praeditus
1179 1999 1343 2062 sententia
1368 1998 1489 2080 legitur
1516 1995 1647 2062 Psalmo
1677 1995 1737 2061 107
1768 1995 1813 2081 (v.
1837 1995 1902 2075 43).
1947 1995 2032 2060 Nam
2062 2010 2150 2079 post·

153 2083 254 2147 fuerit
275 2079 441 2159 ieremias,
473 2080 528 2162 qui
551 2101 650 2147 ausus
672 2081 826 2148 fueritin
849 2080 957 2146 media
979 2079 1058 2146 urbe
1080 2079 1127 2144 ita
1179 2101 1277 2165 quarn
1300 2081 1367 2148 illic
1390 2082 1543 2148 disseruit
1565 2102 1623 2164 pro
1647 2081 1723 2146 heta
1744 2080 1784 2147 de
1812 2080 1941 2146 iudiciis
1965 2079 2036 2157 Dei,
2068 2101 2151 2164 quac

153 2166 349 2240 concionari,
380 2179 412 2230 et
440 2185 510 2231 sese
539 2186 703 2250 opponere
731 2177 799 2232 tam
829 2166 899 2250 regi
928 2187 1024 2250 quam
1055 2165 1126 2230 eius
1178 2170 1213 2233 in
1237 2179 1304 2232 toto
1325 2168 1462 2233 circuitu
1485 2167 1573 2234 orbis
1603 2101 1777 2250 ρξεειιιεεε
1798 2167 2013 2244 considerare,
2043 2167 2152 2232 excla-

153 2250 358 2329 consiliariis,
380 2261 414 2316 et
435 2251 496 2315 toti
518 2253 636 2335 pcpnlc
658 2253 713 2335 qui
736 2252 868 2318 volebat
897 2273 932 2318 se
961 2251 1129 2317 blanditiis
1180 2265 1258 2330 mat,
1281 2253 1363 2335 Quis
1385 2255 1521 2338 sapiens,
1545 2262 1583 2320 ut
1598 2253 1678 2319 haec
1699 2251 1883 2336 intelligat?
1907 2253 1999 2334 quasi
2021 2251 2152 2335 diceret,

153 2337 308 2404 mnlccri:
342 2347 376 2400 ct
408 2337 578 2402 assuefacti
608 2339 707 2404 etiam
737 2347 832 2403 erant
860 2337 900 2404 ad
929 2337 1026 2403 falsos
1053 2357 1127 2420 pro·
1180 2359 1274 2424 posse
1296 2339 1425 2422 quidem
1446 2340 1480 2402 in
1500 2339 1638 2423 singulis
1655 2338 1769 2404 mnndi
1788 2336 1936 2420 partibus
1953 2335 2152 2404 considerari

153 2425 280 2508 phetas.
315 2422 426 2504 Quum
445 2443 522 2506 ergo
540 2421 695 2490 Ieremias
713 2425 760 2488 ita
781 2444 879 2490 ausus
901 2433 951 2489 est
972 2432 1128 2506 tanquam
1181 2445 1279 2509 opera
1316 2424 1396 2507 Dei,
1436 2444 1518 2506 quae
1554 2437 1586 2490 et
1619 2425 1796 2490 bonitatem
1830 2424 1900 2488 eius
1932 2429 1964 2488 et
1996 2423 2153 2488 iudicium

153 2509 305 2576 coelestis
327 2529 442 2589 praeco
465 2508 658 2574 denuntiare
680 2508 745 2575 illis
773 2509 969 2580 horrendam
993 2507 1127 2583 cladem,
1180 2518 1360 2577 testentur:
1397 2511 1454 2575 sed
1487 2531 1599 2575 ornnes
1631 2510 1799 2576 caecutire.
1855 2509 2022 2590 Propheta
2052 2509 2152 2592 igitur

155 2596 235 2664 hinc
264 2593 446 2677 colligimus
475 2594 574 2658 luisse
601 2594 796 2661 instructum
819 2596 941 2660 virtute
964 2595 1037 2672 Dei,
1070 2613 1130 2659 neo
1181 2597 1239 2662 illa
1270 2596 1510 2664 exclamatione
1545 2593 1726 2661 detestatur
1758 2595 1938 2660 socordiam
1972 2593 2152 2672 bominum,

154 2681 346 2746 humanitus
379 2678 551 2761 lcquntum
582 2699 668 2746 esee:
697 2681 773 2764 quia
801 2680 865 2746 nisi
895 2679 1130 2764 praevaluisset
1182 2683 1238 2767 qui
1266 2682 1315 2747 ita
1342 2688 1552 2766 praetereunt
1581 2681 1644 2747 Dei
1673 2678 1802 2756 iudicia,
1832 2700 1916 2762 quac
1945 2690 2056 2745 tamen
2078 2700 2153 2744 ver·

154 2767 221 2832 Dei
243 2766 351 2850 gratia
371 2765 496 2831 centies
517 2764 605 2830 haud
628 2766 726 2831 dubie
753 2765 869 2832 fuisset
898 2768 1039 2843 fractus,
1072 2785 1129 2830 ne·
1182 2778 1298 2833 santur
1318 2766 1384 2849 illis
1412 2769 1452 2832 cb
1480 2767 1599 2832 oculos.
1651 2765 1708 2832 Sic
1741 2766 1840 2832 etiam
1869 2765 1929 2832 boc
1956 2765 2042 2842 loeo,
2076 2764 2155 2846 Quis

155 2874 220 2935 que
248 2871 351 2918 ansus
380 2851 495 2916 fuisset
525 2851 579 2917 vel
607 2852 779 2917 minimum
810 2854 945 2919 verbnm
974 2851 1129 2934 prolerre.
1182 2854 1350 2937 sapam.
1379 2851 1445 2920 Sed
1473 2853 1649 2919 notandum
1671 2860 1722 2918 est
1751 2850 1832 2917 illud
1861 2848 2039 2916 seeundum
2068 2849 2153 2933 quod

155 2940 249 3005 Haec
271 2937 394 3005 invicta
411 2936 567 3004 fortitudo
584 2937 735 3021 obsignat
753 2938 823 3004 eins
841 2937 1033 3014 doctrinam,
1057 2938 1133 3020 quia
1183 2940 1292 3022 attigi:
1316 2960 1433 3022 nempe
1454 2939 1592 3003 animari
1615 2957 1728 3002 omnes
1746 2937 1873 3012 electos,
1897 2935 1974 3000 dum
1995 2937 2155 3018 propheta

155 3024 235 3089 hino
256 3032 345 3089 certo
374 3021 566 3107 colligimus,
595 3025 709 3088 aDec
739 3024 915 3106 prolectam
946 3024 1046 3088 luisse
1075 3022 1131 3087 ubi
1184 3024 1277 3091 dccet
1298 3024 1382 3089 hanc
1404 3024 1534 3089 demum
1557 3042 1628 3088 csse
1650 3022 1798 3106 sapiendi
1820 3022 1976 3106 regulam,
2002 3021 2057 3086 ubi
2078 3042 2155 3087 ocu·

155 3121 225 3175 tam
258 3107 458 3174 admirabilis
495 3109 638 3175 efficacia
667 3110 803 3194 spiritus
835 3111 940 3176 sancti
969 3108 1129 3193 apparuit.
1163 3111 1232 3175 'los
1252 3111 1414 3192 aperimus
1437 3107 1479 3174 ad
1497 3108 1561 3174 Dei
1583 3107 1713 3186 indicia,
1736 3127 1818 3190 qnae
1839 3106 1962 3172 mundo
1984 3117 2062 3173 sunt
2083 3108 2155 3174 abs·

156 3195 263 3260 Addit
283 3205 406 3278 postea,
1182 3194 1330 3261 condita:
1365 3206 1398 3260 et
1419 3215 1520 3276 quum
1549 3193 1605 3260 alii
1628 3194 1801 3280 rapiuntur
1822 3203 1896 3275 post
1925 3213 2000 3258 snas
2030 3191 2155 3276 cupidi·

1183 3291 1276 3360 tates,
1305 3279 1360 3346 vel
1380 3291 1459 3346 sunt
1480 3279 1621 3346 demersi
1642 3279 1678 3344 in
1700 3299 1760 3344 suo
1783 3287 1925 3362 stupore,
1956 3279 2009 3343 ubi
2032 3299 2156 3361 expcn-

245 3365 294 3430 12.
321 3366 398 3446 Qesic
419 3365 470 3429 cir
483 3366 628 3446 madeas
648 3371 684 3432 ut
705 3367 857 3451 intelligat
874 3366 955 3433 boc?
978 3364 1032 3450 (ad
1055 3384 1129 3430 ver·
1182 3366 1290 3432 ‹limns
1317 3387 1400 3449 quae
1428 3364 1592 3431 Dominus
1621 3365 1744 3447 profert
1773 3362 1867 3428 nobis
1897 3364 1931 3428 in
1955 3363 2054 3430 verbo
2083 3384 2156 3447 sno,

157 3451 245 3530 bum,
268 3460 300 3515 et
322 3449 522 3536 intelligens)
545 3457 573 3516 et
592 3451 635 3516 cd
655 3473 745 3534 quem
773 3452 931 3535 loqautum
959 3456 1003 3517 cst
1025 3471 1059 3517 os
1082 3451 1132 3517 le·
1182 3450 1455 3537 quemadmodum
1483 3453 1549 3517 iam
1578 3451 1656 3530 dixi,
1684 3449 1843 3534 propheta
1870 3449 1963 3515 docet
1994 3449 2055 3516 hoc
2084 3469 2156 3516 esse

156 3536 268 3618 hocce,
297 3542 331 3600 at
359 3535 522 3602 ememtes
549 3557 647 3620 qacrc
668 3539 801 3621 perimi
822 3543 918 3619 erro,
945 3543 1069 3604 coemto
1089 3538 1131 3602 sit
1182 3559 1306 3624 sapere.
1354 3537 1451 3604 Unde
1480 3538 1643 3620 sequitur,
1674 3535 1820 3618 desipere
1849 3555 1962 3600 omnes
1991 3535 2155 3617 sapientes

155 3625 259 3688 instar
279 3623 400 3699 dosera
429 3627 464 3687 ut
485 3643 571 3688 acmo
592 3624 758 3690 nomem?
788 3622 869 3710 (inv
888 3609 979 3701 Ἣ),
1010 3624 1130 3705 absque
1184 3625 1281 3690 huius
1299 3623 1423 3701 mundi,
1440 3624 1495 3706 qui
1513 3641 1584 3688 sese
1602 3621 1773 3698 obdurant,
1793 3641 1833 3687 nc
1851 3632 1988 3686 cernant
2005 3622 2039 3684 in
2056 3622 2154 3687 verbo

157 3717 357 3785 transeunte,
380 3706 421 3772 ad
443 3708 603 3792 verbum.)
1182 3709 1245 3774 Dei
1264 3709 1349 3791 quod
1367 3708 1511 3774 nondum
1530 3707 1632 3772 oculis
1649 3708 1792 3788 ipsorum
1811 3719 1959 3788 apertum
1978 3717 2037 3772 est.
2076 3705 2155 3788 Quis

1181 3815 1252 3878 erpo
1274 3795 1412 3876 sopiam,
1441 3799 1470 3859 et
1496 3793 1642 3876 intelliget
1669 3793 1766 3859 boec?
1801 3791 1918 3858 Postea
1940 3789 2098 3875 adiungit,
2127 3797 2155 3858 et

243 3879 309 3946 Hic
330 3879 489 3961 propbeta
510 3881 659 3963 asperius
686 3881 856 3946 invehitur
883 3879 918 3944 in
946 3879 1129 3946 socordiam
1182 3881 1226 3946 ad
1247 3901 1337 3962 quem
1363 3881 1526 3962 loquelam
1548 3884 1593 3944 eat
1614 3899 1650 3945 oa
1672 3877 1805 3943 Iebccce
1826 3881 1860 3941 ct
1887 3879 2046 3942 caracter
2073 3877 2153 3944 hoo?

158 3966 281 4048 populi,
309 3967 463 4046 quoniam
486 3965 608 4030 scilicet
637 3986 734 4030 nemo
765 3974 838 4031 erat
864 3968 920 4048 qui
948 3963 1131 4031 attenderet
1183 3965 1401 4049 Conqueritur
1423 3965 1477 4030 bic
1499 3964 1606 4030 nullos
1624 3985 1695 4030 esse
1717 3962 1902 4046 prophetas.
1941 3961 2036 4027 Dixit
2057 3963 2154 4029 initio

158 4049 202 4114 ad
222 4049 286 4114 Dei
306 4048 432 4128 iudicia,
455 4061 488 4113 ct
502 4071 600 4133 quum
618 4051 724 4133 palam
741 4059 917 4128 exstarent,
940 4070 1037 4114 nemo
1060 4059 1130 4114 erat
1182 4072 1296 4120 vemas
1314 4050 1420 4116 nullns
1434 4071 1470 4116 sa
1494 4072 1558 4134 ere,
1581 4051 1732 4132 quoniam
1753 4067 1864 4114 omnes
1879 4069 1991 4114 secure
2008 4055 2154 4114 contem·

159 4135 217 4216 qui
239 4134 446 4218 expenderet.
491 4134 711 4220 Interrogatio
741 4137 829 4202 enim
853 4156 896 4200 ex
919 4136 1132 4201 admiratione
1183 4149 1264 4203 nant
1285 4147 1318 4201 et
1339 4138 1445 4202 minas
1503 4139 1531 4200 ei
1562 4148 1595 4201 et
1624 4134 1759 4201 iudicia:
1790 4155 1879 4200 nunc
1911 4132 2054 4200 secundo
2083 4135 2154 4201 loco

159 4221 314 4298 nascitur,
342 4221 419 4301 quia
447 4219 508 4286 hoc
536 4223 597 4287 luit
626 4223 718 4305 quasi
748 4221 904 4286 horribile
933 4229 1130 4303 portentum,
1182 4222 1281 4305 addit,
1304 4222 1411 4288 nullos
1434 4243 1504 4288 esse
1526 4223 1583 4304 qni
1611 4219 1874 4305 expergefaciant
1902 4219 2077 4285 socordem,
2096 4240 2154 4303 po·

159 4317 228 4370 tam
252 4325 372 4389 paucos
390 4325 460 4370 esse
482 4307 515 4370 in
539 4310 655 4390 populo
678 4309 732 4391 qui
753 4309 915 4373 sentirent
932 4307 1040 4373 Deum
1062 4309 1131 4374 lore
1183 4309 1307 4392 pulum,
1329 4316 1363 4373 et
1384 4307 1432 4373 ita
1452 4307 1703 4373 indormientem
1725 4305 1793 4371 suis
1820 4305 1923 4370 malis.
1970 4303 2154 4386 Caeterum,

161 4390 323 4458 vindicem
345 4392 513 4466 scelerum,
536 4412 618 4474 quae
646 4394 797 4459 omnibus
824 4401 920 4460 erant
945 4393 1131 4477 conspicua.
1183 4395 1245 4460 hec
1270 4394 1434 4459 sententia
1462 4392 1523 4458 sibi
1553 4394 1759 4457 autoritatem
1782 4391 1948 4456 vendicat:
1982 4393 2060 4472 quia
2092 4393 2155 4457 etsi

160 4477 199 4542 Si
221 4478 336 4542 luisset
356 4477 391 4541 in
414 4475 479 4542 illis
505 4487 600 4561 gutta
627 4499 726 4546 sanae
753 4479 996 4563 intelligentiae,
1025 4499 1131 4545 nonna
1182 4480 1313 4546 carebat
1334 4479 1429 4545 sociis
1452 4489 1484 4544 et
1506 4478 1716 4560 adiutoribus,
1745 4477 1908 4560 significat
1929 4489 2038 4541 tamen
2060 4497 2154 4542 snam

159 4561 305 4646 oportuit
336 4562 424 4646 ipsos
456 4571 615 4640 statuere,
656 4565 746 4633 brevi
779 4567 901 4632 instare
933 4564 1130 4630 horrendam
1183 4565 1363 4632 doctrinam
1386 4587 1452 4632 non
1474 4564 1547 4629 ideo
1569 4565 1703 4629 minoris
1726 4563 1842 4628 debere
1864 4562 1952 4628 ficri:
1983 4562 2074 4644 Esto,
2105 4563 2154 4626 in·

160 4648 297 4730 cladem,
325 4668 428 4731 quum
455 4659 503 4712 tot
526 4647 630 4714 modis
652 4672 717 4714 non
741 4652 926 4716 desinerent
955 4671 1131 4733 provocare
1183 4652 1255 4735 quit
1281 4650 1369 4736 (nam
1400 4673 1459 4734 per
1486 4650 1723 4714 concessionem
1752 4647 1907 4732 loquitur)
1936 4658 2013 4724 esto,
2044 4647 2155 4712 nullus

162 4731 292 4798 Deum?
338 4733 410 4798 lam
443 4753 543 4816 quum
577 4736 735 4817 propheta
766 4736 935 4802 clamando
968 4736 1133 4802 debuisset
1183 4747 1233 4803 est
1255 4736 1425 4820 propheta,
1447 4735 1501 4818 qni
1522 4733 1677 4817 populum
1700 4743 1830 4802 revocet
1852 4755 1872 4798 a
1893 4733 2077 4809 sceleribus,
2100 4733 2155 4814 qui

160 4839 276 4884 omnes
303 4819 442 4898 afficere,
472 4819 558 4901 qnod
588 4818 679 4885 labor
707 4822 776 4887 eius
805 4823 946 4888 caruerit
975 4822 1130 4904 profectu,
1182 4822 1332 4887 hortetur
1355 4822 1395 4887 ad
1418 4820 1660 4903 poenitentiam,
1682 4821 1736 4906 qni
1760 4827 1882 4886 terreat
1902 4820 2038 4902 impios:
2061 4817 2155 4899 quid·

161 4923 272 4969 nonne
294 4904 355 4969 hcc
380 4904 442 4968 fuit
470 4904 594 4987 duplex
623 4907 833 4988 portentum?
876 4908 1133 4990 Oonsumpserat
1183 4907 1259 4991 quid
1282 4909 1334 4988 sit,
1363 4918 1471 4970 tamen
1494 4905 1655 4971 Dominus
1684 4903 1838 4989 praefecit
1868 4925 1920 4970 me
1949 4917 1981 4968 et
2011 4901 2155 4968 docendo

161 4990 250 5054 enim
278 4988 419 5054 multum
449 4993 618 5073 temporis:
651 5013 818 5074 nunquam
848 4993 1017 5059 destiterat
1046 4995 1132 5058 voci·
1183 4993 1304 5077 populo
1326 5003 1359 5057 et
1381 4992 1551 5057 hortando.
1591 4989 1756 5056 'Videmus
1778 5011 1855 5076 ergo
1877 4987 2070 5073 prophetam
2093 4988 2155 5054 sibi

162 5073 278 5141 iurari:
306 5083 339 5139 et
366 5085 476 5141 tamen
505 5097 619 5143 omnes
649 5076 740 5144 surdi
768 5089 870 5161 erant,
899 5080 963 5144 imo
994 5077 1133 5144 ludibrio
1184 5099 1328 5144 asserere
1356 5077 1487 5160 plenam
1516 5088 1548 5142 et
1581 5077 1716 5142 solidam
1750 5078 1969 5156 autoritatem,
2002 5076 2099 5140 etiam
2128 5076 2156 5140 si

162 5169 233 5226 erat
254 5160 325 5226 eins
352 5159 507 5228 doctrina.
552 5163 640 5228 Hinc
668 5162 769 5247 igitur
796 5163 977 5229 admiratio.
1021 5163 1132 5244 Quum
1184 5165 1271 5229 solus
1292 5163 1461 5229 denuntiet
1482 5162 1660 5228 vindictam
1682 5161 1757 5228 Dei.
1801 5161 1901 5227 Multi
1927 5160 2067 5243 quidem·
2080 5175 2156 5229 tunc

163 5246 251 5328 dicit,
277 5246 356 5327 Quis
377 5247 427 5311 cir
446 5249 614 5332 mens?
645 5267 720 5313 narn
748 5249 890 5314 ostendit
911 5249 970 5314 vix
996 5252 1132 5314 centesi-
1184 5249 1347 5315 iactabant
1381 5270 1501 5315 nomen
1529 5269 1588 5331 pro
1611 5247 1769 5314 beticum:
1802 5246 1859 5313 sed
1889 5256 1982 5312 erant
2010 5247 2093 5316 meri
2123 5259 2180 5313 st.

163 5353 254 5399 urum
274 5352 435 5416 quemque
456 5355 537 5414 esse,
559 5355 655 5418 quem
671 5345 801 5401 moveat
817 5335 879 5400 Dei
901 5335 1006 5401 timor.
1043 5336 1133 5419 Ergo
1185 5337 1329 5419 perversi
1351 5335 1544 5400 adulatores.
1579 5271 1690 5415 guum
1709 5333 1869 5416 propbeta
1887 5333 2014 5400 videret
2035 5334 2159 5400 multos

1917 5435 1951 5490 3.
