5134 6124
373 437 435 504 251
1179 430 1568 499 PRAELEOTIONES
2313 427 2375 494 252

372 627 434 694 erit
456 624 554 690 etiam
577 621 788 689 excellentius
811 621 1014 687 miraculum.
1051 619 1145 701 Quod
1162 630 1270 686 autem
1291 641 1349 705 per
1402 621 1563 686 sistentia.
1626 621 1683 688 Sic
1722 643 1800 705 ergo
1843 621 1987 687 ostendit
2029 620 2157 687 facilem
2203 620 2376 688 Chaldaeis

371 713 572 780 occasionem
596 707 756 791 propheta
776 716 909 792 gustum
933 707 1074 790 aliquem
1102 705 1180 772 dare
1208 706 1350 772 voluerit
1402 706 1572 774 victoriam
1597 707 1680 787 fore,
1715 708 1878 791 quianon
1907 730 2001 776 secus
2030 706 2206 790 corripient
2228 705 2375 786 Iudaeos,

371 798 499 883 gratiae
520 795 594 873 Dei,
617 793 783 877 colligitur
805 813 845 857 ex
870 795 935 857 fine
957 813 1084 868 versus,
1108 793 1163 858 ubi
1186 792 1275 873 dicit,
1305 790 1351 858 Et
1401 813 1499 876 quam
1522 794 1627 878 pisces
1650 793 1825 859 trahuntur
1848 794 1882 859 in
1912 815 2037 860 naeres.
2081 792 2155 858 Hoc
2183 814 2284 858 unum
2317 803 2375 860 est.

369 886 492 969 facium
523 902 573 946 eos
600 881 714 946 revomi
743 879 786 945 ad
816 884 934 944 terram
966 879 1126 960 ipsorum:
1160 899 1348 962 quanquam
1400 879 1472 944 Iam
1496 879 1639 945 secundo
1660 879 1730 946 loco
1753 879 1844 957 dicit,
1875 881 1986 946 Etiam
2009 881 2036 946 si
2059 900 2130 944 sese
2151 880 2321 944 conterant
2341 880 2375 945 in

371 970 489 1054 copula
512 967 608 1032 debet
624 964 743 1032 resolvi
759 969 790 1028 in
810 963 1082 1030 conditionalem:
1106 965 1198 1049 quasi
1215 962 1348 1044 diceret,
1401 986 1547 1031 recessus
1569 967 1746 1044 montium,
1781 965 1809 1031 si
1842 987 1878 1031 se
1911 967 2032 1032 abdant
2065 966 2100 1030 in
2133 985 2291 1032 cavernas
2325 967 2374 1032 vel

373 1056 420 1138 st,
442 1053 505 1131 vel,
528 1053 581 1119 abi
604 1053 688 1135 ipsos
709 1050 860 1116 reduxero
883 1051 918 1116 in
939 1051 1229 1134 insanirem,
1254 1071 1349 1134 quam
1401 1050 1571 1130 foramina,
1593 1051 1869 1136 quemadmodum
1891 1052 2000 1120 solent
2026 1059 2197 1117 venatores
2226 1055 2378 1137 persequi

370 1143 444 1208 dedi
458 1140 610 1224 patribus
631 1156 745 1204 auum.
785 1137 856 1202 Iam
879 1137 1036 1220 sequitur,
1400 1137 1543 1203 ferasin
1566 1139 1678 1224 sylvis,
1702 1149 1734 1203 et
1757 1139 1791 1202 in
1815 1138 1887 1204 aliis
1903 1140 1981 1206 locis
2000 1139 2067 1204 fere
2083 1136 2192 1220 inviis,
2215 1159 2274 1204 nec
2290 1138 2376 1208 ullae

1401 1223 1454 1289 vel
1476 1223 1638 1303 salebrae,
1669 1225 1721 1289 vel
1744 1225 1873 1307 spinae,
1905 1226 1956 1291 vel
1981 1224 2047 1291 ulla
2070 1221 2303 1306 impedimenta
2324 1246 2376 1289 re·

458 1313 509 1379 16.
537 1311 616 1378 Eece
643 1329 696 1394 eqo
723 1310 808 1376 mitto
837 1309 881 1374 ud
905 1310 1079 1390 piscatores
1107 1309 1239 1390 multos,
1273 1309 1349 1376 dicit
1401 1329 1527 1376 moram
1549 1310 1712 1389 iniiciunt,
1743 1312 1821 1392 quin
1850 1321 2077 1396 perrumpant,
2107 1309 2187 1375 adeo
2217 1310 2376 1377 violenter

372 1399 518 1482 Iebouab,
540 1401 570 1462 et
585 1395 810 1481 piscabuntur:
832 1397 926 1462 etsie
948 1394 1143 1481 (posthaec)
1165 1395 1286 1462 mittam
1306 1396 1349 1461 ad
1399 1392 1551 1462 teruntur
1571 1416 1632 1461 suo
1655 1397 1799 1480 impetn:
1822 1397 1869 1462 ita
1891 1398 1989 1463 etiam
2013 1397 2122 1462 nullus
2145 1397 2208 1461 erit
2229 1415 2376 1464 recessus

371 1486 482 1552 mutos
510 1488 685 1564 umbras,
719 1486 748 1546 et
775 1481 969 1547 conduntur
997 1501 1049 1547 eos
1075 1483 1114 1547 de
1142 1502 1238 1564 saper
1263 1483 1348 1547 omni
1400 1482 1561 1548 montium
1585 1480 1794 1548 absconditus
1816 1481 2002 1562 (lhaldaeis,
2029 1483 2120 1548 nulla
2142 1483 2205 1547 erit
2226 1503 2377 1563 caverna,

371 1577 471 1638 monto
494 1570 567 1656 (hoc
589 1577 647 1648 est,
670 1589 712 1632 ex
734 1567 823 1632 amni
846 1566 979 1654 monte),
1002 1573 1030 1632 at
1050 1589 1089 1634 aa
1111 1569 1197 1635 omni
1213 1568 1297 1652 mile,
1320 1573 1348 1634 et
1400 1588 1484 1649 quae
1508 1578 1658 1652 protegat
1679 1567 1829 1646 Iudaeos,
1853 1569 1931 1652 quin
1948 1569 2047 1642 simul
2068 1588 2182 1634 omnes
2197 1569 2376 1652 capiantur.

370 1655 585 1741 foraminibus
607 1655 673 1740 (vel
695 1652 860 1740 cavernis)
882 1654 1020 1737 rupium.
1400 1653 1491 1738 Ergo
1529 1654 1675 1720 videmus
1715 1655 1901 1721 confirmari
1941 1655 2140 1738 superiorem
2181 1656 2378 1721 sententiam

1401 1739 1521 1823 duplici
1544 1739 1770 1806 similitudine.
1816 1742 1936 1807 Postea
1958 1741 2117 1825 adiungit,

458 1829 553 1911 Quod
576 1836 746 1912 exponunt
766 1826 899 1909 quidam
923 1826 984 1892 hoc
1007 1825 1047 1890 de
1069 1826 1233 1911 apostolis,
1256 1847 1347 1908 pror·

368 1938 425 1984 sus
447 1917 593 1983 alienum
616 1925 681 1980 est:
706 1913 899 1979 existimant
922 1913 1095 1978 Ieremiam
1120 1912 1172 1979 hic
1196 1913 1346 1996 prosequi
1489 1913 1539 1977 17.
1573 1914 1657 1995 Quia
1686 1912 1769 1978 oculi
1790 1914 1852 1978 mei
1879 1933 1974 1996 super
2002 1931 2106 1980 mnes
2132 1914 2203 1979 aias
2226 1912 2383 1997 ipsorum,

369 2003 456 2088 quod
479 2011 631 2085 coeperat
654 1999 771 2082 dicere,
794 1999 872 2081 qnia
893 2019 960 2064 non
985 1997 1143 2076 dubitant,
1171 1999 1250 2083 quin
1274 2020 1347 2082 pro·
1399 2018 1461 2064 non
1483 1999 1681 2066 absconditae
1702 2004 1775 2064 sarit
1796 2019 1817 2064 u
1836 1999 1920 2081 faeie
1939 2020 2025 2066 mea:
2053 2005 2164 2066 anon
2185 2002 2260 2064 euru
2281 1999 2378 2064 aaa·

368 2091 460 2155 ximo
493 2109 589 2155 versu
623 2087 831 2153 concionatus
865 2084 964 2150 tuerit
997 2085 1037 2150 de
1078 2087 1206 2164 futura,
1247 2105 1347 2168 eaque
1400 2089 1448 2149 tae
1479 2084 1659 2166 iniquitates
1696 2105 1712 2149 e
1741 2086 1863 2168 reqione
1892 2087 2051 2152 mulorum
2080 2103 2220 2153 meamne
2255 2083 2378 2169 (coram

369 2176 563 2261 propinqua,
587 2171 788 2251 liberatione,
811 2191 895 2256 quae
918 2172 951 2236 in
976 2172 1093 2238 bonam
1112 2171 1265 2236 fiduciam
1284 2171 1347 2236 eri·
1401 2170 1504 2236 aculis
1527 2172 1626 2236 meis:
1650 2171 1690 2236 ad
1715 2169 1848 2237 verbum
1873 2180 1931 2251 εει,
1955 2172 1995 2238 de
2017 2192 2126 2238 coram
2148 2169 2251 2238 caulis
2274 2171 2378 2256 meis).

369 2271 461 2348 geret
483 2261 566 2327 filios
589 2260 663 2324 Dei.
709 2257 776 2326 Sed
799 2259 865 2322 iam
888 2257 1056 2340 repudiavi
1079 2279 1212 2324 sensum
1244 2257 1347 2323 illum.

369 2349 461 2434 Ergo
494 2368 606 2414 eorum
641 2344 801 2428 expositio
835 2365 900 2409 nan
935 2354 984 2408 est
1016 2342 1153 2409 tundata
1185 2345 1218 2409 in
1252 2346 1349 2410 firma
1486 2341 1557 2407 Iam
1587 2341 1730 2408 ostendit
1758 2343 1918 2426 propheta
1950 2361 2085 2428 gravem
2118 2340 2208 2407 illam
2242 2341 2378 2421 cladem,

370 2436 508 2500 ratione.
565 2431 764 2514 Quanquam
787 2429 814 2494 si
848 2431 920 2512 quis
953 2430 1124 2508 concedat,
1157 2429 1346 2514 prophetam
1402 2428 1441 2494 de
1463 2450 1529 2512 qua
1551 2428 1715 2504 disseruit,
1748 2431 1815 2494 iore
1839 2431 1959 2495 iustam
1984 2426 2176 2504 mercedem,
2205 2447 2303 2510 quam
2326 2449 2378 2494 re·

370 2521 586 2585 vaticinatum
609 2517 708 2582 luisse
730 2515 770 2580 de
793 2515 985 2580 liberatione
1006 2516 1126 2598 populi,
1150 2527 1259 2580 tamen
1283 2535 1348 2580 non
1402 2515 1520 2597 pendet
1542 2515 1635 2581 Deus
1658 2513 1833 2582 sceleribus
1860 2516 1981 2599 pepuli.
2025 2512 2157 2580 Scimus
2186 2515 2273 2579 enim
2303 2535 2380 2597 pra·

371 2613 545 2689 propterea
567 2602 724 2686 seqnitur,
747 2601 858 2666 Deum
881 2621 1016 2684 pergere
1038 2603 1072 2666 in
1096 2600 1153 2666 illa
1175 2602 1347 2667 sententia.
1401 2599 1517 2684 phetas
1541 2622 1604 2667 non
1628 2610 1755 2667 tantum
1778 2602 1812 2666 in
1840 2600 1929 2667 hunc
1958 2603 2057 2666 finem
2085 2599 2250 2684 praeditos
2279 2600 2379 2666 tuisse

372 2689 497 2756 Statim
519 2688 607 2753 enim
629 2687 715 2752 redit
737 2686 779 2752 ad
801 2687 917 2765 minas,
941 2695 977 2750 ut
1001 2687 1162 2753 videbitis.
1207 2687 1252 2751 Et
1274 2686 1347 2752 alle·
1402 2686 1467 2750 Dei
1489 2687 1615 2770 spiritu,
1639 2697 1676 2751 ut
1698 2687 1958 2755 vaticinarentur
1981 2689 2020 2753 de
2043 2686 2140 2752 rebus
2158 2686 2295 2752 futuris:
2319 2687 2379 2751 hoc

373 2775 465 2860 geria
495 2775 594 2840 etiam
625 2773 706 2840 haec
740 2779 868 2837 remota
899 2780 963 2850 est,
997 2792 1099 2856 quum
1133 2772 1277 2857 loquitur
1309 2772 1349 2838 de
1402 2773 1518 2838 fuisset
1541 2773 1638 2838 nimis
1661 2773 1822 2839 ieiunum:
1849 2771 1906 2838 sed
1928 2772 2025 2839 simul
2049 2773 2256 2840 coniunctam
2278 2772 2379 2838 fuisse

373 2860 584 2926 venatoribus
613 2869 646 2924 et
676 2858 900 2942 piscatoribus.
944 2858 1017 2923 Iam
1045 2858 1131 2943 quod
1160 2860 1283 2924 mentio
1312 2860 1349 2924 fit
1402 2858 1583 2923 doctrinam
1613 2859 1785 2925 vaticiniis.
1838 2859 1916 2924 Ideo
1946 2857 2123 2943 prophetae
2151 2879 2217 2923 non
2248 2863 2378 2924 tantum

373 2945 506 3012 collium
522 2954 555 3011 et
570 2944 741 3024 mentium,
764 2944 841 3011 hinc
856 2943 975 3010 clarius
991 2953 1134 3028 apparet,
1156 2944 1348 3029 prophetam
1402 2943 1596 3028 praedicunt
1618 2945 1696 3028 qnid
1722 2945 1866 3011 facturus
1888 2947 1931 3012 sit
1948 2945 2047 3027 Deus,
2071 2945 2128 3010 sed
2150 2943 2249 3010 simul
2265 2943 2380 3009 adiun-

375 3032 430 3098 hic
452 3031 570 3096 minari
594 3031 701 3114 potius
723 3030 871 3110 Iudaeis,
901 3051 998 3113 quam
1028 3031 1217 3113 promittere
1248 3031 1348 3097 ullam
1404 3037 1489 3115 gunt
1509 3050 1635 3097 causas.
1680 3031 1771 3114 Ergo
1797 3052 1885 3097 nunc
1915 3031 2085 3098 subiicitur
2112 3030 2260 3095 doctrina
2286 3030 2378 3113 quasi

374 3120 408 3183 in
430 3115 572 3181 miseriis
595 3117 801 3180 levationem.
835 3116 907 3199 Ego
929 3117 1039 3199 itaque
1061 3117 1253 3199 simpliciter
1275 3137 1351 3184 can-
1403 3115 1647 3182 eondimentum
1668 3117 1821 3196 vaticinii,
1851 3138 1950 3202 quum
1972 3115 2133 3200 propheta
2155 3115 2234 3181 dicit
2256 3117 2380 3182 instare

375 3211 469 3270 necto
503 3202 620 3266 omnis.
665 3201 749 3265 Nam
781 3220 879 3283 quum
910 3200 1044 3282 dixerit,
1076 3203 1231 3268 exsilium
1264 3203 1350 3288 qued
1404 3202 1537 3270 Iudaeis
1568 3203 1755 3282 interitum,
1793 3203 1870 3286 quia
1909 3204 2007 3269 nimis
2040 3203 2096 3268 diu
2128 3203 2379 3286 provocaverint

374 3289 473 3374 paulo
496 3293 569 3370 post
590 3287 718 3368 passuri
736 3297 830 3352 erant
853 3285 976 3364 Iudaei,
1006 3288 1073 3354 fare
1095 3289 1228 3372 gravius
1250 3291 1350 3372 eapti·
1403 3289 1487 3354 iram
1510 3288 1584 3354 Dei.
1628 3290 1700 3355 Iam
1724 3290 1877 3373 quoniam
1901 3289 2080 3375 hypocritis
2107 3287 2218 3354 nullus
2240 3293 2292 3354 est
2314 3298 2379 3353 ter-

375 3376 478 3441 vitate
512 3371 712 3456 aegyptiaca:
753 3393 841 3439 nunc
874 3372 1026 3458 adiungit
1058 3374 1235 3454 rationem,
1269 3396 1351 3458 qnae
1403 3375 1590 3460 giversandi
1614 3374 1738 3454 modus,
1762 3382 1799 3440 ut
1820 3375 1891 3440 heri
1907 3377 2014 3442 visum
2030 3375 2108 3442 luit:
2131 3374 2205 3441 ideo
2220 3373 2275 3441 hic
2290 3374 2380 3440 Deus

376 3462 437 3528 hoc
471 3459 660 3526 confirmate
704 3457 783 3525 ane
814 3479 883 3544 eqo,
917 3458 1041 3542 inquit,
1074 3461 1196 3526 midam
1228 3461 1272 3526 ad
1303 3481 1353 3529 eos
1404 3463 1492 3545 ipsos
1515 3460 1556 3526 ad
1578 3460 1735 3527 indicium
1758 3482 1855 3527 suum
1879 3471 2023 3528 revocat:
2058 3463 2150 3545 quasi
2174 3459 2298 3526 diceret
2319 3459 2381 3526 hcc

369 3549 547 3632 piscatores
578 3543 704 3623 multos,
745 3553 781 3610 ut
818 3564 874 3610 eos
913 3543 1056 3629 undique
1089 3547 1286 3613 contrahant
1316 3549 1351 3612 in
1404 3569 1505 3612 unum
1528 3547 1695 3624 sulficere,
1729 3546 1814 3630 quod
1836 3557 2013 3632 cognoscat
2039 3568 2151 3614 eorum
2180 3547 2379 3631 iniquitates.

375 3652 490 3699 unum.
525 3630 712 3696 Piscatores
734 3632 890 3709 nominat,
913 3633 969 3715 qui
991 3631 1068 3697 hinc
1090 3632 1167 3699 inde
1185 3634 1352 3699 attrahent
1404 3631 1450 3699 Se
1472 3633 1560 3698 enim
1583 3653 1654 3699 esse
1677 3633 1829 3699 idoneum
1852 3632 2007 3713 iudicem,
2036 3637 2074 3700 ut
2095 3633 2218 3699 frustra
2239 3633 2381 3718 litigent,

375 3720 410 3784 in
445 3736 521 3784 snas
556 3736 668 3782 nassas
701 3715 787 3782 filios
820 3716 932 3784 Israel.
987 3718 1105 3803 Itaque
1137 3718 1351 3804 piscatoribus
1404 3717 1458 3784 vel
1481 3728 1640 3786 conentur
1662 3739 1829 3800 excusare,
1860 3719 1913 3785 vel
1935 3725 2114 3786 extenuare
2137 3719 2277 3803 culpam.
2322 3717 2382 3785 Di-

375 3811 544 3887 ccmparat
565 3800 748 3867 Chaldaeos
769 3801 826 3885 qui
846 3804 892 3869 sic
916 3806 1055 3887 grassati
1077 3814 1155 3871 sunt
1173 3825 1231 3890 per
1246 3813 1350 3870 totam
1403 3807 1447 3872 eit
1469 3805 1571 3890 igitur
1593 3805 1694 3870 cauus
1716 3805 1780 3871 Dei
1801 3825 1867 3872 esse
1887 3825 1981 3888 suuper
2001 3825 2105 3871 annes
2126 3805 2198 3870 cias
2224 3806 2383 3886 ipsorurru

376 3899 518 3968 terram,
551 3899 589 3952 ut
621 3887 729 3952 nullos
763 3889 830 3952 fere
866 3888 1074 3972 reliquerint,
1112 3892 1176 3957 uisi
1209 3890 1351 3974 ignobile
1403 3896 1554 3957 danaes
1574 3891 1644 3957 cios
1666 3891 1830 3956 nominat:
1864 3893 2018 3974 quoniam
2041 3913 2107 3956 non
2130 3890 2248 3967 semel,
2278 3910 2383 3973 nequo

376 3973 508 4058 aliquod
538 3973 674 4057 vulgus,
708 3972 792 4056 quod
819 3974 918 4039 etiam
956 3986 1068 4057 postea
1099 3977 1175 4042 inde
1205 3977 1350 4043 ablatum
1403 3979 1438 4042 in
1461 3999 1528 4042 una
1551 3985 1680 4042 tantum
1710 3977 1818 4060 specie
1848 3977 2071 4060 deliquerant,
2101 3976 2157 4041 sed
2189 3974 2384 4042 addiderant

375 4062 448 4128 fuit.
495 4059 538 4124 Its
561 4058 633 4124 ideo
655 4059 871 4142 piscatoribus
894 4059 1024 4126 subiicit
1045 4068 1215 4129 curatores.
1253 4063 1351 4145 Quod
1403 4063 1527 4130 scelera
1559 4062 1752 4129 sceleribus:
1794 4063 1867 4128 Non
1899 4068 1972 4129 sunt
2004 4062 2222 4145 adnuntias,
2256 4062 2383 4146 inquit:

375 4148 507 4232 quidam
539 4167 596 4227 per
624 4145 799 4228 piscatores
834 4145 1023 4230 intelligunt
1055 4146 1165 4213 hostes
1198 4153 1352 4232 armatos,
1404 4158 1501 4233 urget
1528 4169 1582 4214 eos
1610 4149 1781 4232 propheta,
1812 4149 1965 4232 quoniam
1996 4169 2166 4231 nunquam
2195 4149 2295 4213 finem
2324 4169 2383 4214 ex·

376 4235 432 4316 qui
455 4231 564 4317 gladio
587 4231 784 4296 interficient
807 4232 920 4309 victos,
944 4240 977 4297 et
994 4245 1167 4299 venatores
1186 4235 1352 4317 accipiunt
1404 4232 1539 4299 cusandi
1562 4233 1723 4318 iecissent,
1746 4237 1772 4301 si
1790 4235 1947 4300 voluisset
1965 4235 2139 4302 admittere
2156 4253 2269 4299 eorum
2293 4253 2383 4299 men-

375 4341 435 4404 pro
458 4320 509 4384 his
533 4319 588 4401 qni
615 4315 783 4382 malebant
812 4317 900 4383 vitae
928 4317 1107 4383 multorum
1137 4339 1285 4402 parcere,
1320 4328 1353 4383 et
1405 4318 1505 4384 dacia.
1551 4318 1639 4386 Dicit
1661 4321 1770 4404 igitur,
1801 4341 1899 4402 neque
1928 4319 2125 4386 εεεεεεάἱιαε
2154 4339 2220 4386 esse
2240 4321 2384 4402 ipsorum

376 4405 509 4471 trahere
531 4405 564 4468 in
587 4402 756 4481 exsilium,
790 4402 870 4467 haec
892 4403 1021 4488 argutia
1043 4403 1123 4469 mihi
1147 4424 1213 4470 non
1236 4405 1352 4489 placet.
1403 4404 1488 4484 cias,
1517 4423 1615 4487 neque
1643 4407 1777 4472 caudas
1806 4427 1912 4472 auum
1940 4407 2123 4490 iniquitates
2152 4425 2257 4472 emam
2286 4406 2385 4472 ocus

376 4489 569 4573 Simplicius
591 4499 642 4554 est
664 4489 749 4571 quod
775 4487 858 4563 dixi,
888 4511 1005 4573 nempe
1033 4490 1140 4554 vocari
1170 4489 1353 4556 Chaldaeos
1403 4490 1476 4557 Dei.
1521 4489 1592 4555 Iam
1616 4492 1762 4575 sequitur
1785 4492 2000 4570 confirmatio,

376 4579 572 4662 piscatores,
606 4575 680 4657 quia
715 4582 817 4640 totam
852 4583 971 4640 terram
1000 4575 1191 4641 exinanient
1219 4575 1350 4642 ineolis:

377 4661 495 4729 deinde
528 4659 637 4727 vocari
671 4658 800 4726 eosdem
834 4670 1022 4740 venatores,
1063 4661 1141 4742 quia
1182 4672 1350 4744 postquam
1492 4661 1541 4726 18.
1575 4660 1620 4724 Et
1645 4663 1814 4745 rependam
1835 4663 1875 4728 ab
1897 4664 1988 4729 initio
2017 4661 2149 4746 duplum
2177 4663 2386 4744 iniquitatum

377 4747 513 4834 dispersi
536 4755 634 4812 erunt
656 4745 770 4811 Iudaei
793 4745 857 4811 hnc
880 4755 912 4810 et
934 4744 1012 4811 illuc
1034 4756 1068 4812 et
1082 4747 1221 4830 profugi,
1244 4755 1352 4813 tamen
1405 4765 1526 4825 amum,
1559 4752 1586 4811 et
1617 4747 1765 4813 saetarum
1798 4769 1917 4815 mrum:
1950 4750 2026 4831 quia
2054 4749 2238 4832 polluerunt
2272 4747 2387 4834 (snper

377 4835 584 4919 reperientur
607 4834 639 4897 in
663 4830 812 4898 cavernis
839 4838 1007 4914 petrarum
1036 4844 1092 4897 ant
1121 4833 1264 4918 rupium.
1308 4833 1353 4897 lit
1405 4832 1549 4913 polluere
1570 4831 1672 4917 ipsos)
1701 4838 1817 4899 terrum
1842 4855 1943 4901 maur
1972 4836 2008 4899 in
2034 4834 2239 4902 ωᾶεεενῶεε
2266 4835 2386 4901 abom-

376 4923 499 5004 optime
535 4919 738 4987 conveniunt
774 4917 857 4981 duae
896 4915 1137 4982 similitudines.
1197 4915 1353 4984 Ostendit
1377 4925 1381 5021 Ι
1405 4919 1567 4983 ananam
1595 4939 1744 5001 suarum,
1776 4925 1803 4984 et
1832 4922 1902 4987 suis
1932 4921 2194 5004 iniquinamentis
2222 4922 2387 5004 replerunt

377 5008 466 5072 enim
491 5005 647 5090 propheta
671 5022 734 5069 nen
765 5000 905 5068 multum
935 5003 1002 5068 fore
1026 5003 1200 5071 Chaldaeis
1230 5003 1352 5087 negotii
1377 5024 1380 5113 q
1404 5002 1623 5070 haereditatem
1644 5025 1753 5070 meam.

377 5092 419 5157 ad
452 5092 592 5158 Iudaeos
626 5088 819 5174 capiendos:
860 5087 1135 5172 quemadmodum
1175 5088 1353 5173 piscatores

377 5180 460 5244 retia
488 5187 618 5242 tantum
649 5175 839 5260 prciiaiunt,
874 5195 938 5240 non
973 5195 1043 5240 sese
1077 5181 1207 5240 armant
1240 5179 1353 5242 contra
1490 5174 1580 5238 Nihil
1613 5195 1735 5240 novum
1771 5175 1849 5241 dicit
1879 5178 2054 5243 Ieremias:
2087 5177 2144 5242 sed
2176 5177 2386 5262 prosequitur

377 5265 499 5349 pisces,
531 5284 638 5345 neque
668 5263 756 5329 enim
786 5281 867 5344 opus
897 5270 960 5324 est:
995 5259 1112 5325 deinde
1143 5279 1353 5342 quoscunque
1406 5259 1494 5341 quod
1525 5259 1667 5326 vidimus
1697 5263 1846 5345 proximo
1876 5285 1991 5339 versu,
2027 5282 2145 5347 nempe
2176 5264 2285 5329 Deum
2319 5283 2384 5328 non

377 5352 482 5435 pisces
504 5349 654 5434 capiunt,
685 5349 750 5414 illis
779 5349 964 5430 potiuntur,
997 5345 1074 5429 quia
1103 5347 1193 5411 nulla
1223 5355 1273 5412 est
1301 5366 1352 5408 re·
1377 5353 1381 5402 l
1407 5356 1472 5409 tam
1505 5365 1657 5411 severum
1688 5347 1757 5413 iere
1788 5348 1946 5417 adversus
1973 5349 2123 5427 Iudaeos,
2158 5348 2245 5433 quod
2277 5351 2386 5431 ipsum
