5158 6124
214 440 276 504 457
905 433 954 500 IN
976 432 1225 500 meantem.
1271 432 1370 498 OAP.
1393 430 1526 496 XXIV.
2151 435 2215 500 458

213 627 315 710 uelde,
337 646 418 708 quoe
438 645 499 691 eon
520 624 748 690 emensam
772 628 901 707 propter
929 621 1088 688 molitiem
1115 619 1190 704 (hoo
1242 626 1371 684 tantum
1394 617 1585 700 simplieiter
1606 619 1731 701 loquuti
1755 630 1842 698 eunt,
1872 621 1932 686 sed
1954 622 2047 704 qnasi
2067 623 2215 707 obsigna-

214 719 273 792 sst,
296 710 377 778 adeo
398 711 504 776 males
525 709 643 796 erant).
1242 713 1322 769 runt
1343 725 1435 770 suam
1461 702 1654 788 doctrinam,
1676 726 1714 771 ao
1735 706 1763 770 si
1781 706 1874 771 Deus
1897 727 1959 771 suo
1982 706 2083 792 digito
2104 719 2216 774 notam

1170 871 1171 876 ἵ
1242 789 1385 872 aliquam
1419 801 1541 855 eertum
1573 789 1810 874 insoulpeieset.
1856 789 1923 858 Sed
1951 795 2106 874 quonium
2139 793 2216 860 alibi

299 882 412 948 Huius
433 881 571 950 visionis
601 901 730 948 summa
758 893 818 958 eet,
847 899 912 943 non
942 900 1012 944 esse
1042 899 1100 945 our
1128 876 1189 943 sibi
1241 875 1304 942 hoe
1331 874 1459 958 prolixe
1488 887 1661 941 traetetum
1690 877 1762 952 luit,
1792 899 1880 943 nune
1904 877 2009 952 leriue
2036 890 2215 961 praetereo.

213 970 365 1055 plaeeent
387 967 488 1050 impii,
510 967 538 1032 ei
560 978 709 1049 perstent
730 966 766 1030 in
784 965 852 1032 suis
870 964 1057 1042 eoeleribns,
1079 983 1190 1046 quam·
1241 960 1331 1044 ane,
1352 961 1469 1044 inquit,
1498 960 1615 1028 solatii
1636 961 1698 1027 duo
1715 962 1834 1044 ficuum
1848 964 1948 1044 positi
1968 982 2073 1038 eoram
2094 963 2215 1046 templo.

213 1057 266 1124 vis
289 1054 330 1121 ad
360 1059 491 1136 tempus
519 1051 593 1118 illos
614 1051 708 1118 Deus
737 1051 862 1116 toleret.
907 1048 993 1114 Nam
1022 1058 1102 1114 tune
1131 1049 1189 1112 ab·
1241 1046 1497 1114 Oiroumstantie
1520 1047 1583 1112 looi
1603 1049 1746 1112 notanda
1764 1057 1824 1114 est.
1858 1047 1974 1114 Potuit
1991 1049 2122 1131 quidem
2144 1050 2216 1114 fieri

215 1143 332 1208 duetus
365 1148 435 1204 erat
468 1159 527 1204 rex
549 1136 730 1204 Ieohoniah
761 1137 795 1200 in
829 1134 980 1200 exsilium
1016 1155 1081 1199 uua
1113 1155 1188 1201 oum
1242 1145 1279 1198 ut
1302 1133 1462 1214 propheta
1489 1131 1604 1216 pedem
1636 1154 1701 1198 nou
1730 1135 1872 1198 moverit
1896 1156 1938 1200 ex
1967 1135 2035 1200 suis
2064 1135 2215 1201 aedibus:

212 1225 379 1310 primariis
408 1224 490 1290 viris
517 1234 551 1289 et
577 1244 651 1290 eum
683 1222 871 1288 artifioibus.
918 1220 1033 1286 Videri
1063 1229 1190 1302 poterat
1241 1219 1348 1302 potuit
1370 1219 1467 1282 etiam
1497 1232 1594 1282 nootu
1623 1220 1658 1284 in
1687 1218 1795 1284 densis
1824 1220 1966 1286 tenebris
1993 1219 2105 1285 offerri
2136 1220 2216 1286 baeu

214 1327 281 1378 tam
315 1311 404 1394 regis
436 1330 536 1392 quern
570 1309 710 1375 aliorum
743 1306 886 1376 eonditio
914 1305 1010 1391 longe
1040 1305 1188 1381 deterior,
1243 1304 1339 1369 visio:
1363 1303 1420 1370 sed
1441 1317 1633 1386 eonspeotue
1656 1305 1770 1387 templi
1790 1304 1934 1371 ostendit
1956 1318 2081 1388 partem
2105 1306 2215 1389 populi

213 1396 367 1481 quoniam
400 1395 556 1478 populus,
589 1395 645 1476 qui
677 1395 712 1460 in
739 1394 848 1476 patria
880 1395 1047 1468 manebat,
1082 1391 1189 1456 adhue
1241 1410 1307 1455 non
1331 1399 1452 1455 temore
1475 1391 1575 1454 luisse
1598 1391 1775 1472 abreptam,
1798 1399 1832 1455 et
1850 1391 1948 1456 alium
1972 1406 2098 1475 partem
2122 1393 2214 1458 relio-

213 1483 378 1549 retinebat
399 1501 492 1564 spem
514 1480 615 1558 illem,
647 1478 733 1563 quod
755 1487 865 1562 posset
892 1477 1022 1542 restitui
1046 1476 1189 1560 dignitas
1242 1485 1308 1540 tam
1330 1477 1366 1539 in
1390 1475 1572 1541 urbe:.sed
1595 1474 1656 1541 hoo
1679 1479 1859 1558 proleetum
1882 1498 1953 1542 osse
1976 1478 2110 1561 abipso
2133 1476 2215 1543 Deo.

213 1570 313 1654 regia,
335 1567 512 1633 etiterum
533 1567 651 1632 llorere
673 1567 761 1630 omni
781 1584 903 1648 genere
925 1565 1085 1630 bonorum
1107 1562 1188 1626 oivi·
1241 1559 1327 1626 Nem
1349 1561 1382 1625 in
1407 1561 1529 1644 templo
1550 1583 1585 1626 se
1602 1562 1691 1626 Deus
1712 1562 1960 1628 manifestabat:
1982 1573 2016 1628 et
2033 1564 2106 1628 ideo
2120 1585 2216 1646 saepe

214 1664 274 1732 tas,
308 1673 391 1737 qnae
418 1653 526 1717 iuerat
557 1672 660 1735 prope
691 1651 876 1716 exinanita:
911 1648 1066 1732 quidquid
1100 1649 1188 1712 enim
1242 1646 1298 1712 ubi
1321 1646 1438 1712 volunt
1460 1646 1636 1730 peroellers
1664 1647 1791 1712 animos
1821 1647 1995 1731 impiorum
2025 1650 2215 1732 prophetae,

214 1741 394 1826 pretiosum
416 1739 485 1803 illio
506 1739 622 1817 luerat,
651 1745 795 1804 eeeserat
817 1736 851 1799 in
881 1734 1036 1818 praedam
1060 1734 1186 1799 viotori.
1242 1731 1366 1811 dieunt,
1398 1731 1597 1816 Egredietur
1618 1731 1712 1798 Deus
1734 1755 1752 1798 e
1774 1734 1896 1816 templo
1927 1755 1995 1799 suo.
2040 1735 2214 1818 Templum

213 1826 300 1892 Nem
333 1826 456 1891 seimus
489 1833 611 1906 quanta
649 1822 750 1889 luerit
789 1822 928 1887 avaritia
959 1833 994 1885 et
1026 1819 1188 1903 repetitae
1240 1819 1343 1902 igitur
1364 1818 1418 1884 hie
1448 1819 1605 1902 aoeipitur
1626 1820 1718 1901 quasi
1740 1818 1807 1883 Dei
1833 1820 1986 1885 tribunal.
2030 1818 2110 1884 Ideo
2139 1819 2216 1884 dioit

213 1909 502 1978 Nabuobadneaer.
540 1909 627 1976 Urbe
649 1910 750 1992 igitur
772 1914 851 1974 tuno
872 1905 1005 1990 quidem
1029 1917 1100 1971 erut
1121 1906 1188 1971 iere
1241 1902 1361 1970 looatas
1383 1905 1485 1970 luisse
1503 1903 1614 1969 oorbee
1630 1904 1684 1970 vel
1702 1904 1849 1970 oelethoe
1870 1906 1949 1970 istos
1971 1905 2072 1971 luisse
2094 1906 2216 1988 positos

214 1997 378 2073 deformis,
401 2006 434 2060 et
449 2005 543 2062 vasta
559 2015 638 2077 prae
653 1995 813 2078 superiori
837 1993 959 2058 nitore:
983 1992 1060 2075 quie
1078 2006 1187 2056 tamen
1240 1989 1436 2073 intemplo:
1470 1990 1562 2074 quasi
1591 1990 1714 2055 dioeret
1735 1996 1839 2056 totum
1868 1989 2023 2074 populum
2051 2001 2146 2056 stare
2174 1990 2215 2057 ad

213 2083 281 2150 illie
303 2093 398 2148 erant
420 2081 546 2146 residui
568 2089 721 2164 poterant
742 2099 874 2163 sperare
904 2078 1027 2161 aliquid
1058 2077 1186 2142 melius:
1241 2075 1306 2142 Dei
1328 2075 1487 2142 tribunal:
1518 2087 1551 2140 st
1579 2076 1634 2157 qui
1665 2077 1698 2140 in
1730 2077 1883 2142 exsilium
1913 2079 1978 2141 ium
2006 2077 2100 2142 eieoti
2127 2087 2216 2155 sunt,

214 2171 270 2252 qni
288 2189 366 2235 vero
390 2168 486 2233 traeti
502 2177 598 2233 erant
617 2166 653 2231 in
668 2164 818 2232 exsilium
835 2175 929 2229 erant
944 2163 1038 2246 quasi
1060 2176 1188 2230 mortua
1241 2183 1307 2227 non
1331 2171 1452 2228 traotos
1474 2162 1574 2227 luisse
1589 2181 1647 2243 pro
1661 2162 1795 2228 libidine
1809 2160 1962 2240 boetium,
1984 2162 2040 2226 sed
2059 2163 2216 2244 quoniam

213 2253 383 2322 oadevere.
427 2253 519 2337 Ergo
549 2253 584 2318 in
613 2253 755 2335 speeiem
784 2251 884 2316 miser
913 2249 969 2314 ills
998 2248 1189 2327 Ieehoniah,
1241 2249 1334 2314 Deus
1371 2249 1405 2312 in
1442 2249 1529 2330 ipsos
1566 2247 1828 2313 animadvertere
1865 2247 2014 2312 voluerit.
2073 2245 2218 2312 Additur

214 2341 271 2422 qui
304 2349 376 2405 erat
403 2339 514 2418 exsul,
545 2355 577 2404 et
607 2337 775 2404 abdieetus
804 2355 920 2419 regno,
951 2336 1058 2418 potuit
1084 2334 1189 2400 videri
1241 2336 1339 2399 etiam
1374 2344 1518 2416 tempus,
1550 2337 1720 2416 postquam
1758 2332 1908 2400 obductus
1946 2338 2013 2398 erar
2047 2332 2217 2400 Ieeboeiule

214 2426 354 2493 subiisse
385 2425 483 2508 longe
516 2425 701 2508 graviorem
733 2443 882 2506 poenum
916 2441 984 2486 una
1015 2441 1089 2486 oum
1123 2422 1191 2486 suis
1239 2419 1330 2501 iilius
1351 2417 1501 2486 Ioaoltim.
1545 2417 1630 2484 Nam
1653 2421 1680 2484 ei
1704 2418 1766 2484 hoe
1787 2440 1854 2484 non
1877 2418 1993 2484 luisset
2015 2418 2217 2498 adiunotum,

214 2510 387 2578 eomitibus
410 2511 467 2592 qui
489 2510 588 2576 simul
618 2509 749 2575 ebduoti
777 2509 917 2574 fuerent.
962 2506 1031 2572 Neo
1054 2505 1188 2571 dubium
1243 2507 1357 2572 luisset
1379 2505 1517 2570 obseura
1540 2505 1640 2570 visio:
1663 2519 1695 2569 et
1718 2504 1814 2570 bodie
1837 2525 1932 2570 nemo
1955 2514 2065 2586 poseat
2088 2505 2217 2587 assequi

215 2607 265 2662 eet
297 2596 379 2679 quin
412 2594 528 2660 Iudaei
560 2595 618 2678 qui
651 2595 829 2660 manebunt
860 2592 1097 2676 lerosolymae,
1129 2594 1190 2658 sibi
1242 2613 1301 2658 our
1322 2590 1414 2656 Deus
1437 2589 1601 2671 posuisset
1621 2591 1768 2656 oalathos
1793 2591 1875 2655 istos
1903 2589 1938 2655 in
1967 2600 2143 2674 oonspsotu
2164 2589 2217 2654 Ie·

237 2682 407 2760 latuerint,
441 2701 479 2747 ao
512 2682 538 2746 si
571 2680 664 2746 Deus
697 2701 772 2745 oum
804 2680 884 2763 ipsis
917 2679 1028 2743 mitius
1061 2678 1188 2761 egisset.
1242 2676 1373 2743 remise.
1416 2676 1591 2742 Distinotio
1613 2676 1715 2760 igitur
1740 2676 1794 2741 hio
1816 2685 1949 2741 notetur
1970 2679 2057 2740 inter
2078 2674 2217 2754 exsules,

213 2706 374 2834 ioreranr
394 2766 539 2850 quidem,
565 2766 594 2833 ei
617 2765 696 2830 teeti
718 2766 859 2831 luissent
882 2784 960 2830 vera
981 2764 1190 2847 poenitentia,
1242 2773 1276 2828 et
1296 2763 1384 2827 inter
1406 2780 1461 2826 eos
1483 2765 1538 2844 qui
1562 2761 1669 2828 adhue
1691 2761 1885 2826 fruebantur
1907 2762 2027 2842 putria:
2058 2770 2092 2825 et
2112 2781 2217 2842 quen·

113 2849 115 2852 ’
215 2854 338 2938 gratias
368 2873 467 2937 egere
498 2853 576 2932 Deo,
604 2851 689 2935 quod
717 2849 784 2917 illie
811 2850 1017 2934 peperoieset.
1062 2848 1188 2913 Verum
1242 2868 1341 2931 quam
1364 2858 1458 2912 erunt
1479 2846 1603 2913 redaoti
1622 2845 1658 2910 in
1679 2867 1813 2930 gravem
1832 2846 2015 2928 penuriem,
2036 2855 2069 2911 et
2086 2845 2218 2910 serebat

214 2939 368 3023 quoniam
391 2938 612 3004 abutebantur
630 2939 700 3003 eius
721 2936 935 3020 indulgentie,
958 2935 1103 3019 oportuit
1125 2933 1190 2999 illis
1216 2903 1219 2979 l
1244 2934 1323 2999 urbs
1355 2953 1415 2999 euo
1448 2931 1637 3015 splendore,
1672 2931 1762 2996 nulla
1795 2941 1868 2998 erat
1900 2933 1967 2996 lere
1997 2932 2149 2996 maiestas
2182 2931 2217 2994 in

214 3024 352 3108 proponi
374 3024 460 3107 quod
484 3024 546 3090 hoo
565 3033 664 3108 oeput
678 3024 831 3100 eontinet,
855 3043 972 3104 nempe
990 3020 1089 3085 stulte
1103 3019 1191 3103 ipsos
1216 3002 1219 3093 l
1244 3017 1375 3102 templo,
1404 3018 1564 3100 palatium
1586 3019 1695 3100 ipsum
1726 3029 1798 3084 erat
1823 3018 2007 3100 spoliatum,
2037 3029 2069 3080 et
2092 3014 2217 3080 soboles

214 3111 416 3188 ratiocinari,
442 3110 521 3174 dum
544 3110 735 3174 existiment
757 3107 865 3174 Deum
895 3108 957 3173 sibi
986 3127 1056 3171 sese
1085 3104 1191 3190 magis
1216 3096 1219 3155 l
1243 3105 1383 3170 Doridis
1416 3125 1480 3169 non
1515 3103 1579 3167 nisi
1617 3103 1763 3185 preoario
1794 3104 1964 3188 regnabat.
2020 3099 2217 3183 Quanquam

214 3196 392 3280 propitium
416 3215 513 3278 quem
537 3195 671 3277 reliquie
689 3195 797 3260 luerit
832 3192 899 3260 Sed
916 3192 977 3258 hoo
991 3191 1051 3256 sub
1068 3191 1191 3256 visione
1216 3170 1219 3255 l
1243 3211 1322 3274 ergo
1344 3190 1456 3275 gravis
1478 3201 1548 3254 erat
1570 3189 1662 3253 urbis
1687 3198 1721 3254 et
1748 3189 1858 3273 populi
1888 3189 2066 3262 salamitae,
2096 3197 2217 3267 tamon,

215 3280 417 3347 ostenditur:
435 3281 526 3346 videt
540 3280 702 3363 prophete
715 3279 862 3344 oelethos
875 3277 964 3352 duos,
980 3277 1033 3342 vel
1048 3277 1192 3342 eenistra
1232 3289 1280 3342 *ut
1301 3277 1366 3342 iem
1385 3275 1508 3341 dietum
1526 3275 1597 3353 luit,
1620 3275 1778 3357 putabant
1796 3295 1831 3340 se
1849 3271 2086 3358 quodammodo
2104 3272 2217 3339 beatos

215 3368 289 3444 duo,
320 3368 372 3432 vel
402 3366 525 3442 eorbes,
557 3365 693 3448 perinde
722 3374 788 3430 est:
820 3364 907 3430 videt
938 3383 1016 3446 ergo
1045 3363 1191 3430 oalatbos
1215 3422 1219 3470 Ι
1242 3385 1312 3430 esse
1334 3361 1463 3440 Iudaei,
1485 3361 1599 3443 quiin
1629 3362 1710 3427 urbe
1736 3360 1927 3436 manebant,
1960 3379 2040 3442 pras
2061 3356 2218 3423 iratribus

214 3453 329 3536 plenos
350 3454 486 3531 fieubus,
513 3451 611 3535 idque
632 3471 740 3518 eoram
767 3450 889 3533 templo
911 3447 994 3516 Dei:
1023 3446 1080 3514 sed
1108 3449 1191 3514 aliae
1215 3448 1661 3530 1‚suisquierantmortuis
1684 3447 1815 3526 similes,
1843 3445 1930 3529 quod
1958 3444 2084 3510 soilieet
2104 3462 2217 3527 regem

215 3540 298 3606 fieus
319 3546 416 3604 erant
437 3537 548 3604 duleas
570 3549 603 3602 et
631 3536 779 3620 sapidae:
810 3535 893 3602 aliae
924 3547 1033 3600 autem
1062 3554 1192 3599 amarae
1240 3537 1348 3618 ipsum
1370 3531 1463 3598 Deus
1484 3532 1634 3610 eieesrat,
1662 3542 1695 3598 et
1716 3533 1823 3598 luerat
1844 3529 2010 3598 serviliter
2038 3538 2073 3593 et
2101 3538 2215 3595 eontu-

215 3631 319 3701 erent,
349 3625 395 3689 ita
421 3635 457 3690 ut
483 3633 601 3708 gustus
630 3628 717 3688 esset
746 3621 975 3688 intolerabilis
1016 3620 1081 3685 Per
1110 3622 1191 3686 fieus
1242 3619 1374 3685 meliose
1407 3629 1580 3685 traotatus:
1622 3619 1731 3683 luerat
1770 3620 1867 3683 etiem
1901 3615 2044 3680 deterior
2076 3613 2215 3678 aliorum

216 3709 327 3775 duloee
360 3710 453 3776 Deus
486 3709 593 3776 voluit
622 3719 738 3774 notare
767 3708 956 3776 leobonium
984 3718 1018 3772 et
1048 3705 1191 3789 reliquos
1241 3704 1392 3772 uenditio.
1436 3704 1511 3770 Hoo
1533 3705 1633 3787 igitur
1656 3703 1831 3770 diserimen
1853 3711 1986 3767 notetur
2007 3701 2094 3764 inter
2115 3698 2216 3782 eapti-

215 3795 349 3861 exsulee
371 3795 430 3877 qui
456 3797 563 3878 patrie
584 3795 747 3861 uerebant.
799 3794 977 3876 comparat
1004 3801 1112 3858 autem
1136 3811 1191 3856 eos
1243 3812 1299 3857 voe
1332 3799 1366 3854 et
1398 3790 1485 3854 inter
1509 3791 1571 3854 'eos
1608 3791 1664 3871 qui
1704 3788 1880 3854 manebant
1912 3785 2020 3852 adhue
2052 3797 2218 3866 uteunque

215 3881 342 3946 lioubue
376 3881 592 3964 praeeooibus.
645 3881 731 3946 Nem
765 3881 864 3946 eiouti
902 3880 983 3944 lious
1019 3896 1190 3959 preeoooee
1242 3876 1446 3960 superstites.
1489 3874 1562 3940 Iam
1586 3875 1686 3954 addit,
1716 3894 1814 3938 unum
1843 3892 1881 3936 ete
1907 3871 2041 3936 eolotbie
2069 3869 2218 3935 bobubse

216 3977 295 4032 sunt
309 3967 423 4033 suavis
444 3978 571 4051 gustus,
594 3967 678 4032 aliae
693 3975 801 4032 antem
824 3963 1038 4047 repudientur
1059 3973 1191 4044 propter
1240 3964 1318 4044 {iores
1348 3961 1438 4027 ualde
1466 3960 1578 4039 bonos,
1605 3966 1634 4024 er
1662 3961 1794 4026 alierum
1822 3956 1970 4022 babuisse
1995 3955 2075 4037 {iores
2103 3955 2216 4020 malos.

216 4052 489 4118 amaritudinem:
527 4053 574 4118 ita
609 4056 760 4136 quemvis
791 4051 963 4117 Ieobonias
1000 4057 1033 4112 et
1073 4047 1190 4130 reliqui
1243 4047 1281 4114 Si
1303 4048 1481 4130 quaeritur,
1512 4067 1554 4110 an
1576 4066 1636 4128 per
1665 4067 1702 4111 ee
1722 4042 1901 4110 leobouiah
1933 4041 2090 4125 probetne
2120 4040 2218 4104 luerit

215 4139 354 4204 luissent
374 4139 467 4220 quasi
486 4139 658 4223 ebeumpti,
681 4147 843 4205 restarent
865 4146 977 4201 autem
995 4132 1079 4199 eliae
1100 4135 1191 4212 fieus,
1242 4134 1323 4212 Deo,
1347 4132 1450 4198 lauilis
1476 4131 1642 4214 responsio
1670 4140 1729 4206 eet,
1760 4149 1897 4213 poenam
1928 4127 2055 4192 dedisse
2083 4146 2218 4190 suorum

216 4223 296 4289 dioit
316 4224 435 4291 melius
457 4235 565 4290 aetum
594 4245 664 4290 esee
692 4244 769 4291 oum
798 4223 861 4302 hie,
890 4221 931 4286 de
959 4221 1076 4303 quibus
1097 4218 1192 4284 Deus
1243 4221 1411 4286 scelerum.
1456 4217 1546 4301 Ergo
1568 4216 1787 4298 eomparutive
1809 4216 1863 4280 hio
1886 4214 2031 4297 loquitur
2050 4212 2218 4294 propheta,

216 4316 347 4375 mature
369 4312 511 4393 sumpsit
532 4330 688 4393 poenam:
718 4311 794 4391 quia
816 4308 873 4374 elii
895 4307 956 4373 sibi
985 4306 1193 4373 aueumulent
1245 4325 1343 4387 quum
1377 4304 1458 4369 elios
1488 4313 1583 4368 voest
1617 4301 1717 4366 bonos
1750 4311 1783 4366 et
1812 4301 1894 4366 alios
1924 4300 2037 4364 melos.
2090 4296 2219 4362 Deinde

208 4455 211 4466 .
256 4395 350 4462 avius
379 4397 534 4462 iuditium
561 4415 622 4460 sua
650 4396 878 4461 obstinatione.
926 4393 981 4457 Ex
1011 4411 1074 4474 quo
1103 4393 1191 4456 enim
1244 4390 1420 4455 notandum
1452 4401 1502 4455 est
1530 4389 1637 4471 ipsum
1670 4408 1736 4452 non
1769 4399 1837 4450 tem
1870 4385 1961 4468 loqui
1997 4383 2037 4448 de
2070 4383 2219 4466 personis

250 4481 496 4547 abuubedneaer
530 4481 643 4546 urbem
684 4480 895 4562 spoliaverat,
938 4487 972 4542 et
1010 4477 1193 4543 abduxerat
1243 4477 1331 4559 ipsis,
1361 4497 1457 4558 quam
1481 4474 1521 4538 de
1543 4493 1661 4556 poena:
1692 4473 1787 4555 quasi
1815 4472 1953 4548 dioeret,
1983 4469 2054 4534 Vos
2077 4468 2219 4533 horretis

216 4566 376 4649 quidquid
397 4579 466 4632 eret
485 4566 551 4632 illio
569 4567 758 4649 pretiosum,
780 4565 898 4647 reliqui
913 4585 979 4628 non
998 4563 1193 4628 destiterant
1244 4583 1344 4644 quum
1366 4561 1490 4626 mentio
1513 4561 1550 4624 iit
1571 4558 1731 4636 exsulum,
1754 4561 1808 4641 qni
1828 4557 1947 4640 privati
1971 4566 2049 4622 sunt
2071 4553 2219 4618 haeredi-

216 4664 350 4735 peooata
372 4652 512 4735 peeoetis
534 4651 664 4732 addere,
686 4654 731 4716 ita
748 4661 783 4715 ut
797 4659 885 4718 esest
902 4649 1006 4714 meior
1023 4647 1192 4733 congeries
1244 4659 1310 4712 tato
1333 4647 1394 4712 eibi
1416 4645 1576 4711 divinitus
1598 4646 1768 4726 promissa,
1792 4646 1924 4708 videtur
1946 4641 2008 4708 boo
2031 4639 2125 4705 vobis
2147 4658 2218 4703 esse

215 4737 381 4804 vindiotee
403 4737 477 4816 Dei,
507 4757 590 4820 quas
612 4737 763 4802 instabat.
807 4736 905 4802 Nune
933 4756 1012 4819 ergo
1043 4746 1192 4798 tenemus
1245 4754 1405 4815 asperum.
1450 4731 1552 4813 Atqui
1575 4728 1636 4795 boo
1657 4751 1761 4794 suave
1788 4741 1848 4808 est,
1879 4729 1908 4794 si
1930 4726 2092 4810 respioitie
2114 4722 2220 4807 qualis

216 4824 316 4888 finem
348 4823 447 4891 huius
480 4823 626 4891 visionis.
678 4821 770 4888 Dioit
799 4832 909 4887 autem
940 4819 1001 4884 eibi
1032 4819 1191 4884 visionem
1245 4821 1354 4884 exitus
1382 4838 1440 4883 vos
1471 4827 1612 4880 maneat.
1656 4815 1747 4900 Ergo
1780 4817 1862 4881 fioue
1896 4816 1997 4879 bonas
2030 4831 2096 4875 non
2125 4821 2219 4876 vooat

217 4909 303 4974 hane
325 4909 468 4975 oblatum
492 4930 563 4975 osse
585 4930 605 4973 e
627 4909 707 4983 Deo,
731 4908 809 4989 quia
830 4907 892 4972 hoo
915 4904 1009 4970 valde
1037 4905 1103 4969 luit
1133 4925 1189 4968 ne·
1244 4903 1436 4986 simplieiter
1457 4902 1646 4969 Ieohoniam
1678 4911 1711 4966 et
1740 4901 1822 4966 elios
1851 4900 2012 4984 eaptivoe:
2043 4896 2100 4961 sed
2125 4905 2220 4960 vooat

217 4995 411 5078 samarium,
444 5016 488 5060 ne
521 4994 669 5060 doetrina
699 4994 768 5058 eius
801 4992 943 5074 pondere
977 5012 1036 5056 suo
1068 5000 1193 5056 sereret
1243 4991 1325 5055 fieus
1357 4988 1476 5067 bonas,
1516 4987 1594 5070 quia
1626 4987 1719 5052 Deus
1757 4987 1831 5054 illos
1862 4983 2074 5069 castigaverit
2107 4981 2220 5046 mitius

216 5080 305 5163 apud
327 5082 492 5163 populum.
533 5080 626 5146 Deus
648 5079 780 5162 quidem
803 5077 933 5159 saepius
954 5076 1110 5159 loquutus
1131 5081 1192 5158 est,
1244 5095 1344 5157 quem
1381 5073 1575 5140 Zedeehiam
1616 5085 1651 5137 et
1686 5073 1827 5156 reliquos
1866 5075 1899 5136 in
1937 5071 2047 5135 animo
2083 5067 2220 5132 heberet

217 5167 344 5233 visione
361 5167 454 5232 nulla
475 5167 684 5248 interposita:
708 5164 765 5230 esd
784 5163 929 5229 diximus
943 5161 1019 5227 elibi
1036 5181 1192 5244 quorsum
1244 5161 1414 5244 castigare.
1448 5161 1500 5224 Ita
1522 5169 1619 5224 vooet
1640 5159 1723 5224 fieus
1741 5160 1843 5224 meles
1860 5155 2001 5221 Iudaeos
2019 5153 2219 5238 superstites,

217 5262 404 5334 speetarent
418 5252 572 5330 visiones,
595 5272 713 5334 nempe
729 5251 828 5316 luisse
844 5249 935 5331 quasi
955 5247 1073 5330 sigilla.
1107 5246 1192 5311 Nem
1245 5268 1310 5312 non
1334 5245 1396 5312 heo
1418 5246 1521 5312 solum
1534 5244 1585 5309 de
1613 5264 1720 5322 eausa,
1752 5241 1836 5328 quod
1860 5243 1932 5308 aliie
1954 5251 2062 5308 essent
2085 5239 2221 5306 seelera-

218 5359 281 5422 quo
302 5338 377 5422 plue
400 5337 584 5404 autoritatis
606 5357 718 5404 seeum
737 5337 893 5402 afferrent
914 5333 1103 5417 prophetae,
1127 5352 1193 5397 non
1245 5333 1361 5396 tiores:
1392 5333 1473 5397 haee
1493 5329 1624 5414 quidem
1647 5332 1730 5396 ratio
1755 5329 1865 5394 velere
1888 5328 2025 5394 debebat
2047 5349 2088 5392 ex
2110 5337 2219 5410 parte:
