5158 6124
359 415 423 482 439
1166 411 1552 481 Pasannctlonns
2300 413 2365 477 440

446 601 499 668 25.
521 601 645 668 Audivi
673 603 755 684 paud
783 602 890 668 tosa
918 599 984 684 (vel
1013 599 1090 682 qnid
1117 600 1242 687 disant)
1257 620 1334 681 pro·
1386 601 1458 666 eius
1486 601 1660 678 minIstris,
1693 610 1731 667 ut
1755 600 1969 668 obtruderent
1997 621 2127 667 eaerum
2151 601 2220 666 sius
2242 621 2363 666 nomen

356 687 468 771 piratae
483 686 705 772 prophetantes
726 688 762 754 ia
778 688 903 753 nouisse
915 705 982 752 meo
999 685 1139 766 deado,
1162 681 1335 764 Somnio&
1388 705 1455 751 non
1496 687 1567 751 sine
1603 686 1781 754 mendesio.
1836 687 1882 752 Et
1914 687 2069 771 qnoniam
2104 685 2254 752 ridemus
2288 686 2364 754 huie

359 774 523 842 emulari.
1387 772 1474 838 malo
1507 791 1637 855 semper
1666 773 1839 838 obnoxiam
1869 770 1968 839 inisse
1999 771 2184 850 eoelesiam,
2217 790 2282 838 non
2313 781 2363 838 eat

1387 856 1475 940 quod
1505 855 1605 922 hodie
1626 857 1811 937 turbemur,
1844 859 1872 924 si
1895 858 1980 923 idem
2002 858 2144 934 aeeidut,
2179 859 2258 939 qnia
2278 857 2363 922 nihil

446 943 572 1010 Iterum
603 945 686 1009 redit
709 944 864 1011 Ieremias
887 941 929 1007 ad
950 941 1023 1007 illos
1045 941 1248 1024 impostores,
1278 937 1334 1020 qui
1387 952 1437 1008 est
1467 963 1597 1009 norum.
1643 941 1820 1022 Disoamns
1851 945 1961 1026 itaque
1983 943 2197 1010 obdureaeere
2218 943 2259 1008 ad
2281 943 2363 1009 istos

360 1029 428 1096 auis
467 1027 635 1096 blanditiis
671 1030 825 1113 populum
857 1026 1054 1094 muleebant.
1111 1025 1224 1106 Quum
1257 1044 1334 1108 erge
1387 1027 1538 1103 insultus,
1563 1037 1597 1092 et
1619 1028 1745 1111 quoties
1766 1028 2070 1111 pseudoprophetae
2091 1028 2191 1095 fidem
2215 1038 2362 1095 nostram

360 1114 516 1180 Ieremias
552 1124 586 1180 et
621 1115 762 1193 similes,
802 1114 859 1197 qui
894 1112 1038 1178 fideliter
1074 1109 1334 1193 exsequebantur
1388 1112 1578 1191 tentabunt,
1619 1133 1812 1180 maneamus
1852 1113 2065 1180 nihilominus
2103 1114 2191 1179 firmi
2231 1115 2265 1178 in
2301 1113 2363 1180 hoo

360 1219 480 1266 munus
505 1221 612 1278 suum,
642 1221 756 1267 severe
776 1219 852 1264 eum
875 1198 992 1281 populo
1014 1206 1158 1281 agerent,
1187 1200 1221 1260 et
1243 1215 1334 1260 ooar·
1388 1199 1562 1282 prineipio,
1598 1198 1776 1281 prudenter
1804 1199 2074 1266 eonsiderandum
2104 1220 2175 1266 esse
2205 1219 2248 1264 an
2270 1198 2362 1264 Deos

360 1294 500 1370 gnersnt
528 1285 661 1366 seelera,
689 1296 723 1351 et
750 1284 991 1362 minitarentur,
1022 1304 1063 1348 sx
1092 1281 1241 1365 opposito
1262 1301 1334 1344 sur·
1386 1285 1457 1366 ipse
1479 1284 1642 1368 loquatur,
1664 1303 1706 1348 an
1730 1303 1810 1349 vero
1831 1283 1981 1350 homines
2003 1284 2162 1350 lallaeiter
2183 1306 2219 1350 se
2239 1285 2364 1350 testona

360 1371 483 1456 gabant
514 1370 563 1436 illi
596 1371 792 1452 nebulones,
825 1390 864 1435 ae
895 1369 955 1435 sub
985 1369 1117 1434 nomine
1144 1365 1334 1449 prophetiae
1387 1388 1447 1452 pro
1478 1370 1546 1435 eius
1574 1370 1690 1435 servis.
1736 1369 1910 1436 Somniare
1932 1370 1985 1436 hie
2007 1370 2167 1452 aeeipitur
2189 1372 2222 1435 in
2246 1370 2363 1435 bonam

360 1457 468 1539 impiis
507 1456 572 1522 Dei
607 1455 884 1540 oontemptoribus
924 1453 1183 1520 blandiebantur.
1245 1450 1335 1530 Fuit,
1388 1465 1532 1536 partem:
1565 1454 1656 1536 quia,
1689 1464 1727 1520 ut
1756 1455 1832 1520 alibi
1867 1455 2024 1537 uidimus,
2057 1455 2184 1520 solebat
2204 1453 2295 1521 Deus
2326 1474 2365 1520 se

360 1542 634 1626 quemadmodum
664 1553 741 1608 ante
763 1541 916 1621 diximus,
946 1539 1027 1608 bueo
1049 1537 1244 1623 gravissima
1265 1546 1335 1600 ten·
1388 1541 1568 1622 patelaeere
1590 1541 1695 1606 servis
1717 1542 1786 1607 suis
1807 1560 1867 1623 per
1888 1543 2023 1607 somnia.
2065 1540 2140 1606 Non
2163 1561 2241 1624 ergo
2263 1560 2364 1623 quae·

360 1628 456 1709 tatio,
485 1649 587 1710 quum
616 1630 651 1692 iu
680 1627 753 1710 ipsa
779 1627 914 1694 eoelesiu
942 1626 987 1691 sio
1018 1623 1161 1690 ministri
1191 1621 1335 1688 Satanas
1387 1624 1466 1692 libet
1489 1627 1616 1691 somnia
1637 1625 1692 1691 bio
1713 1627 1831 1692 debent
1850 1626 1999 1710 intelligi,
2021 1625 2077 1692 sed
2093 1646 2177 1708 quas
2194 1629 2365 1693 eontinent

359 1713 423 1780 Dei
464 1733 583 1779 nomen
620 1713 705 1779 falso
738 1721 975 1796 praetexerent.
1017 1710 1188 1810 uPoterant
1220 1706 1335 1772 Iudaei
1388 1710 1519 1794 aliquod
1535 1710 1673 1811 eoeleste
1688 1712 1865 1778 oraoulum.
1891 1711 2067 1778 Fallebant
2082 1711 2212 1810 quidem
2228 1711 2365 1810 pseudo3

359 1820 474 1866 seours
512 1810 720 1864 eontemnsre
758 1809 791 1862 et
826 1797 933 1862 ridere
970 1796 1128 1878 quidquid
1171 1793 1335 1858 metebant
1388 1796 1567 1879 prophetae
1589 1817 1636 1862 sre
1657 1796 1833 1878 loquendo:
1862 1797 1919 1864 sed
1943 1797 2003 1863 hoo
2026 1799 2160 1880 perinde
2182 1807 2253 1862 erat
2275 1818 2313 1864 ae
2333 1819 2364 1864 er

359 1886 436 1951 vani
465 1884 647 1968 prophetas
673 1883 838 1968 gentium:
868 1881 1015 1948 soiebant
1047 1883 1134 1947 enim
1165 1877 1248 1944 nihil
1271 1877 1336 1943 illis
1389 1883 1498 1948 testati
1522 1893 1632 1948 essent
1653 1903 1689 1946 se
1707 1903 1773 1947 non
1793 1881 1912 1948 afferre
1935 1883 2068 1966 propria
2090 1894 2282 1958 eommenta,
2305 1883 2363 1948 sed

360 1991 533 2036 eommune
554 1990 626 2035 esse
643 1989 718 2036 eum
734 1967 821 2035 Deo:
843 1965 900 2034 ssd
914 1987 1017 2050 quum
1033 1963 1336 2050 pseudoprophetae
1388 1967 1527 2034 fideliter
1559 1969 1681 2033 rst'erre
1714 1968 1800 2051 quod
1833 1989 1853 2034 a
1880 1966 1954 2033 Deo
1986 1979 2190 2051 aoeeperant.
2240 1967 2363 2048 Quem·

360 2054 424 2126 illi.
457 2054 498 2119 de
527 2054 645 2137 quibas
675 2077 762 2121 nune
789 2053 913 2138 agitur,
944 2052 1052 2118 losum
1081 2057 1279 2131 oeeuparent
1300 2050 1335 2113 in
1388 2052 1562 2118 admodum
1598 2053 1695 2119 hodie
1728 2074 1813 2137 papa
1843 2053 2014 2137 praefatur
2041 2074 2077 2120 se
2104 2073 2176 2118 esse
2205 2053 2364 2120 visorium

362 2140 505 2220 eoelesia,
527 2149 560 2203 et
581 2139 754 2223 magnifiee
777 2139 986 2206 venditarent
1007 2158 1042 2203 se
1065 2156 1124 2220 pro
1139 2135 1202 2200 Dei
1222 2135 1335 2214 servis,
1389 2137 1523 2215 Obristi,
1547 2157 1769 2204 sueoessorem
1792 2139 1895 2220 Petri,
1916 2138 1994 2203 dum
2014 2138 2221 2222 tyrannidem
2245 2139 2308 2205 sibi
2328 2139 2365 2204 iu

361 2226 469 2308 potuit
498 2224 560 2291 hoo
590 2224 765 2307 peroellere
786 2226 944 2301 infirmos,
975 2234 1007 2287 et
1029 2233 1202 2290 eoneutere
1224 2240 1335 2286 eorum
1389 2223 1525 2291 eoelesia
1555 2232 1707 2306 usurpat:
1742 2223 1790 2292 sio
1811 2225 1909 2291 etiam
1938 2225 1987 2288 illi
2016 2224 2161 2306 speoioso
2189 2233 2366 2307 praetextu

360 2309 476 2387 fidem,
510 2310 577 2376 imo
609 2331 743 2392 prorsus
775 2319 940 2386 evertere,
977 2308 1043 2374 nisi
1076 2309 1167 2373 Deus
1201 2324 1335 2370 manum
1390 2308 1545 2375 fallebant
1566 2309 1743 2393 nimpheos,
1774 2309 1861 2392 quod
1882 2310 2005 2376 seilieet
2028 2331 2093 2374 non
2116 2308 2285 2376 effutirent
2305 2310 2366 2374 ali·

360 2396 570 2480 porrexisset.
603 2395 720 2479 Itaque
741 2415 809 2460 non
832 2396 951 2460 mirum
975 2402 1035 2469 est,
1058 2393 1086 2458 si
1110 2393 1171 2458 hae
1193 2391 1336 2472 inportu
1389 2394 1468 2478 quid
1485 2394 1676 2476 humanam,
1693 2395 1750 2462 sed
1766 2405 1895 2462 tantum
1914 2404 2014 2462 testas
2032 2405 2143 2461 essent
2159 2395 2366 2461 oraeulorum

361 2490 532 2564 tantopere
562 2481 694 2547 insistat
721 2479 895 2560 Ieremias,
928 2479 1081 2560 quoniam
1115 2477 1248 2541 morbus
1281 2475 1336 2540 ille
1389 2480 1462 2547 Dei.
1510 2478 1678 2562 Sequitur,

302 2587 306 2596 ·
361 2587 427 2632 non
463 2566 571 2651 potuit
603 2567 710 2633 ourari
744 2565 809 2630 levi
844 2563 1005 2629 remedio:
1045 2563 1073 2628 si
1106 2569 1236 2628 tantum
1270 2581 1337 2626 uno

362 2653 465 2718 verbo
494 2651 632 2719 dixisset
659 2672 720 2734 pro
749 2650 851 2716 nihilo
877 2649 1043 2716 dueendos
1064 2667 1134 2714 esse
1156 2645 1239 2723 illos,
1270 2667 1336 2711 non
1475 2650 1529 2716 26.
1567 2649 1731 2732 pompa
1761 2651 1821 2718 erit
1853 2651 1887 2716 ia
1917 2652 2006 2718 eade
2030 2651 2259 2736 prophetaram
2284 2669 2366 2733 pro·

361 2736 796 2888 reiterasset
817 2729 1338 2886 lttttttttttttt
1385 2735 1583 2886 ttttm
1619 2737 1832 2821 'mm’
1872 2742 1901 2802 θ’
1932 2736 2159 2821 '²'me
2196 2736 2263 2802 ³⁰¹⁴
2297 2755 2365 2804 ω’·

361 2906 481 2974 iudieio
511 2842 729 2990 opuspesse,’
751 2927 812 2973 nee
845 2905 962 2972 debere
996 2903 1176 2988 promissus
1208 2901 1337 2967 admitti
1476 2906 1528 2970 27.
1553 2903 1727 2990 Οορίὶαηίσε
1743 2912 1778 2972 at
1796 2907 1920 2990 faeiout
1935 2907 2078 2976 otaoaet
2090 2907 2246 2990 mam
2262 2924 2365 2972 meum

362 3013 421 3076 pro
454 2993 517 3058 Dei
555 2992 723 3075 prophetis
759 2993 817 3075 qui
854 3011 973 3057 nomen
1011 2989 1081 3056 eius
1112 2987 1337 3056 obtenderent.
1389 2991 1526 3058 nominis
1546 2993 1609 3058 moi
1634 3012 1694 3074 per
1714 2994 1838 3060 sermio
1859 3013 1920 3058 aaa
1948 2990 2026 3080 (vel,
2055 2994 2091 3059 in
2119 2992 2257 3060 somniis
2285 2991 2364 3070 suis,

362 3077 497 3160 Repetit
525 3079 626 3161 igitur
647 3077 784 3143 eandem
807 3097 904 3160 qaam
927 3077 1018 3159 prins
1041 3074 1183 3142 vidimus
1204 3082 1338 3142 senten·
1389 3076 1430 3142 ad
1453 3076 1604 3163 verbum)
1632 3097 1714 3158 qaue
1739 3082 1875 3145 ueneat
1901 3079 2034 3160 putaque
2053 3078 2135 3146 sosio
2155 3097 2231 3146 seso:
2260 3095 2364 3158 paem-

363 3163 457 3237 dam,
487 3162 545 3227 sed
575 3163 647 3228 aliis
670 3163 793 3228 verbis:
827 3163 967 3240 Audivi,
997 3160 1102 3243 inquit
1124 3159 1231 3238 Deus,
1261 3159 1338 3238 qaid
1389 3163 1558 3230 admodum
1596 3163 1686 3230 obiiti
1723 3167 1796 3230 suat
1832 3168 1944 3246 patres
1982 3183 2090 3232 seusa
2127 3163 2265 3232 mmiais
2301 3162 2366 3226 arei

363 3247 469 3314 daea
495 3246 667 3346 propbetas
689 3246 912 3346 prophetantes
938 3248 975 3311 ia
1002 3247 1124 3344 papiae
1149 3264 1225 3311 aueo.
1275 3244 1338 3344 Est
1388 3248 1425 3314 ia
1447 3246 1547 3315 Bool·

363 3342 533 3485 bbbubtibio
549 3328 1338 3515 vlrbltfusqubdrbpsrbpbbbeeobblt‘brpssdedssdidffddb
1475 3419 1541 3484 Hie
1564 3427 1631 3484 tam
1649 3416 1803 3502 obiurgat
1819 3418 1913 3484 Deus
1934 3419 2244 3505 pseudoprophetas,
2266 3437 2366 3501 quam

363 3502 952 3670 bullidnlllbll‘„llblnlll
974 3497 1338 3670 ttttl’tttitt
1389 3504 1509 3672 tlt
1530 3525 1590 3654 :2⁰
1611 3503 2366 3657 tlmtltt”trttttmtttttttts‘t

363 3609 589 3742 oeulos‘bitulo
606 3673 664 3739 illo
680 3638 749 3738 tam
762 3673 951 3750 honoribus,
974 3691 1012 3736 ae
1026 3671 1155 3737 fortiter
1170 3671 1338 3737 affirmant
1390 3611 1620 3758 quinamentib).
1657 3611 1823 3741 g(bstendit
1855 3675 1959 3759 Igitur
1987 3676 2049 3743 sibi
2075 3675 2166 3740 eordi
2194 3675 2265 3740 iore
2290 3672 2365 3739 vin·

364 3781 400 3826 ae
422 3758 530 3826 aDeo
553 3759 654 3825 luisse
670 3759 802 3859 ¹missos.
838 3757 948 3858 Quum
972 3758 1072 3856 igitur
1094 3757 1169 3822 talis
1191 3758 1233 3822 sit
1250 3756 1338 3821 inter
1390 3759 1532 3860 dietam,
1550 3758 1636 3841 quod
1658 3769 1726 3826 tam
1747 3760 1855 3843 impie,
1879 3772 1912 3823 et
1933 3761 2087 3827 andaeter
2109 3761 2201 3827 abuti
2223 3759 2366 3825 audeant

364 3843 1039 4006 subtollit?’utttttlt
1061 3839 1338 4011 {tzittttttl
1389 3845 2076 4015 ttttlttttttttff‘ttttlftt
2093 3847 2366 4012 οῗέἓιὲἕῖἓῗ

364 4037 431 4082 non
460 4035 530 4082 esse
561 4015 763 4099 insepultum
786 4013 864 4098 quid
885 4013 1007 4077 iaotsnt
1028 4012 1336 4097 pseudoprophetae.
1390 4015 1523 4082 mittat?
1558 4036 1601 4081 an
1630 4016 1707 4099 quia
1735 4015 1876 4082 salutem
1905 4018 2018 4100 populi
2047 4019 2099 4082 sai
2128 4013 2287 4102 negligit?
2320 4034 2366 4080 an

365 4100 468 4167 Addit
498 4102 587 4184 ipsos
611 4101 800 4184 prophetare
833 4100 868 4164 ia
899 4097 1023 4164 namtas
1054 4117 1119 4164 aso.
1172 4097 1245 4164 Hoo
1276 4098 1338 4163 fait
1389 4104 1466 4184 quia
1488 4122 1563 4166 eum
1591 4099 1730 4167 detestat
1759 4100 1811 4166 hio
1839 4101 1941 4179 lusus,
1975 4101 2053 4168 dum
2075 4103 2168 4169 ridet
2190 4101 2366 4167 remmam

365 4185 610 4265 offendionlnm,
638 4185 722 4268 quod
750 4185 893 4250 maxime
915 4181 1046 4248 turbare
1068 4191 1194 4266 poterat
1216 4183 1339 4250 debiles
1391 4188 1519 4252 miseeri
1550 4185 1734 4267 meudaoio,
1766 4193 1800 4252 et
1827 4186 1932 4253 lneem
1963 4187 2129 4254 tenebris?
2165 4189 2258 4254 Deus
2286 4204 2367 4268 ergo

366 4273 507 4349 animos,
542 4271 656 4338 audire
687 4270 778 4336 illam
809 4269 1067 4354 profanationem
1097 4268 1236 4334 nominis
1262 4267 1337 4332 Dei.
1391 4271 1444 4337 hio
1473 4271 1626 4336 admonet
1646 4290 1682 4336 se
1703 4272 1744 4336 ad
1767 4280 1896 4354 tempus
1929 4273 2015 4337 ferro
2047 4274 2240 4357 murilegam
2273 4269 2366 4336 illam

364 4357 451 4422 Nam
484 4358 581 4424 siouti
613 4364 802 4422 reverenter
830 4355 980 4438 exeipers
1010 4375 1067 4419 nos
1096 4365 1224 4436 oportet
1244 4352 1337 4435 quid·
1390 4354 1570 4436 audaeiam,
1592 4375 1689 4438 quam
1707 4355 1769 4423 sibi
1786 4356 1963 4440 prophetae
1981 4369 2155 4441 usurpant:
2180 4359 2237 4424 sed
2256 4367 2367 4421 tamen

365 4443 442 4525 quid
471 4441 585 4508 aDeo
615 4441 736 4526 prodit,
770 4441 816 4507 sio
846 4441 944 4505 edum
974 4460 1039 4503 non
1062 4438 1135 4503 leve
1155 4437 1336 4520 perieulum
1390 4461 1457 4506 non
1490 4441 1536 4506 ita
1568 4443 1743 4508 connivere
1775 4442 1852 4525 quin
1887 4443 2019 4508 tandem
2054 4463 2191 4528 posnam
2227 4441 2267 4508 de
2299 4440 2367 4505 illis

365 4536 432 4608 est,
466 4527 523 4593 ubi
553 4527 634 4593 falso
668 4537 701 4592 et
734 4524 935 4592 mendaoiter
968 4524 1060 4591 nobis
1093 4523 1243 4591 obiioitor
1276 4523 1337 4590 Dei
1390 4534 1584 4608 sumpturus
1606 4527 1666 4592 sit:
1692 4527 1865 4612 anssspsse,
1886 4528 2017 4612 inquit?
2046 4550 2124 4595 nam
2147 4527 2283 4612 perinde
2305 4537 2365 4602 est,

364 4634 495 4681 nomen.
552 4612 716 4694 Quoniam
755 4631 834 4696 ergo
872 4618 1024 4692 poterant
1060 4610 1201 4675 maxime
1232 4609 1337 4676 fullnai
1390 4633 1428 4678 aa
1450 4613 1479 4676 ei
1501 4612 1641 4690 dloeret,
1674 4612 1751 4678 Non
1777 4613 1884 4696 patiar
1910 4615 1947 4678 in
1969 4625 2182 4697 perpetuum:
2216 4611 2366 4697 quamvis

364 4701 427 4767 isto
449 4707 623 4784 praetextu
646 4697 723 4764 boni
744 4715 874 4780 quoque
896 4695 1030 4775 turbari,
1052 4695 1125 4760 ideo
1146 4693 1266 4760 diserte
1284 4695 1338 4762 hle
1391 4697 1549 4775 differam,
1580 4704 1690 4763 tamen
1713 4700 1858 4765 sentient
1879 4719 1914 4765 se
1937 4700 2036 4766 nimis
2063 4721 2217 4784 perversa
2246 4696 2365 4764 abusos

366 4785 572 4870 exprimitur,
594 4782 681 4868 quod
703 4783 827 4849 soilioet
848 4780 941 4846 abusi
962 4781 1086 4846 inerint
1106 4781 1240 4846 nomine
1256 4781 1337 4846 Dei:
1390 4803 1461 4850 esse
1493 4803 1567 4848 mea
1599 4785 1766 4866 patientia
1822 4783 1868 4848 Ilt
1900 4795 2061 4868 aggravat
2097 4786 2197 4852 etiam
2229 4785 2365 4858 erimsn,

366 4873 423 4938 sed
453 4872 553 4949 addit,
582 4870 778 4936 mendaciter.
822 4866 911 4932 Hine
937 4865 1121 4949 eolligimus
1150 4865 1235 4948 qued
1259 4866 1337 4942 dixi,
1391 4888 1492 4950 quum
1513 4867 1601 4946 dieis,
1627 4869 1793 4951 Quoque
1812 4870 1873 4934 erit
1891 4869 1927 4934 ia
1944 4871 2033 4936 eorde
2048 4871 2275 4953 prophetaram
2289 4886 2366 4950 pre-

365 4978 432 5023 non
460 4959 532 5024 sine
560 4954 688 5022 deleetu
710 4952 913 5036 reeipiendus
934 4952 991 5033 qni
1013 4973 1048 5016 se
1069 4951 1245 5034 prophetas
1267 4971 1339 5018 esse
1385 4953 1581 5035 pletosdm
1612 4953 1835 5022 matum?
1868 4954 1955 5020 Nam
1985 4956 2047 5022 huo
2074 4955 2232 5039 loquendi
2260 4955 2366 5019 forma

366 5041 548 5121 affirmant,
581 5048 615 5106 et
639 5041 783 5106 fastuose
810 5035 992 5103 obtendant
1022 5037 1085 5102 Dei
1112 5057 1248 5103 nomen:
1281 5037 1338 5102 sed
1389 5037 1561 5122 signifieat,
1584 5057 1639 5104 eos
1661 5060 1725 5104 non
1743 5059 1853 5105 errore
1875 5040 1951 5118 lubi,
1973 5040 2248 5125 quemadmodum
2270 5038 2366 5105 multi

366 5126 587 5193 adhibendum
621 5147 692 5193 esse
724 5123 894 5205 initialem,
928 5123 1002 5204 quia
1035 5121 1156 5187 seilieet
1188 5120 1338 5187 omuibus
1391 5143 1449 5206 per
1469 5123 1632 5190 iussitiam
1661 5126 1830 5208 proferunt
1859 5144 1943 5207 quae
1965 5146 2032 5191 non
2054 5135 2176 5194 tenent.
2221 5123 2289 5191 Sed
2312 5123 2366 5190 hie

366 5212 505 5279 saseulis
543 5211 636 5278 Deus
674 5211 779 5278 voluit
821 5209 958 5291 probare
997 5226 1165 5272 servorum
1205 5227 1338 5272 suorum
1390 5209 1602 5290 oonqueritur
1624 5208 1725 5294 Deus,
1756 5210 1933 5294 propbetas
1955 5211 2027 5277 illos
2049 5213 2144 5295 quasi
2167 5211 2245 5276 deta
2265 5230 2366 5293 opera

367 5297 480 5376 fidam,
513 5319 615 5380 quum
646 5297 794 5381 permisit
823 5296 908 5361 bane
937 5291 1102 5359 lieentiam
1134 5290 1276 5359 Satanae
1305 5301 1339 5357 et
1390 5313 1527 5376 surgere
1555 5294 1596 5359 ad
1618 5295 1864 5377 opprimendam
1888 5297 2070 5363 veritatem.
2115 5299 2205 5381 Ergo
2234 5316 2294 5379 per
2316 5315 2367 5362 eor
