5038 6118
155 437 195 503 53
741 487 750 498 .
872 432 922 498 IN
946 431 1194 498 IEREMIAM.
1240 432 1338 499 ΟΔΡ.
1360 433 1423 501 ΙΧ.
2099 433 2142 500 54

155 626 215 690 hoc
232 641 332 687 unum
348 627 405 685 eat
429 573 577 694 Deinde,
599 617 682 684 fides
698 619 797 684 simul
812 618 943 684 adducit
959 620 1117 696 umorem,
1142 639 1146 677 ι
1254 619 1306 686 25.
1330 620 1409 688 Eece
1436 623 1505 688 diae
1520 621 1666 702 lemma,
1695 620 1770 688 dt'or't
1789 621 1938 706 Iclaouulr,
1967 625 2001 687 ut
2019 621 2141 687 cebet

155 718 192 776 ut
213 707 280 773 illic
303 705 431 780 dieitur,
457 703 649 786 Propitiatio
670 714 720 770 est
740 703 826 787 apud
850 717 882 770 te
904 712 941 770 ut
964 705 1117 770 timearis.
1169 704 1223 790 (ad
1253 706 1399 784 verbum,
1429 716 1463 771 et
1490 706 1642 791 visitabo)
1668 727 1765 790 asper
1785 726 1905 774 emnem
1927 706 2142 774 dramatum

155 792 221 861 Sed
261 807 435 873 utrumque
474 789 656 856 membrum
692 789 744 857 hie
777 790 929 857 distincte
962 791 1119 873 propbeta
1169 793 1203 856 iu
1221 792 1398 875 praeputio,

156 887 254 946 notet.
309 876 412 975 Nam·
428 874 482 974 ubi
515 873 606 941 Deus
638 875 712 940 vult
744 877 894 960 cognosci
927 876 1118 975 miseriorem,
1254 911 1304 977 25.
1334 909 1436 993 Super
1468 911 1672 995 mmmm,
1707 915 1736 976 et
1766 931 1863 996 super
1896 909 2041 978 Mum
2088 909 2140 976 vol

154 964 252 1064 md.
274 962 370 1062 dlbffl
402 969 521 1026 mum
553 981 611 1025 ¹¹⁰⁵
644 961 684 1024 ad
718 961 831 1060 fill‘m’
868 971 904 1061 ul
936 960 1119 1060 mnqmlll‘*
1169 1017 1267 1079 snper
1291 999 1487 1080 Aegyptum,
1514 1013 1579 1060 tam
1602 997 1642 1062 de
1664 1009 1752 1064 terra
1773 1019 1870 1080 quam
1893 996 1932 1061 de
1954 909 2141 1062 hominibus

155 1070 272 1116 animis
304 1057 489 1146 invocetur,
514 1055 556 1147 'et
588 1068 650 1110 non
679 1045 865 1146 dnbrtemns
893 1067 999 1146 ipsum
1027 1048 1119 1113 nobis
1170 1091 1276 1164 potest
1297 1081 1422 1168 ⁰00in
1443 1087 1470 1147 d
1490 1102 1585 1164 super
1599 1081 1711 1164 Em,
1734 1087 1762 1148 a
1783 1103 1878 1164 super
1892 1082 1977 1164 filios
1994 1083 2139 1166 Am

155 1157 225 1202 esse
255 1147 440 1216 propitium,
469 1152 546 1214 qma
567 1131 921 1254 nonuresprertnqueles
942 1151 1052 1208 umus,
1079 1138 1120 1231 ⁴ut
1170 1173 1312 1248 epm&
1333 1165 1440 1250 Moab,
1463 1173 1490 1234 ά
1510 1187 1606 1249 super
1626 1188 1730 1234 omnes
1749 1167 1857 1249 finitos
1877 1170 1912 1234 in
1934 1167 2047 1252 “mlo
2069 1167 2140 1255 (355

155 1220 311 1318 ¹⁰P⁰¹²d⁸l
333 1217 416 1302 ΨΜ
434 1237 548 1282 ⁸⁰m¹¹⁸
567 1228 692 1316 mm·
714 1217 771 1283 ⁸⁰d
789 1218 995 1316 ¹¹¹d¹¹¹3⁰l¹l⁰¹
1014 1215 1120 1283 ηοω·
1170 1263 1312 1332 vertunt,
1341 1263 1486 1318 attonsos
1511 1273 1648 1338 comem,
1678 1252 1734 1319 sed
1765 1253 1855 1318 nulla
1878 1255 1960 1319 ratio
1981 1252 2140 1338 apparet),

155 1327 229 1374 cam
252 1316 320 1388 egit
343 1323 401 1386 pro
423 1323 483 1368 sua
504 1303 686 1368 clementie.
731 1302 841 1384 Quum
865 1305 944 1369 dreit
968 1322 1001 1368 ee
1019 1304 1121 1385 soom
1170 1338 1341 1404 mam
1361 1340 1397 1404 ξπ
1416 1339 1549 1405 acccc:
1570 1341 1647 1422 quia
1668 1358 1771 1405 mm
1785 1345 1888 1423 qm
1905 1339 2140 1406 iuuencae

154 1393 306 1489 iudieim
321 1390 525 1487 etiaetitiam,
548 1389 624 1453 haee
639 1390 703 1487 duo
718 1387 836 1454 debent
850 1390 977 1454 animos
992 1396 1121 1454 nostroe
1170 1421 1238 1509 (vel
1266 1423 1511 1508 praeputiatae),
1540 1430 1568 1489 a
1595 1429 1657 1490 ww
1685 1425 1796 1491 dom
1818 1421 1923 1491 lma
1945 1425 2140 1508 Pramum

154 1479 195 1542 ad
218 1490 368 1540 timorem
390 1495 460 1539 erus
481 1483 515 1538 et
536 1485 752 1540 reverentram
770 1475 911 1540 formare
929 1483 962 1538 et
979 1475 1119 1539 flectere.
1170 1513 1243 1574 m
1263 1511 1351 1576 corde
1371 1508 1437 1596 (vol
1460 1509 1700 1595 incircumcisi).
1745 1527 1747 1540 .

155 1563 351 1644 Quanquam
374 1559 428 1624 nbi
451 1559 642 1641 pronuntiet
659 1558 750 1626 Deus
771 1581 807 1625 se
828 1559 933 1626 lacere
952 1559 1120 1634 iustitiam,

155 1648 251 1714 simul
293 1646 385 1710 nobie
421 1644 605 1726 suppeditet
645 1645 814 1710 materiem
847 1645 994 1710 fiduciae.
1049 1644 1121 1710 Hoe

153 1734 240 1798 enim
272 1731 366 1795 modo
395 1731 555 1811 promittit
576 1751 611 1795 se
632 1729 702 1794 fore
724 1731 838 1796 salutis
859 1741 991 1797 nostrae
1013 1742 1121 1795 custo·
1256 1731 1435 1815 Postquam
1468 1733 1600 1798 sustulit
1628 1733 1786 1816 prophete
1814 1733 2018 1800 obstaculum
2048 1731 2140 1812 illud,

155 1820 238 1884 dem.
274 1817 367 1893 Nam,
391 1827 427 1880 ut
450 1815 528 1891 dixi,
547 1815 672 1880 iustitia
693 1816 763 1881 eius
786 1837 852 1882 non
874 1828 924 1882 est
945 1814 1121 1897 rependere
1171 1819 1255 1901 qnod
1286 1818 1416 1883 videbat
1444 1838 1515 1884 esse
1541 1820 1576 1884 in
1599 1819 1729 1884 Iudaeis
1755 1819 1929 1902 quominue
1951 1828 2140 1884 reverenter

154 1904 270 1986 cuique
308 1905 427 1966 iustam
466 1901 664 1966 mercedem:
704 1902 761 1968 sed
794 1902 892 1967 latins
925 1901 1122 1978 extenditur,
1172 1904 1358 1985 exciperent
1379 1903 1444 1968 Dei
1466 1905 1657 1984 doctrinam,
1678 1905 1742 1968 iarn
1765 1906 1910 1970 severius
1932 1903 2084 1986 insurgit,
2107 1910 2140 1967 et

154 1987 416 2070 qnandoquidem
446 1987 603 2068 accipitur
635 2007 694 2070 pro
726 1987 801 2052 fide.
851 1987 1014 2068 Quoniam
1045 2007 1122 2070 ergo
1172 1989 1320 2072 fungitur
1350 1987 1454 2055 officio
1483 1991 1651 2071 preeoonie
1679 1990 1714 2054 in
1744 1988 1966 2055 denuntianda
1978 1985 2139 2070 vindicta,

152 2074 246 2140 Deus
278 2093 447 2155 nunqnam
474 2091 549 2136 suos
577 2073 705 2150 deserit,
734 2074 791 2138 sed
820 2073 854 2137 in
878 2084 1021 2156 tempore
1044 2073 1122 2155 ipsis
1172 2095 1255 2156 quae
1276 2072 1430 2139 instabat.
1466 2075 1555 2157 Ecce,
1576 2076 1691 2157 inquit,
1714 2077 1832 2141 renuat
1849 2076 1918 2142 dita
1933 2075 2048 2156 quibus
2063 2073 2140 2138 eisi-

153 2158 339 2235 auxiliatur,
368 2169 400 2221 et
427 2177 498 2222 sese
526 2158 659 2239 opponit
683 2159 857 2240 improbis,
886 2159 948 2224 beo
974 2159 1008 2223 in
1030 2169 1122 2239 parte
1172 2159 1242 2226 tubo
1270 2179 1366 2240 saper
1394 2179 1498 2226 macae
1525 2161 1756 2227 imircuotot'soe
1776 2161 1811 2226 ιιι
1826 2161 2002 2243 praeputio.
2047 2158 2140 2224 Duos

155 2255 291 2312 vocatur
317 2244 431 2309 iustus.
475 2242 563 2307 Hinc
592 2264 669 2327 ergo
697 2263 868 2327 possumus
895 2245 992 2308 etiam
1019 2245 1122 2308 tutius
1173 2266 1288 2312 sensus
1333 2244 1476 2310 admittit
1516 2245 1569 2311 hio
1607 2246 1706 2311 locus.
1767 2245 1908 2326 Quidam
1948 2248 2141 2326 interpretes

154 2336 187 2396 et
209 2330 366 2414 quietiore
385 2327 495 2393 animo
513 2329 546 2391 in
565 2328 671 2411 ipsum
687 2329 884 2406 recumbere,
908 2329 984 2393 dum
1001 2329 1122 2395 seimus
1173 2330 1326 2398 distinete
1358 2332 1521 2414 accipiunt
1557 2330 1617 2396 has
1648 2330 1730 2395 duas
1763 2352 1856 2398 voces
1889 2316 1960 2410 but,
1997 2329 2058 2394 hoo
2091 2341 2141 2394 est

153 2415 255 2482 telem
277 2436 347 2480 esse
369 2415 440 2480 eius
457 2414 624 2493 iustitiam,
648 2425 685 2479 nt
705 2435 872 2496 nunquam
892 2435 950 2480 nos
968 2413 1123 2480 destituet
1173 2417 1414 2494 circumcisum,
1454 2415 1569 2484 deinde
1605 2401 1713 2492 nb'ttn
1749 2417 1784 2480 in
1821 2416 2005 2499 praeputio:
2046 2413 2140 2498 quasi

152 2522 216 2567 suo
231 2501 365 2578 auxilio,
381 2499 507 2581 quoties
524 2520 606 2580 opus
621 2512 680 2564 est.
717 2501 836 2566 Postea
850 2499 949 2574 addit,
968 2500 1122 2580 Quonim
1174 2502 1309 2567 dixisset
1330 2501 1494 2583 Ieremias,
1524 2502 1673 2568 Visitabo
1696 2513 1763 2566 tem
1785 2522 1884 2584 super
1905 2500 2056 2578 Iudaeos,
2084 2500 2142 2582 qui

152 2588 186 2651 ia
209 2586 261 2651 lu‘c
289 2583 578 2667 amplectamus,
604 2585 680 2652 dicit
702 2585 845 2652 laboral.
888 2587 962 2651 Hoc
984 2585 1123 2650 retertur
1173 2597 1251 2653 sunt
1279 2587 1470 2664 circmcisi,
1499 2607 1595 2671 quam
1619 2609 1716 2669 super
1737 2599 1852 2669 gentes
1874 2587 2034 2669 profanas,
2059 2604 2141 2668 quae

152 2673 193 2737 ed
219 2672 380 2738 homines:
403 2672 497 2754 quasi
519 2669 641 2736 diceret
662 2670 754 2737 Deus
776 2693 811 2736 ιι
832 2671 906 2737 odio
929 2670 1122 2736 heberaeos
1174 2682 1304 2758 geatam
1333 2675 1539 2756 praeputium
1561 2695 1666 2740 sunm.
1712 2673 1779 2737 Alii
1801 2672 1997 2739 coniunctim
2021 2672 2142 2756 legunt,

153 2759 338 2840 omnesqui
354 2757 529 2838 praeterita
545 2757 660 2822 notitia
676 2757 819 2822 iustitiae
835 2770 867 2821 et
883 2757 1123 2822 miserirordiae
1173 2757 1257 2841 quod
1288 2759 1410 2825 scilicet
1441 2761 1530 2824 Deus
1563 2760 1707 2824 minetur
1740 2755 1917 2824 vindictam
1947 2755 2077 2822 Indaeis
2108 2767 2143 2821 et

153 2843 226 2909 eins
255 2852 288 2908 et
316 2843 426 2907 iudicii
454 2841 621 2919 ferociunt,
650 2851 684 2906 et
704 2862 775 2907 sese
796 2843 938 2908 efferunt
959 2860 1044 2906 vana
1065 2862 1123 2922 spe
1174 2844 1336 2927 gentibus,
1366 2846 1441 2926 quia
1470 2845 1537 2909 sint
1559 2844 1749 2921 circumcisi,
1783 2843 1839 2908 sed
1862 2843 1958 2908 simul
1982 2842 2143 2907 retineant

154 2931 208 2994 vel
241 2939 373 3012 propter
403 2928 549 3010 divitias,
583 2926 635 2992 vel
664 2938 797 3011 propter
827 2929 1036 3011 sapientiem,
1070 2927 1122 2991 vel
1175 2931 1389 3012 praeputium.
1443 2930 1557 2995 Potest
1595 2941 1706 2994 tamen
1746 2927 1913 2995 commode
1946 2930 1993 2993 ita
2024 2929 2142 3009 exponi

153 3027 287 3097 propter
309 3013 540 3096 tortitudinem,
561 3011 833 3095 quemadmodum
856 3013 975 3078 dicitur
992 3012 1124 3078 Psalmo
1175 3015 1280 3091 locus,
1320 3017 1471 3096 quoniam
1509 3016 1652 3080 mixtura
1692 3023 1764 3078 erat
1801 3033 1883 3095 quae
1920 3020 2144 3094 corrumperet

155 3102 219 3166 147
241 3099 285 3185 (v.
312 3097 378 3186 10):
409 3099 483 3164 Non
506 3100 610 3180 placet
631 3098 704 3163 Deo
726 3098 879 3164 tortitudo
905 3098 990 3180 equi,
1019 3118 1123 3179 neque
1176 3099 1382 3166 sanctitatem
1404 3101 1665 3176 circumcisionis,
1691 3109 1724 3164 et
1746 3102 1867 3166 faceret
1887 3098 2026 3164 similem
2049 3117 2143 3180 prae·

154 3186 336 3252 delectatur
358 3186 505 3250 cruribus
527 3184 608 3249 viri:
631 3183 725 3266 qnasi
748 3183 883 3250 diceret:
906 3183 1124 3250 Abominatur
1176 3186 1267 3270 putio
1289 3186 1455 3267 gentium:
1477 3206 1515 3250 ac
1536 3187 1564 3250 ιι
1587 3186 1708 3252 dictum
1731 3196 1827 3267 esset,
1857 3184 1996 3250 Viettubo
2014 3185 2144 3249 οινοιιι·

153 3271 248 3336 Deus
270 3269 432 3345 fiduciam,
459 3287 525 3350 qua
545 3289 616 3334 sese
638 3279 760 3333 temere
782 3269 945 3334 extollunt
967 3268 1123 3344 homines,
1175 3273 1275 3338 cisum
1300 3271 1336 3334 ιι
1358 3273 1536 3354 praeputio,
1564 3271 1624 3337 hoe
1653 3282 1704 3336 eat
1730 3271 1860 3335 mixtim
1884 3282 1917 3334 et
1938 3271 2008 3335 eine
2030 3267 2143 3334 discri-

155 3358 233 3421 dnm
262 3355 455 3419 existimant
483 3356 585 3418 vitam
614 3374 706 3419 snam
737 3361 771 3419 et
799 3355 937 3420 salutem
968 3354 1031 3419 eibi
1053 3373 1124 3420 ease
1175 3358 1273 3434 mine,
1305 3355 1575 3438 quemadmodum
1605 3357 1744 3422 dicimus
1773 3354 1885 3438 lingua
1917 3370 2026 3421 nostra
2055 3352 2144 3419 Peste

154 3444 188 3505 in
219 3461 320 3506 manu
347 3439 485 3523 propria.
531 3437 586 3504 Sic
609 3441 706 3504 etiam
730 3439 883 3506 hocloco
905 3440 1017 3506 subest
1039 3441 1124 3503 anti·
1176 3442 1274 3508 maele.
1327 3441 1410 3506 Nam
1441 3443 1538 3525 paulo
1567 3453 1638 3525 post
1666 3442 1827 3522 sequitur,
1864 3440 1977 3507 Οηιιιι
2005 3460 2069 3506 asse
2097 3441 2145 3504 ιι-

155 3527 259 3593 thesis
288 3527 374 3591 inter
403 3525 620 3608 cognitionem
649 3526 853 3604 clementiae,
888 3526 1031 3590 iustitiae
1060 3524 1125 3589 Dei
1176 3527 1371 3593 ιινιιιηιοιιοι
1392 3529 1490 3604 corde,
1513 3526 1650 3594 Iudaeos
1672 3529 1759 3610 ipsos
1775 3527 1856 3591 dico.
1890 3525 2050 3590 Videmus
2066 3544 2144 3606 ergo

155 3625 188 3676 et
220 3610 343 3690 iudicii,
385 3623 419 3676 et
451 3612 538 3674 inter
570 3612 778 3692 sapientiam,
817 3611 1059 3687 tortitudinem,
1092 3623 1125 3675 et
1177 3622 1212 3678 ut
1245 3611 1405 3695 prophete
1436 3615 1629 3696 permisceat
1662 3611 1898 3677 circumcisioni
1925 3611 2141 3693 praeputium,

155 3698 297 3774 divitias,
325 3709 357 3762 et
386 3697 520 3761 stultam
550 3696 791 3779 gloriationem,
821 3718 883 3780 qua
911 3697 1017 3762 inflati
1046 3709 1125 3761 sunt
1177 3719 1241 3763 non
1269 3697 1354 3780 qnod
1382 3697 1481 3764 vellet
1503 3718 1630 3764 sacrum
1652 3696 1733 3762 illud
1755 3696 1939 3780 symbolum
1961 3695 2142 3778 adoptionis

154 3781 314 3859 homines,
343 3783 396 3847 ubi
426 3802 518 3847 suam
549 3783 781 3848 beatitudinem
810 3783 844 3848 in
869 3804 904 3846 se
926 3783 1006 3864 ipsis
1027 3801 1126 3864 quae·
1177 3783 1366 3868 profanare:
1396 3782 1452 3848 sed
1481 3785 1613 3865 respicit
1640 3783 1682 3849 ed
1709 3781 1856 3859 Iudaeos,
1886 3782 1951 3862 qui,
1981 3792 2019 3846 ut
2047 3789 2143 3845 erant

155 3878 242 3934 runt.
276 3867 373 3932 Nunc
394 3869 491 3932 etiam
514 3865 600 3932 clare
618 3869 830 3950 perspicimus
852 3867 936 3948 quod
954 3877 1031 3932 ante
1047 3867 1124 3942 dixi,
1177 3870 1363 3954 degeneres,
1391 3869 1438 3934 ιιι
1466 3867 1730 3934 adulteraverant
1751 3868 1865 3933 foedus
1887 3865 1960 3943 Dei,
1990 3877 2023 3930 et
2044 3865 2142 3932 simul

156 3974 274 4036 nempe
305 3974 369 4017 non
399 3959 526 4017 tantum
556 3952 705 4018 damnari
732 3953 783 4018 his
807 3952 914 4018 verbis
935 3953 1124 4018 iactantiam
1178 3954 1380 4020 violaverant
1418 3954 1712 4032 circumcisionem,
1753 3963 1789 4016 ut
1827 3952 1910 4016 nihil
1943 3951 2090 4017 differret
2123 3971 2143 4016 e

156 4038 320 4105 humanae
350 4039 479 4103 virtutis
509 4041 543 4102 et
563 4037 702 4121 gloriam
724 4039 913 4121 sapientiae,
943 4039 994 4102 vel
1016 4057 1124 4118 opum,
1176 4039 1353 4122 praeputio.
1408 4037 1479 4122 Ego
1510 4041 1611 4121 igitur
1643 4040 1688 4104 sic
1721 4037 1887 4108 existimo,
1925 4037 2064 4103 Iudaeos
2095 4039 2143 4102 ita

156 4125 213 4189 sed
236 4123 384 4189 homines
406 4126 482 4188 exui
503 4143 636 4205 prorsus
657 4123 747 4189 omni
768 4123 895 4202 fiducia,
918 4144 1013 4205 quam
1036 4123 1071 4186 in
1090 4142 1125 4187 se
1175 4125 1336 4190 recenseri
1358 4145 1432 4190 eum
1455 4125 1615 4204 gentibus,
1637 4137 1674 4188 ut
1696 4132 1803 4187 tamen
1822 4120 1946 4188 tribuat
1963 4125 2061 4189 etiam
2076 4123 2141 4188 illis
2221 4172 2223 4178 a

155 4209 237 4293 ipsis
265 4227 439 4292 reponunt,
469 4208 523 4272 vel
552 4219 667 4292 petunt
696 4231 712 4274 a
742 4209 871 4285 mundo,
902 4222 938 4273 ut
966 4207 1034 4274 sole
1062 4209 1124 4272 Dei
1177 4212 1389 4293 praeputium.
1442 4209 1579 4276 Viettabo
1607 4210 1707 4292 tetur
1731 4227 1851 4273 manem
1871 4210 2086 4275 caramerum
2107 4209 2143 4274 ia

156 4294 299 4379 cognitio
329 4295 407 4376 ipsis
436 4293 477 4358 ad
507 4296 679 4376 perlectam
710 4295 942 4362 beatitudinem
972 4293 1123 4358 sufficiat.
1172 4297 1349 4376 praeputio,
1379 4296 1439 4362 boo
1467 4307 1525 4374 est,
1555 4297 1648 4362 cuius
1669 4295 1870 4360 circumcisio
1893 4295 1999 4360 inanis
2021 4307 2079 4368 est,
2110 4301 2143 4358 et

156 4380 242 4446 Nam
271 4379 430 4464 propheta
459 4380 538 4444 satis
566 4387 677 4462 aperte
706 4379 908 4446 demonstrat
933 4400 1046 4444 omnes
1069 4379 1125 4443 ho·
1177 4392 1287 4445 manet
1320 4381 1490 4463 praeputio
1522 4381 1646 4446 similis.
1680 4378 1865 4462 ¹Quidquid
1897 4381 1951 4455 sit,
1984 4379 2144 4464 propheta

158 4469 262 4532 mines
296 4475 391 4530 extra
419 4463 525 4528 Deum
556 4487 626 4530 esse
655 4467 799 4531 miseros.
852 4465 941 4529 Hinc
969 4464 1125 4546 sequitur,
1176 4467 1230 4531 hic
1251 4465 1423 4531 denuntiat
1443 4466 1567 4532 cladem
1586 4465 1947 4542 nonIndaeistantum,
1971 4465 2143 4532 sedetiam

158 4572 224 4618 non
253 4551 330 4616 alibi
356 4571 450 4632 quam
481 4551 515 4614 in
545 4551 616 4634 ipso
641 4572 711 4616 essa
734 4551 851 4616 felices.
894 4550 1015 4616 Modus
1038 4570 1126 4613 nunc
1177 4553 1361 4636 Aegyptiis,
1400 4563 1434 4616 et
1466 4552 1581 4618 vicinis
1612 4550 1683 4615 aliis
1717 4549 1884 4633 gentibue:
1924 4551 1980 4616 sed
2013 4551 2144 4634 respicit

156 4637 326 4702 addendus
341 4649 403 4701 est:
421 4635 579 4720 quomodo
596 4635 703 4701 felices
719 4657 834 4701 sumus
849 4637 882 4701 in
898 4635 991 4700 Deo?
1009 4655 1126 4717 nempe
1178 4647 1286 4702 tamen
1326 4636 1483 4720 populum
1516 4657 1630 4717 auum,
1668 4637 1744 4718 quie
1774 4636 1951 4720 Aegyptiis
1984 4657 2048 4702 non
2082 4636 2144 4700 luit

158 4723 186 4784 si
201 4725 308 4806 ipsum
327 4725 552 4805 cognoscimus
566 4741 643 4805 erga
658 4743 716 4786 nos
731 4720 987 4788 misericordem:
1011 4719 1125 4785 deinde
1177 4722 1358 4788 destinatus
1382 4724 1434 4787 bio
1452 4743 1569 4799 sermo,
1591 4743 1696 4803 neque
1715 4720 1889 4796 ldumaeis,
1913 4721 1964 4788 vel
1980 4721 2142 4786 Moabitis.

158 4809 186 4871 si
209 4807 364 4872 tradimus
386 4828 445 4873 nos
466 4810 501 4873 in
524 4810 593 4873 eius
614 4807 793 4874 custodiam
811 4818 845 4871 et
864 4807 974 4886 fidem,
997 4817 1030 4870 et
1047 4807 1125 4870 sini·
1177 4807 1243 4874 Sed
1265 4808 1415 4889 quoniam
1443 4807 1589 4872 solebant
1610 4807 1723 4871 Iudaei
1745 4807 1786 4872 ad
1809 4807 1989 4892 Aegyptios
2010 4827 2045 4872 se
2067 4825 2143 4871 oon-

158 4913 234 4957 mus
254 4914 314 4957 nos
336 4893 376 4958 ab
398 4895 468 4977 ipso
491 4893 686 4976 gubernari,¹
699 4904 732 4957 et
749 4893 937 4959 subiioimus
952 4913 1011 4957 nos
1027 4891 1124 4956 etiam
1177 4894 1276 4969 terre,
1310 4893 1339 4957 ei
1372 4892 1457 4974 quod
1490 4891 1662 4960 discrimen
1694 4891 1837 4958 instabat
1866 4894 1906 4958 ab
1936 4891 2083 4974 Assyriis
2112 4901 2144 4956 et

158 4975 224 5061 legi
241 4978 353 5060 ipsius,
370 4981 522 5061 quoniam
539 4978 717 5043 metuimus
732 4979 801 5044 eius
816 4979 981 5044 iudicium.
1010 4978 1126 5042 Posset
1177 4978 1365 5055 Chaldaeis,
1398 4979 1469 5044 ideo
1502 4979 1663 5062 propheta
1694 4977 1748 5045 bie
1781 4977 1930 5060 adiungit
1961 4975 2144 5060 Aegyptios

159 5063 289 5144 quidem
318 5062 371 5127 hie
400 5064 491 5129 locus
514 5065 608 5148 longe
631 5063 763 5128 uberius
785 5063 934 5130 tractari:
965 5062 1021 5128 sed
1043 5062 1126 5126 mibi
1176 5064 1322 5130 Iudaeis:
1357 5064 1468 5129 eadem
1502 5065 1600 5130 etiam
1631 5070 1681 5128 est
1710 5063 1792 5128 ratio
1819 5063 1957 5127 aliarum
1986 5063 2143 5143 gentium.

84 5187 90 5194 -
159 5148 279 5214 sufficit
301 5150 469 5231 complecti
492 5170 633 5215 summas
656 5171 776 5228 rerum,
799 5169 888 5213 more
907 5168 988 5214 meo.
1029 5147 1126 5213 Nunc
1177 5151 1308 5216 Scimus
1341 5148 1469 5232 quidem
1502 5148 1674 5215 Idumaeos
1708 5161 1742 5213 et
1769 5148 1930 5213 Moabitas
1960 5147 2061 5213 luisse
2093 5147 2144 5211 in·

160 5237 315 5317 sequitur,
1177 5235 1375 5300 tenuissimos
1413 5235 1525 5302 hostes
1555 5235 1699 5300 Iudaeis:
1741 5234 1797 5298 sed
1837 5241 1874 5297 ut
1913 5243 1983 5298 erat
2016 5233 2145 5298 diversa

1178 5330 1360 5403 temporum
1394 5321 1549 5402 conditio,
1582 5323 1630 5386 ita
1658 5338 1745 5384 nnnc
1773 5319 1897 5402 hostes,
1930 5340 2017 5385 nune
2050 5317 2144 5384 amici

1907 5420 1941 5473 4*
