5158 6124
375 429 439 495 aea
1186 420 1572 489 esaunnomouns
2200 374 2205 385 ¹
2299 432 2354 498 ses

376 637 491 702 operae
518 614 657 700 pretium
688 611 808 694 lacere,
837 611 864 676 si
894 631 949 676 eos
977 610 1110 676 trahant
1136 611 1230 693 quasi
1252 609 1349 676 nihili
1399 609 1523 687 iiciant,
1553 617 1587 676 et
1615 611 1781 693 perferant
1803 632 1906 695 aequo
1929 613 2038 677 animo
2061 610 2219 690 exsilium,
2246 615 2354 698 suppli·

376 702 552 785 mancipia:
576 698 633 765 sed
655 699 755 763 linem
776 717 844 764 non
866 697 966 762 alium
987 697 1066 778 fore,
1088 696 1152 762 nisi
1174 707 1212 762 ut
1234 718 1349 762 omnes
1399 697 1481 761 citer
1509 705 1688 782 agnoscant
1715 698 1837 762 iustum
1860 696 1925 762 Dei
1952 698 2118 766 iudicium.
2161 698 2247 764 Haeo
2266 700 2355 784 igitur

376 790 551 863 intereant.
602 785 681 849 Ideo
713 783 792 850 dicit
815 784 966 866 percote:
994 784 1099 866 t'pans:
1131 791 1181 848 est
1209 781 1349 848 mutatio
1400 803 1528 846 summa
1555 793 1614 848 est.
1666 783 1740 848 Non
1773 793 1823 848 est
1856 792 1967 849 autem
2001 783 2131 850 diversa
2158 785 2277 864 concio,
2306 789 2354 852 sed

375 874 514 941 numeri.
547 870 744 954 Quanquam
763 875 872 934 autem
887 871 1029 934 refertur
1043 868 1085 933 ad
1100 888 1213 954 regem
1228 869 1348 951 ipsum,
1400 877 1530 933 tantum
1563 869 1735 934 confirmat
1771 870 1932 952 propheta
1964 869 2049 953 quod
2083 870 2172 953 prius
2202 869 2293 950 dixit,
2328 887 2356 936 ot

377 957 664 1044 comprehenditur
694 965 802 1021 tamen
832 963 920 1020 totns
950 956 1114 1020 exercitus
1144 955 1204 1020 sub
1232 955 1348 1038 capite.
1400 954 1499 1019 simul
1529 953 1750 1020 accommodat
1779 956 1884 1021 minas
1907 953 1972 1022 Dei
2001 955 2041 1020 ad
2071 954 2179 1038 populi
2202 976 2299 1032 usum,
2326 967 2356 1022 ut

378 1047 533 1114 Peroutiet
562 1043 666 1128 igitur
694 1043 779 1124 ipsos
810 1061 862 1108 ore
893 1040 1010 1124 eladii,
1044 1061 1105 1106 aon
1131 1045 1254 1123 parcet,
1287 1059 1349 1106 aon
1400 1060 1471 1106 sese
1493 1039 1678 1120 humilient,
1709 1061 1814 1123 neque
1837 1041 1978 1123 amplius
2001 1042 2190 1106 existiment
2209 1042 2266 1106 sibi
2287 1042 2357 1107 utile

376 1135 513 1217 ipsoscet
540 1129 739 1216 (quanquam
766 1127 831 1192 sint
859 1125 1059 1212 synonyma)
1087 1131 1116 1193 et
1141 1146 1202 1191 aon
1222 1127 1348 1192 misere·
1400 1126 1478 1205 lore,
1500 1126 1587 1209 quod
1605 1127 1652 1190 ita
1670 1126 1857 1209 praefractis
1876 1128 1993 1193 animis
2013 1127 2171 1192 resistunt
2190 1126 2267 1204 Deo,
2288 1148 2357 1208 quo·

376 1219 470 1298 bitur,
493 1213 765 1313 quemadmodum
789 1213 886 1312 etiam
909 1214 1000 1313 prius
1022 1213 1131 1278 visum
1150 1213 1221 1278 luit.
1256 1212 1349 1301 Deus
1401 1213 1489 1311 niam
1530 1211 1662 1277 tandem
1702 1212 1790 1296 ipsos
1827 1212 2039 1280 succumbere
2071 1223 2224 1296 oporteat.
2275 1211 2358 1278 Dicet

377 1323 562 1472 teta:
583 1320 677 1452 zu:
697 1297 1350 1467 :sauss:tresanus
1395 1297 2031 1466 :tttttastttttttts
2048 1297 2196 1449 :tta
2209 1297 2297 1464 tt
2314 1319 2359 1448 :t

377 1487 476 1542 erunt
496 1470 725 1556 implacabiles,
755 1491 821 1536 non
851 1478 1008 1554 poterunt
1035 1471 1122 1536 flecti
1151 1468 1191 1536 ad
1222 1470 1348 1534 miseri·
1401 1470 1455 1534 via
1488 1467 1627 1534 mortis?
1661 1489 1751 1551 ecoe,
1784 1472 1909 1554 inquit,
1946 1471 2096 1552 Quisquis
2128 1468 2306 1535 habitaverit
2330 1472 2359 1533 io

378 1561 537 1630 cordiam:
574 1558 727 1643 quoniam
761 1557 808 1622 ita
839 1557 1013 1639 mandavi,
1046 1564 1081 1622 et
1112 1555 1279 1639 impellam
1312 1563 1349 1619 ot
1400 1555 1474 1620 urbe
1506 1556 1563 1622 boo
1592 1557 1742 1622 morietur
1770 1555 1817 1621 cel
1845 1557 1971 1640 plodio,
2003 1556 2050 1622 vel
2076 1555 2178 1638 scote,
2210 1554 2255 1619 uel
2275 1559 2358 1636 peste.

378 1655 601 1730 exsequantur
632 1642 787 1708 indicium
820 1663 939 1707 meum.
990 1643 1035 1707 Et
1067 1641 1128 1708 hoo
1156 1663 1223 1707 non
1253 1641 1349 1706 debet
1401 1640 1474 1706 Hoc
1503 1641 1565 1706 luit
1594 1642 1782 1707 incredibile
1804 1642 1953 1707 Iudaeis:
1985 1663 2046 1708 nec
2068 1639 2202 1706 dubium
2224 1649 2271 1705 est
2291 1642 2358 1723 quio

377 1731 485 1798 videri
513 1729 699 1808 absurdum,
729 1726 816 1813 quod
835 1727 930 1794 Deus
959 1727 1156 1811 implacabili
1178 1725 1350 1794 iracundia
1401 1727 1525 1792 fuerint
1564 1729 1691 1793 accensi
1727 1729 1763 1792 in
1798 1728 1959 1806 furorem,
1995 1748 2095 1811 quum
2130 1725 2278 1793 audirent
2307 1724 2360 1790 sibi

378 1818 517 1885 voluerit
544 1815 698 1900 populum
727 1815 817 1880 hunc
846 1815 879 1879 in
911 1813 1052 1879 nihilum
1075 1813 1232 1898 redigere.
1278 1812 1350 1880 Soi-
1401 1812 1606 1896 pereundum
1636 1835 1706 1879 esse
1734 1815 1769 1878 in
1800 1815 1880 1879 urbe
1909 1823 2022 1879 sancta
2052 1833 2150 1896 quam
2182 1810 2269 1876 Deus
2295 1830 2359 1894 pro·

377 1926 452 1970 mus
485 1903 571 1970 enim
604 1909 729 1984 quanta
761 1901 860 1966 luerit
891 1900 926 1965 in
960 1899 1136 1966 sceleribus
1167 1899 1350 1966 obstinatio.
1402 1899 1542 1982 tegebat.
1573 1899 1660 1964 Nam
1681 1899 1749 1966 illio
1771 1900 1912 1965 habebat
1933 1920 2030 1965 suum
2052 1900 2280 1973 sanctuarium,
2301 1909 2361 1960 erat

379 1989 545 2073 Quoniam
575 1988 677 2072 igitur
706 1988 835 2070 saepius
855 1986 918 2051 Dei
948 1986 1199 2052 misericordiam
1221 1985 1350 2069 repule-
1404 1986 1473 2050 eius
1505 1985 1644 2068 requies.
1698 1985 1765 2052 Sed
1798 1988 1863 2051 iam
1897 1985 2056 2069 propheta
2089 1984 2153 2050 illis
2188 1993 2362 2048 excusserat

378 2085 470 2154 rant,
510 2073 744 2159 quodammodo
780 2072 1026 2156 praecluserant
1056 2074 1190 2138 ianuam
1223 2071 1349 2137 veniae.
1403 2091 1516 2136 omnes
1555 2071 1635 2136 istas
1675 2071 1830 2138 fallacias.
1886 2071 2002 2156 Itaque
2041 2071 2142 2136 libere
2175 2069 2279 2154 potuit
2304 2068 2364 2142 illis

378 2163 469 2228 Hinc
505 2162 627 2227 factum
664 2164 715 2226 est
750 2167 788 2224 ut
824 2159 916 2224 Deus
952 2157 1053 2223 vellet
1085 2157 1267 2225 Chaldaeos
1304 2158 1351 2222 ita
1404 2157 1538 2237 minari,
1568 2159 1715 2240 quamvis
1748 2158 1926 2224 obiicerent
1958 2177 2035 2222 suos
2068 2156 2142 2222 illos
2173 2160 2363 2238 praetextus:

379 2250 487 2314 lurore
524 2248 595 2313 sine
633 2245 699 2312 ullo
734 2266 833 2312 sensu
868 2243 1091 2312 humanitatis.
1147 2243 1265 2311 Postea
1299 2264 1349 2308 se-
1403 2243 1663 2326 qnandoquidem
1697 2245 1776 2310 satis
1808 2244 1914 2310 iustas
1943 2263 2058 2309 causas
2086 2240 2285 2319 reddiderat,
2315 2259 2365 2304 our

379 2335 498 2418 quitur,
1402 2328 1486 2395 nihil
1515 2328 1712 2412 sperandum
1742 2338 1827 2395 esset
1857 2329 1972 2394 auxilii
1995 2349 2015 2392 a
2036 2329 2118 2411 Deo,
2147 2347 2245 2411 quem
2271 2326 2363 2400 toties,

1402 2424 1437 2480 et
1458 2425 1526 2480 tam
1547 2415 1717 2494 obstinate,
1747 2426 1781 2480 et
1804 2425 1870 2481 tam
1893 2415 2030 2482 dirersis
2053 2414 2159 2479 modis
2181 2430 2365 2496 provocave-

466 2505 496 2571 8.
520 2503 564 2569 Et
585 2504 628 2569 od
644 2504 798 2587 papatum
817 2501 899 2568 buno
919 2502 1011 2584 dices,
1036 2500 1090 2566 Sto
1110 2501 1187 2567 dicit
1205 2500 1350 2584 Iebovolr,
1403 2512 1488 2567 rant.
1535 2500 1621 2566 Haec
1640 2502 1744 2584 igitur
1764 2502 1818 2568 oio
1838 2505 1883 2567 est
1904 2502 2020 2580 mertia,
2047 2498 2165 2583 inquit,
2195 2500 2225 2563 si
2245 2497 2367 2562 monetis

379 2591 472 2673 Eece,
515 2611 570 2674 eqo
601 2609 745 2670 propono
782 2608 886 2654 eoram
923 2587 1008 2652 vobis
1047 2583 1170 2670 (coram
1210 2586 1353 2653 faciebus
1404 2589 1440 2654 io
1467 2585 1550 2652 urbe.
1594 2588 1640 2651 Et
1668 2599 1816 2654 recenset
1840 2586 1951 2669 plnres
1972 2587 2104 2670 species,
2133 2587 2227 2668 quasi
2249 2583 2367 2656 diceret,

379 2675 512 2762 vestris)
544 2677 630 2742 mom
656 2675 738 2740 vitae
763 2673 921 2760 (vitarum
954 2673 995 2738 ad
1025 2671 1175 2758 verbum)
1208 2678 1236 2738 et
1267 2674 1353 2739 viam
1406 2673 1515 2738 Deum
1535 2693 1605 2740 esse
1628 2685 1790 2738 armatum
1813 2694 1878 2738 non
1900 2683 2028 2738 tantum
2051 2670 2161 2756 gladio
2181 2670 2299 2752 hostili,
2319 2665 2367 2732 sed

378 2763 497 2831 morlia
1405 2760 1503 2824 etiam
1532 2760 1616 2824 lame
1645 2769 1678 2823 et
1706 2769 1807 2842 peste,
1837 2768 1873 2824 nt
1901 2758 1981 2824 alios
2002 2757 2112 2843 gladio
2134 2755 2269 2834 occidat,
2297 2755 2368 2818 alios

465 2848 495 2914 9.
522 2849 583 2930 Qui
608 2845 758 2912 mestit
779 2848 815 2911 in
835 2843 912 2910 arbe
932 2844 991 2910 buo
1012 2844 1160 2910 mosem
1181 2843 1297 2928 plodio,
1326 2849 1353 2911 et
1406 2847 1490 2910 lame
1512 2851 1693 2925 consumat,
1717 2844 1797 2910 alios
1819 2844 2009 2929 exstinguat
2031 2853 2132 2926 peste.
2167 2843 2258 2927 Ergo
2272 2849 2368 2906 osten·

377 2936 479 3018 scote,
502 2938 651 3016 etpeate:
678 2932 734 3014 qui
755 2937 860 2998 uatem
881 2949 1026 3015 egressam
1044 2930 1152 3012 fuerit,
1181 2935 1210 2994 et
1230 2929 1353 2997 babita-
1407 2931 1455 2996 dit
1487 2931 1533 2995 ita
1564 2932 1652 3014 ipsos
1685 2932 1896 2996 constrictum
1926 2930 1968 2995 iri
1996 2929 2158 3012 undique,
2194 2939 2232 2995 ut
2259 2927 2370 2992 frustra

378 3021 457 3087 verit
493 3018 643 3118 (vertunt
678 3016 812 3102 quidam
847 3018 1058 3100 interpretes,
1095 3018 1149 3100 qui
1187 3017 1353 3083 ceciderit:
1407 3025 1567 3083 conentur
1605 3016 1708 3082 elabi:
1748 3016 1901 3100 quoniam
1939 3017 1967 3083 si
2007 3015 2185 3100 effugerint
2224 3013 2368 3099 gladium,

380 3105 437 3171 sed
476 3103 621 3171 dicemus
660 3103 700 3168 de
736 3102 797 3169 hoc
833 3104 935 3168 verbo
973 3101 1100 3188 postea)
1139 3103 1226 3184 opud
1263 3101 1353 3168 Cleol-
1406 3104 1507 3186 pestis
1544 3101 1608 3168 illis
1643 3107 1801 3168 occurret.
1862 3101 1899 3170 Si
1934 3104 2033 3168 etiam
2071 3123 2091 3166 a
2127 3110 2220 3184 peste
2259 3097 2370 3164 servati

379 3191 483 3272 dacos,
512 3191 567 3271 qui
596 3190 733 3255 obsident
760 3209 823 3269 vos,
853 3188 942 3271 aiod,
971 3194 1000 3253 et
1020 3189 1131 3252 aalma
1156 3189 1208 3254 illi
1234 3190 1294 3254 erit
1319 3190 1355 3255 io
1405 3189 1541 3272 fuerint,
1571 3188 1674 3254 tames
1702 3189 1790 3272 ipsos
1818 3190 1976 3254 conficiet.
2030 3188 2150 3260 Postea
2179 3184 2288 3264 addit,
2319 3181 2372 3264 Qui

378 3277 525 3357 spoliem.
1407 3280 1511 3341 cutem
1532 3293 1673 3358 cpreastrs
1691 3275 1790 3356 suerit
1811 3276 1853 3341 ad
1877 3273 2061 3355 Chaldaeos,
2083 3274 2140 3357 qai
2161 3293 2217 3340 uos
2238 3269 2371 3348 obsideat,

1407 3361 1470 3427 hoo
1499 3371 1557 3437 est,
1588 3361 1644 3445 qui
1667 3371 1782 3444 sponte
1804 3382 1839 3426 se
1862 3359 2053 3425 dediderint.
2099 3359 2183 3426 Nam
2209 3356 2372 3423 illuderet

465 3445 531 3511 Hie
554 3444 644 3508 Deus
673 3443 814 3508 affirmat
841 3461 875 3508 ae
897 3462 1074 3525 proponere
1102 3443 1188 3508 viam
1217 3444 1299 3508 uitae
1328 3447 1356 3508 et
1407 3445 1609 3512 obedientiae
1648 3446 1793 3530 signum,
1833 3467 1933 3530 quum
1967 3446 2083 3511 Iudaei
2114 3444 2244 3528 placido
2275 3443 2373 3506 animo

382 3534 468 3598 viam
481 3531 591 3597 mortis
599 3528 726 3612 populo,
748 3550 863 3612 nempe
879 3539 917 3594 ut
931 3539 1020 3594 certo
1035 3528 1150 3606 sciant,
1168 3529 1355 3612 quicunque
1407 3533 1589 3614 reciperent
1611 3534 1859 3598 correctionem:
1886 3542 1919 3596 ot
1942 3530 2040 3596 simul
2064 3540 2135 3598 erat
2155 3528 2373 3595 testimonium

381 3616 562 3683 manebunt
584 3617 617 3680 in
641 3615 731 3694 urbe,
754 3617 970 3700 propinquam
992 3615 1033 3680 iis
1054 3616 1175 3680 instare
1198 3622 1354 3679 mortem:
1408 3617 1636 3700 poenitentiae,
1658 3620 1811 3701 quoniam
1834 3619 1895 3684 hoo
1918 3616 2013 3682 modo
2035 3616 2225 3683 latabantur
2246 3636 2281 3680 se
2302 3635 2373 3696 qua·

383 3705 439 3788 qni
473 3711 582 3768 autem
615 3700 766 3774 exibunt,
799 3713 832 3766 ot
864 3722 900 3765 se
931 3703 1018 3766 ultro
1048 3699 1168 3767 dedant
1198 3700 1355 3779 hostibus,
1408 3703 1487 3769 libet
1509 3703 1602 3786 gravi
1625 3722 1729 3784 poena
1751 3725 1822 3770 esse
1845 3706 1969 3788 dignos.
2014 3702 2107 3768 Haeo
2129 3703 2215 3768 ratio
2238 3711 2295 3778 est,
2324 3719 2374 3764 our

382 3789 456 3854 illos
488 3789 558 3852 fore
587 3785 704 3852 salros.
754 3787 864 3852 Moses
893 3785 957 3850 alio
984 3809 1083 3853 sensu
1113 3787 1190 3854 dicit
1218 3807 1253 3852 se
1282 3807 1356 3869 pro·
1408 3787 1568 3873 propheta
1588 3789 1736 3854 nominet
1757 3791 1842 3856 viam
1863 3792 1944 3856 vitoe
1965 3795 1993 3856 et
2013 3789 2135 3868 edatis,
2158 3787 2275 3852 venire
2296 3787 2374 3852 ultro

383 3895 504 3960 ponere
527 3873 614 3937 viam
638 3873 725 3937 vitae
747 3882 780 3936 et
802 3873 889 3936 viam
915 3873 1037 3937 mortis.
1082 3874 1248 3958 Loquitur
1269 3873 1356 3937 enim
1409 3882 1442 3940 et
1470 3874 1660 3939 voluntaria
1689 3874 1854 3941 deditione
1888 3878 1922 3940 in
1948 3875 2052 3941 hostis
2081 3885 2288 3959 potestatem.
2336 3873 2374 3938 Et

384 3961 424 4028 de
446 3960 518 4043 lege
540 3957 654 4042 (Deut
675 3958 727 4034 30,
752 3957 815 4044 15),
839 3977 923 4040 quae
940 3959 1085 4023 continet
1106 3959 1357 4042 promissionem
1409 3981 1509 4044 quum
1540 3960 1619 4025 dicit
1640 3961 1697 4042 qut'
1719 3983 1772 4028 vos
1800 3963 1936 4028 obsiderat
1962 3945 2058 4036 02’517
2077 3973 2191 4036 ornan,
2221 3973 2271 4025 est
2299 3960 2375 4026 anti·

407 4047 509 4110 retiae
529 4044 601 4120 Dei,
623 4054 655 4106 et
677 4045 784 4108 minas
806 4043 964 4108 adversus
987 4055 1254 4127 transgressores.
1289 4043 1356 4110 Sed
1409 4047 1545 4131 oipotio,
1586 4047 1661 4129 quia
1698 4048 1770 4114 vult
1806 4068 1977 4115 occurrere
2014 4039 2267 4124 obiectionibus,
2303 4066 2375 4132 quas

383 4069 438 4198 lio
466 4129 554 4197 aliud
576 4128 640 4194 sibi
662 4129 732 4192 vult
753 4129 923 4213 propheta,
953 4127 1038 4211 quod
1060 4129 1182 4196 scilieet
1204 4150 1269 4194 non
1293 4129 1357 4194 alia
1410 4132 1631 4215 unusquilibet
1664 4153 1682 4196 e
1715 4134 1833 4217 populo
1874 4135 1991 4200 afferre
2025 4141 2167 4217 poterat:
2211 4129 2376 4213 Quomodo

384 4219 429 4284 sit
461 4237 536 4300 spes
569 4214 683 4281 salutis
715 4235 814 4298 quam
843 4216 871 4279 si
899 4214 1019 4281 collum
1053 4215 1130 4298 iugo
1163 4213 1358 4280 submittant
1410 4217 1533 4284 audebo
1563 4239 1614 4283 me
1644 4219 1825 4301 prolicere?
1855 4240 1931 4286 nam
1954 4219 2103 4286 obsident
2125 4239 2185 4284 nos
2208 4217 2376 4286 Chaldaei:

384 4302 508 4380 Iudaei,
538 4312 571 4366 et
600 4309 717 4384 sponte
747 4299 879 4364 tradant
908 4323 942 4366 so
965 4296 1125 4366 hostibus:
1157 4302 1307 4384 quoniam
1330 4299 1358 4365 si
1410 4313 1519 4368 actum
1548 4304 1650 4387 igitur
1677 4307 1740 4369 erit
1769 4306 1810 4372 de
1839 4307 1909 4372 vita
1935 4327 2017 4386 mea,
2047 4305 2075 4372 si
2097 4325 2158 4388 ego
2178 4306 2319 4390 supplex
2341 4301 2377 4370 ad

386 4388 597 4474 pertinaciter
629 4385 731 4450 velint
763 4384 935 4451 defendere
968 4406 1063 4451 suum
1096 4392 1233 4466 statum,
1267 4386 1358 4450 Deus
1410 4389 1498 4472 ipsos
1526 4392 1666 4454 veniam.
1713 4391 1865 4468 Minime,
1896 4394 2003 4476 inquit
2034 4391 2205 4475 propheta,
2237 4390 2377 4477 quamvis

384 4475 450 4541 erit
485 4471 551 4539 illis
591 4472 709 4551 hostis,
748 4473 899 4555 quoniam
941 4471 1062 4538 direxit
1094 4470 1278 4537 Chaldaeos
1317 4471 1357 4535 ad
1410 4474 1498 4540 enim
1526 4474 1645 4540 bellum
1676 4492 1793 4560 gerant
1822 4479 1960 4564 capitale
1988 4499 2063 4544 oum
2092 4476 2154 4542 hae
2176 4480 2269 4559 urbe,
2300 4478 2378 4562 quis·

385 4558 599 4647 pugnandum
639 4567 675 4644 et
713 4555 876 4641 gubernat
918 4565 985 4622 tam
1025 4558 1171 4642 ipsorum
1214 4556 1358 4634 consilia,
1411 4559 1483 4643 quis
1511 4568 1618 4626 tamen
1645 4573 1759 4644 sponte
1781 4563 1821 4627 ad
1845 4563 1933 4648 ipsos
1955 4566 2131 4644 transierit,
2161 4563 2218 4630 ille
2241 4562 2379 4630 manebit

385 4667 484 4730 quam
516 4663 644 4710 munus·
695 4641 879 4708 Confirmat
911 4653 1020 4708 aulem
1052 4642 1252 4726 tuperiorem
1284 4641 1357 4706 don·
1410 4645 1531 4726 salvus,
1560 4657 1594 4710 et
1623 4650 1764 4730 reperiet
1792 4649 1879 4732 ipsos
1904 4671 2082 4735 propensos
2105 4651 2146 4716 ad
2169 4651 2377 4718 clementiam.

386 4735 525 4799 trinam:
562 4729 620 4796 sed
656 4727 754 4794 simul
787 4729 892 4793 minas
924 4729 998 4792 illas
1030 4727 1071 4792 ad
1105 4749 1199 4793 usum
1232 4746 1357 4792 accom-
1411 4731 1483 4796 Non
1511 4733 1719 4814 promitteret
1745 4733 1806 4799 hoo
1825 4735 1926 4813 Deus,
1958 4739 2020 4805 nisi
2044 4737 2180 4804 haberet
2202 4737 2379 4804 Chaldaeos

386 4818 514 4885 modat:
544 4824 582 4882 ut
610 4814 733 4880 scilicet
755 4814 867 4878 ludaei
898 4811 1045 4895 deposita
1067 4813 1259 4896 pervicacia,
1287 4824 1358 4877 tan·
1410 4817 1446 4882 in
1464 4837 1564 4881 manu
1583 4838 1652 4893 sua,
1672 4829 1710 4882 ut
1724 4821 1869 4887 flecteret
1886 4844 2000 4889 eorum
2018 4825 2145 4889 animos
2160 4824 2195 4888 in
2212 4837 2378 4903 utramque

387 4904 462 4971 dem
483 4911 663 4988 agnoscant
685 4921 720 4966 se
743 4919 808 4964 non
830 4919 925 4981 posse
946 4899 1089 4982 effugere
1104 4900 1360 4983 castigationem,
1410 4912 1547 4985 partem
1581 4902 1750 4984 Quantum
1773 4909 1891 4974 attinet
1909 4909 1950 4974 ad
1969 4910 2105 4974 verbum
2129 4893 2194 4989 ΒΘ),
2217 4907 2379 4994 significat

387 5009 486 5074 quam
514 4990 623 5054 meriti
646 4997 733 5053 sunt.
779 4983 916 5050 Summa
938 4993 997 5062 est,
1028 4985 1177 5068 qnoniam
1201 4982 1359 5050 Chaldaei
1411 4989 1539 5072 proprie
1562 4988 1693 5054 cadere:
1717 4992 1773 5056 sed
1798 4991 1851 5059 bic
1873 5015 1932 5078 pro
1955 4993 2104 5060 habitare
2122 4999 2266 5077 positum
2282 4997 2379 5059 inter·

388 5075 533 5142 militant
554 5076 614 5141 sub
628 5073 693 5138 Dei
711 5069 864 5153 auspiciis
882 5069 952 5136 lore
971 5071 1127 5136 victores:
1150 5069 1221 5136 ideo
1237 5072 1360 5135 frustra
1411 5084 1529 5156 pretor,
1553 5083 1590 5139 ut
1607 5077 1707 5140 etiam
1725 5078 1801 5144 alibi
1818 5079 1985 5146 Geneseos
2000 5081 2042 5146 25
2058 5080 2101 5165 (r.
2120 5082 2188 5166 18):
2211 5077 2381 5148 Habitarit

389 5160 528 5227 Iudaeos
550 5162 710 5238 resistere,
741 5157 893 5241 quoniam
916 5176 981 5220 non
1003 5163 1156 5238 poterunt
1178 5156 1271 5235 elabi,
1295 5155 1360 5221 nisi
1411 5159 1532 5226 Ismaal
1554 5161 1586 5224 in
1611 5177 1785 5246 conspectu
1810 5164 1948 5230 fratrum
1967 5187 2110 5246 suorum,
2135 5168 2186 5234 vel
2204 5190 2223 5233 e
2241 5167 2379 5250 regione.

388 5247 460 5312 Deo
482 5247 554 5330 ipso
576 5247 674 5329 victo,
703 5244 787 5328 quod
809 5241 880 5308 fieri
894 5262 968 5340 non
989 5251 1105 5324 potest.
1150 5240 1240 5325 llrgo
1263 5240 1360 5306 relin-
1412 5242 1477 5325 Qui
1511 5261 1680 5328 exponunt
1712 5271 1782 5316 esse
1811 5261 1991 5332 mortuum,
2024 5263 2113 5320 certe
2147 5274 2212 5320 non
2243 5257 2381 5336 tangunt

389 5333 460 5418 quit
483 5353 573 5415 spem
596 5353 707 5412 unam,
729 5331 756 5398 si
779 5327 948 5412 temporat
971 5346 1095 5409 poenae
1116 5346 1151 5392 se
1173 5327 1260 5392 ultro
1284 5325 1359 5391 sub·
1412 5351 1516 5414 neque
1539 5333 1674 5412 coelum,
1698 5356 1801 5417 neque
1824 5345 1954 5403 terram.
1999 5339 2065 5404 Alii
2090 5347 2234 5423 vertunt,
2257 5335 2380 5405 Cecidit
