5118 6136
360 407 424 474 571
1167 397 1552 467 Pssautuormrtns
2298 401 2362 466 ata

361 607 437 662 ante
460 595 675 661 admonuerat
695 591 806 656 Moses
823 589 923 655 etiam
945 588 1138 670 impostores
1161 585 1336 671 aliquando
1388 587 1435 654 sie
1457 585 1635 654 tonandum
1658 599 1708 654 est
1730 588 1781 654 ἐπὶ
1791 589 1828 652 τὸ
1844 587 1938 671 πολὺ,
1959 588 2020 654 hoo
2042 596 2100 672 est,
2123 595 2161 654 ut
2182 588 2360 671 plurimum

362 703 476 748 verum
499 679 615 756 disere,
638 697 742 760 neque
763 675 836 740 ideo
853 673 918 739 illis
940 694 1010 740 esse
1028 671 1235 738 eredendum.
1269 671 1336 738 Sed
1388 693 1443 738 eos
1464 674 1521 757 qni
1543 695 1622 741 vera
1644 674 1845 758 praediount,
1875 695 1945 742 esse
1965 673 2030 739 Dei
2058 673 2244 756 propbetas.
2288 674 2360 742 Hae

362 765 540 833 tenendum
562 761 649 848 quod
671 783 767 845 saepe
786 762 875 827 Deus
897 758 1089 843 pronuntiat
1111 757 1197 842 apud
1215 757 1334 824 Isaiam
1388 773 1438 824 est
1459 760 1612 843 generale
1634 760 1728 843 quasi
1750 759 1897 826 axioma:
1923 760 1979 826 sed
2001 759 2079 826 hino
2102 780 2167 825 non
2189 781 2361 844 possumus

362 853 427 939 (44,
440 851 483 936 Ἰ),
503 871 602 935 quum
614 845 900 916 soilioetvendieat
918 845 980 912 sibi
995 846 1051 910 nni
1065 844 1209 910 omnium
1225 864 1335 910 rerum
1388 845 1519 925 inferro,
1541 847 1726 928 quiounque
1749 844 1810 912 hoe
1821 845 1875 914 vel
1889 846 1970 912 illud
1981 846 2016 910 in
2034 845 2140 928 speeie
2159 845 2361 930 praediount,

361 936 619 1023 praescientiam,
640 933 701 1014 Ῑιι,
717 933 832 1015 inquit,
851 935 884 997 st
898 931 1052 1015 inquirite
1067 951 1110 994 an
1128 928 1173 994 dii
1188 930 1336 1013 gentium
1387 951 1459 998 essa
1482 931 1590 998 aDeo
1613 933 1738 1009 missos,
1762 941 1800 996 ut
1822 939 1891 997 tota
1911 952 2024 998 eornm
2042 931 2192 996 doetrina
2213 951 2291 998 vera
2308 933 2360 998 sit

362 1022 582 1107 respondeant
605 1020 644 1087 de
666 1019 763 1086 rebus
785 1016 913 1083 futuris.
958 1016 1116 1082 Videmus
1139 1025 1176 1082 ut
1195 1015 1255 1080 sibi
1274 1013 1336 1082 hos
1388 1016 1538 1099 Speoiale
1560 1018 1659 1102 igitur
1689 1038 1791 1082 unum
1814 1017 2004 1086 vatioinium
2032 1038 2097 1083 non
2124 1017 2289 1084 sufficeret
2320 1017 2361 1084 ad

363 1111 455 1175 Deus
477 1108 573 1191 quasi
595 1106 763 1191 proprium
792 1103 967 1182 attribuat,
997 1121 1113 1185 nempe
1140 1122 1335 1184 praeoogno-
1389 1101 1611 1186 probationem
1630 1103 1731 1169 totius
1753 1102 1921 1170 doetrinae
1943 1115 1977 1169 et
1998 1102 2187 1170 ministerii:
2210 1104 2291 1170 satis
2311 1115 2363 1170 est

363 1216 454 1264 seere
476 1215 529 1259 res
551 1194 694 1271 futuras,
725 1202 757 1256 et
787 1188 827 1255 de
855 1189 921 1254 illis
943 1188 1167 1254 testimonium
1190 1186 1335 1253 reddere.
1389 1188 1475 1272 quod
1498 1187 1589 1254 Deus
1611 1188 1759 1271 eoarguit
1781 1211 1892 1255 eorum
1915 1190 2113 1268 vanitatem,
2139 1189 2195 1273 qui
2225 1211 2269 1255 ex
2286 1211 2361 1273 pro·

364 1281 408 1346 lIt
430 1290 518 1348 eerte
541 1278 621 1344 nihil
644 1275 798 1362 liquidius
819 1280 877 1356 est,
903 1295 999 1358 quam
1023 1273 1063 1339 de
1085 1273 1181 1339 rebus
1202 1272 1336 1340 oeoultis
1390 1275 1460 1356 prio
1483 1296 1582 1340 sensu
1604 1276 1656 1340 vel
1686 1275 1817 1341 eerebro
1839 1274 2034 1357 loquuntur,
2058 1274 2112 1338 ubi
2134 1285 2273 1342 eventus
2293 1298 2361 1342 non

363 1366 470 1434 solum
493 1364 600 1431 Deum
629 1384 722 1446 posse
747 1361 845 1444 loqui.
890 1361 976 1426 Nam
1005 1360 1153 1425 homines
1183 1367 1337 1441 poterunt
1389 1359 1574 1443 respondet.
1627 1360 1761 1427 Interea
1798 1361 1936 1446 insignit
1974 1361 2153 1443 prophetas
2192 1381 2268 1426 suos
2301 1363 2363 1427 hae

364 1453 426 1518 hoe
454 1451 507 1516 vel
537 1449 618 1514 illud
646 1448 821 1515 ooniioere:
849 1447 905 1512 sed
934 1453 1086 1530 poterunt
1113 1446 1211 1510 etiam
1240 1464 1337 1528 saepe
1389 1456 1466 1512 nota
1485 1455 1521 1512 ut
1543 1444 1746 1513 demonstret
1774 1467 1811 1512 re
1838 1447 1967 1530 ipsese
1990 1445 2054 1512 illis
2079 1447 2178 1512 lnism
2205 1457 2362 1526 autorem,

365 1538 444 1605 lalli.
479 1535 649 1618 Quantum
668 1534 709 1598 ad
732 1531 895 1599 diabolum
913 1541 1046 1615 speetat,
1069 1531 1219 1614 relinquo
1238 1551 1335 1615 argu·
1389 1532 1445 1597 ubi
1475 1532 1655 1614 eompletur
1682 1531 1839 1617 quidquid
1873 1532 1915 1599 ab
1951 1531 2030 1615 ipsis
2060 1531 2259 1617 praedietum
2288 1534 2362 1600 fuit.

363 1633 415 1690 ιιι
448 1621 701 1706 disputationes,
735 1620 771 1685 in
799 1617 919 1701 quibus
951 1639 986 1684 se
1019 1615 1135 1699 fatigat
1166 1617 1337 1698 praeeipue
1390 1617 1560 1699 Quantum
1584 1617 1624 1683 ad
1648 1616 1948 1702 pseudoprophetas
1971 1628 2112 1701 speetat,
2139 1619 2289 1704 spetialis
2311 1631 2363 1686 est

364 1710 581 1794 Augustinus.
633 1706 720 1772 Nam
748 1725 826 1786 prae
854 1704 927 1770 aliis
954 1703 1048 1770 sudat
1078 1703 1139 1769 hae
1169 1705 1203 1767 in
1234 1711 1337 1786 parte,
1389 1725 1485 1770 eausa
1517 1724 1575 1770 our
1607 1703 1700 1770 Deus
1733 1712 1862 1770 tantum
1895 1704 1959 1771 illis
1995 1706 2166 1787 permittat
2197 1705 2363 1771 libentiae:

365 1794 525 1878 quomodo
546 1793 664 1858 diaboli
687 1792 883 1875 patelaeiant
904 1811 956 1856 res
980 1790 1104 1854 futuras
1126 1797 1159 1853 et
1181 1788 1336 1854 oseultas:
1389 1790 1542 1875 quoniam
1564 1789 1688 1856 seilicet
1714 1789 1834 1874 dignus
1865 1799 1914 1856 est
1942 1789 2085 1857 mundus
2114 1790 2175 1856 hae
2206 1792 2364 1871 moreede,

366 1878 639 1964 quemadmodum
670 1877 755 1955 dixi,
785 1876 969 1961 spanulatur
997 1875 1094 1940 nimis
1122 1896 1159 1940 ar
1183 1882 1252 1953 ute,
1281 1875 1339 1940 sed
1389 1875 1466 1941 dum
1496 1883 1612 1960 sponte
1639 1896 1710 1942 sese
1744 1876 1840 1941 offert
1870 1875 2105 1958 decipiendum.
2156 1875 2277 1954 Satan,
2307 1879 2365 1959 qui

365 1966 483 2034 solutio
506 1964 724 2041 diffieultatis,
754 1963 874 2045 inqua
896 1983 982 2028 nune
1004 1981 1134 2039 sumus,
1160 1895 1259 2044 Ionge
1281 1983 1338 2027 ex·
1390 1971 1483 2045 pater
1509 1971 1559 2028 est
1586 1960 1762 2037 mendatii,
1799 1961 1902 2028 tendit
1929 1961 2072 2045 undique
2102 1963 2288 2030 hominibus
2317 1963 2365 2029 la·

365 2051 505 2139 peditior
528 2059 596 2133 est:
618 2050 723 2134 primo
740 2056 923 2114 statuamus
938 2069 990 2113 res
1013 2046 1139 2112 futuras
1158 2066 1223 2110 non
1245 2067 1339 2128 posse
1391 2067 1505 2131 queas:
1539 2047 1586 2112 illi
1618 2058 1724 2112 autem
1755 2048 1885 2115 obviam
1919 2057 2108 2124 susurrant,
2140 2059 2173 2114 et
2204 2057 2366 2132 appetunt

366 2139 431 2204 nisi
453 2159 472 2202 ι
494 2135 563 2203 selo
577 2135 650 2201 Deo
668 2135 828 2218 eognosei,
851 2142 884 2199 et
905 2133 978 2200 ideo
996 2132 1092 2199 siouti
1111 2153 1209 2215 penes
1230 2133 1339 2214 ipsum
1391 2155 1461 2200 sese
1483 2135 1639 2216 proiieere
1660 2134 1694 2200 in
1721 2133 1791 2199 eius
1814 2133 1987 2216 desipulas.
2030 2134 2134 2218 Digni
2162 2135 2263 2218 igitur
2285 2147 2367 2200 sunt

366 2225 471 2290 solum
504 2231 554 2289 est
590 2221 819 2304 praescientia,
858 2219 904 2284 ita
938 2241 1002 2284 non
1035 2238 1129 2301 posse
1162 2217 1338 2301 quidquam
1391 2220 1446 2305 qui
1463 2220 1685 2303 obtemperent
1702 2218 1883 2296 mendatio:
1907 2221 1982 2303 quis
2000 2218 2116 2285 nolunt
2134 2220 2265 2286 eredere
2281 2223 2369 2287 veri-

365 2309 514 2376 luturum
537 2306 591 2373 vel
617 2307 779 2373 oooultum
807 2304 965 2389 praedici,
999 2305 1062 2370 nisi
1095 2304 1135 2369 ab
1165 2305 1234 2386 ipso
1261 2304 1338 2369 solo.
1391 2305 1460 2383 tati,
1477 2303 1749 2388 quemadmodum
1766 2304 1844 2372 dioit
1861 2306 1985 2371 Paulus
2003 2304 2047 2390 (2.
2063 2305 2219 2372 Thesei.
2235 2308 2366 2394 10.11).

365 2395 498 2462 Interea
531 2415 597 2459 non
631 2393 779 2476 sequitur
811 2393 888 2475 quin
922 2391 1016 2457 Deus
1048 2391 1133 2456 hane
1173 2391 1339 2455 lieentiam
1392 2391 1487 2457 Nune
1509 2412 1586 2475 ergo
1610 2391 1835 2473 videmusque
1858 2402 1982 2474 speotet
2003 2392 2173 2456 eonsilium
2190 2392 2366 2460 Ieremias:

366 2481 491 2546 diabolo
514 2490 547 2543 et
568 2480 639 2544 eius
654 2479 812 2544 ministris
828 2477 1005 2560 permittat,
1029 2484 1066 2540 ut
1086 2475 1208 2540 seilioet
1225 2497 1339 2540 verum
1392 2498 1458 2542 non
1481 2477 1552 2543 vult
1573 2477 1709 2559 probare
1736 2497 1850 2542 omnes
1880 2497 1951 2542 esse
1981 2496 2076 2543 veros
2105 2478 2280 2561 prophetas
2306 2480 2366 2562 qui

365 2566 488 2648 aliquid
519 2565 717 2646 praedicant.
769 2560 962 2643 Quomodo?
991 2561 1088 2626 sicuti
1115 2561 1252 2626 Balaam
1280 2562 1341 2626 luit
1392 2565 1461 2630 veri
1482 2562 1605 2646 aliquid
1628 2561 1832 2646 praedicunt,
1862 2583 1967 2647 neque
1989 2565 2077 2628 enim
2098 2563 2131 2627 id
2153 2566 2274 2648 agitur:
2306 2565 2366 2632 sed

365 2654 521 2735 impostor
543 2650 598 2731 qui
620 2659 753 2731 paratus
781 2661 852 2712 erat
874 2646 1030 2712 vatioinia
1058 2667 1118 2711 sua
1147 2646 1252 2712 loeare
1281 2658 1340 2713 aut
1390 2649 1490 2716 sumit
1511 2649 1712 2714 eontrarium
1734 2649 1925 2729 membrum,
1955 2669 2072 2732 nempe
2098 2652 2249 2718 eonvinei
2277 2652 2367 2718 falsi-

366 2736 519 2819 vendere,
537 2733 810 2818 quemadmodum
828 2735 907 2799 satis
923 2741 1035 2798 notum
1053 2737 1118 2796 est:
1141 2740 1212 2798 erat
1230 2743 1338 2798 tamen
1391 2735 1468 2800 tatis
1483 2735 1665 2816 quiennque
1684 2735 1745 2800 hoo
1757 2734 1810 2798 vel
1832 2734 1917 2799 illud
1934 2736 2133 2818 promittunt
2154 2735 2240 2817 quod
2252 2749 2366 2819 postea

366 2823 532 2908 propheta.
580 2819 645 2888 Sed
667 2819 729 2885 hoe
751 2819 813 2885 luit
841 2819 961 2885 donum
991 2817 1202 2900 partieulsre,
1235 2828 1272 2884 ut
1300 2819 1340 2884 de
1391 2819 1646 2903 deprehenditur
1675 2820 1774 2886 luisse
1800 2841 1933 2886 vanum.
1982 2821 2020 2886 si
2054 2821 2125 2903 quis
2158 2843 2236 2904 ergo
2269 2843 2367 2906 prae·

366 2912 464 2975 rebus
496 2907 593 2974 tertis
626 2906 834 2988 praedioeret.
879 2905 974 2972 Unde
1008 2905 1067 2970 hoo
1101 2904 1240 2970 habuit?
1276 2926 1340 2970 non
1391 2906 1511 2972 dixerit
1532 2904 1654 2988 aliquid
1681 2905 1842 2988 futurum,
1872 2918 1905 2972 et
1934 2927 1986 2972 res
2015 2906 2086 2989 ipsa
2116 2928 2183 2972 non
2206 2913 2364 2985 evenerit,

366 2994 482 3060 habuit
504 3013 523 3056 ι
545 2993 681 3069 diabolo,
705 2992 767 3057 nisi
790 3001 950 3074 quatenus
972 2991 1019 3055 ita
1034 2990 1104 3056 Deo
1122 2990 1261 3072 placuit:
1282 2991 1339 3058 sed
1392 2993 1456 3057 iam
1479 2991 1559 3056 satis
1581 2992 1754 3056 manifesta
1784 3003 1833 3056 est
1860 2993 1929 3058 eius
1952 2994 2130 3058 temeritas.
2175 2994 2264 3058 Hine
2283 3016 2364 3078 ergo

366 3089 476 3145 tamen
499 3078 569 3160 ipsa
592 3079 713 3144 veritas
735 3077 925 3143 uenalium
949 3075 1341 3160 habetfontemexquo
1393 3090 1526 3160 apparet
1556 3098 1622 3141 non
1653 3077 1751 3142 luisse
1774 3078 1911 3143 missum
1933 3098 1953 3143 a
1974 3079 2062 3157 Deo,
2088 3079 2186 3146 sieuti
2214 3081 2364 3146 instabat.

366 3165 537 3250 proveniat
559 3185 654 3247 quam
672 3163 782 3229 Deum
800 3173 833 3228 et
850 3164 921 3228 eius
940 3163 1100 3246 spiritum.
1134 3161 1244 3243 Quum
1262 3183 1340 3246 ergo
1391 3164 1465 3230 Hoo
1488 3173 1537 3228 est
1558 3162 1725 3230 eonsilium
1747 3162 1923 3242 Ieremias,
1952 3185 2059 3246 neque
2089 3164 2175 3230 ultra
2196 3167 2368 3250 progredi-

368 3249 516 3316 diabolus
539 3249 660 3332 aliquid
684 3250 752 3314 veri
774 3247 983 3333 pronuntiet,
1017 3247 1079 3312 hoe
1100 3256 1150 3313 ast
1171 3249 1263 3331 quasi
1287 3269 1340 3313 ex·
1393 3259 1461 3315 tur:
1498 3268 1564 3315 non
1592 3250 1679 3314 enim
1707 3248 1852 3331 disputat
1881 3271 1922 3314 ιι
1956 3253 2140 3333 quieunque
2171 3251 2369 3334 praediount

368 3345 519 3402 trunsum
542 3343 576 3400 et
598 3334 825 3400 adventitium.
859 3333 931 3398 Iam
953 3354 1053 3416 quum
1077 3331 1217 3400 diximus
1235 3335 1340 3398 solum
1392 3355 1471 3401 vera
1492 3336 1560 3400 sint
1581 3333 1737 3400 divinitus
1760 3335 1866 3412 missi,
1900 3345 1934 3400 et
1967 3357 2009 3400 ιι
2042 3335 2191 3403 habenda
2219 3339 2262 3403 sit
2283 3338 2368 3404 fides

368 3424 477 3489 Deum
499 3443 570 3487 osse
593 3423 662 3486 veri
692 3426 854 3497 autorem,
888 3417 966 3484 hine
990 3417 1136 3502 sequitur
1168 3419 1341 3502 prophetas
1392 3441 1504 3490 eorum
1527 3420 1709 3501 doetrinae,
1738 3428 1776 3486 ut
1804 3421 1874 3486 sine
1897 3421 2088 3504 exeeptione
2115 3422 2181 3489 illis
2203 3423 2368 3491 eradatur.

284 3529 287 3536 ·
368 3510 425 3591 qui
448 3507 489 3606 ab
513 3527 551 3572 eo
581 3505 671 3572 missi
701 3516 794 3585 sunt,
828 3528 893 3607 nori
925 3523 1019 3589 pesse
1049 3503 1133 3604 lalli:
1166 3504 1242 3586 quia
1275 3526 1342 3604 non
1393 3506 1445 3572 De
1477 3507 1542 3606 hae¹
1571 3526 1607 3571 re
1640 3527 1706 3572 non
1740 3505 1883 3591 disputat
1916 3508 2087 3573 Ieremias:
2132 3511 2189 3609 sed
2221 3511 2371 3576 ostendit

368 3593 709 3762 tttlttttttf‘t
730 3601 1011 3757 tttttttt?
1019 3591 1343 3744 'diluldiieflb
1393 3591 2372 3763 tttttttsttttttttttltttstttttttltt

368 3764 449 3830 illud
472 3764 700 3847 pronuntiant,
731 3763 854 3831 habent
878 3785 952 3828 eum
983 3773 1138 3830 autorem.
1184 3761 1248 3830 Sed
1278 3772 1343 3828 ter·
1394 3762 1480 3847 quod
1503 3785 1569 3828 uon
1591 3763 1750 3829 habuerat
1771 3785 1791 3828 ι
1812 3762 1878 3828 Dei
1910 3765 2036 3847 spiritu.
2085 3767 2130 3832 Et
2151 3766 2238 3832 idem
2267 3769 2373 3834 stiam

368 3851 450 3916 mini
483 3851 537 3917 isti
574 3871 639 3916 non
680 3858 756 3916 sunt
794 3848 1040 3928 convertibiles,
1080 3859 1117 3914 ut
1155 3848 1344 3932 loquuntur,
1394 3849 1467 3915 vult
1487 3850 1613 3932 Moses,
1644 3848 1915 3931 quemadmodum
1945 3871 2051 3935 nuper
2080 3855 2224 3935 exposui.
2270 3853 2373 3934 Quod

370 3956 486 4017 nempe
509 3957 624 4002 verum
647 3935 833 4019 praedicere
855 3942 888 3999 ιι
910 3955 980 4000 esse
998 3957 1110 4001 verum
1134 3935 1343 4019 prophetam:
1395 3945 1504 4002 autem
1533 3935 1612 4002 dioit
1627 3935 1797 4017 propbetas
1824 3936 1879 4016 qui
1905 3936 2033 4018 fuerant
2061 3938 2204 4005 omnibus
2232 3940 2375 4006 smerdes

372 4021 505 4107 quidam
522 4022 622 4101 enim,
644 4019 918 4102 quemadmodum
938 4018 1016 4104 dixi,
1034 4019 1235 4103 praedicunt,
1259 4021 1345 4105 quod
1395 4023 1577 4090 υιιιιιιαιοι
1596 4022 1699 4104 faisse
1719 4042 1813 4104 super
1834 4027 1935 4088 terras
1956 4023 2082 4107 meam,
2110 4029 2253 4108 etaaper
2272 4045 2375 4109 repen

371 4113 485 4192 postea
521 4129 581 4172 usu
614 4115 648 4171 et
683 4107 907 4190 experimento
945 4104 1196 4187 deprehenditur
1230 4127 1344 4173 verum
1395 4129 1525 4190 mapsa,
1555 4107 1711 4190 restringi
1733 4107 1827 4172 debet
1856 4107 1898 4174 ad
1919 4127 2017 4174 veros
2038 4110 2225 4193 prophetas.
2270 4112 2376 4176 'llam-

373 4216 459 4271 esse,
490 4203 524 4257 et
546 4203 655 4258 tamen
678 4202 755 4257 sunt
781 4193 989 4276 impostores,
1018 4212 1079 4256 neo
1100 4192 1190 4258 Deus
1220 4193 1345 4268 deeimo
1396 4195 1458 4259 etsi
1480 4194 1567 4257 enim
1597 4193 1741 4274 profanis
1770 4193 1921 4277 gentibus
1949 4195 2083 4261 fuerunt
2111 4217 2240 4280 semper
2267 4197 2376 4278 aliqui

373 4281 430 4346 illo
452 4291 567 4346 ottavo
590 4278 694 4359 eapite
716 4279 965 4344 Deuteronomii
988 4277 1094 4341 voluit
1123 4278 1199 4342 dare
1222 4288 1345 4344 oertam
1396 4287 1504 4358 vates,
1538 4298 1605 4342 non
1638 4287 1748 4343 tamen
1783 4278 1934 4363 dignatus
1967 4280 2084 4348 fuisset
2112 4282 2267 4349 Ieremias
2295 4283 2377 4349 illos

372 4365 613 4443 definitionem,
644 4384 709 4447 qua
740 4362 927 4448 designaret
957 4363 1133 4447 prophetas
1161 4386 1257 4430 suos:
1288 4363 1345 4430 sed
1397 4371 1488 4428 tanto
1517 4361 1648 4430 honore.
1692 4365 1737 4429 Et
1759 4364 1820 4431 hoe
1842 4375 1913 4430 erat
1935 4367 2072 4432 miseere
2091 4389 2185 4434 saera
2212 4370 2378 4451 profanis,

374 4451 525 4535 quoniam
549 4448 682 4515 videbat
702 4449 869 4516 Israelitas
891 4450 990 4516 nimis
1019 4450 1087 4515 fore
1114 4449 1279 4526 eredulos,
1311 4457 1346 4514 ut
1396 4450 1425 4515 si
1447 4448 1561 4514 eedem
1583 4448 1695 4515 ordine
1717 4451 1856 4516 loaasset
1870 4473 1973 4517 vanos
1988 4452 2061 4518 illos
2083 4453 2315 4538 praediatores,
2339 4465 2378 4520 et

374 4536 490 4620 eupide
523 4536 706 4619 arriperent
744 4533 901 4618 quidquid
939 4543 1025 4602 esset
1065 4535 1202 4609 dietum,
1244 4534 1346 4601 voluit
1396 4554 1491 4603 veros
1513 4535 1696 4619 prophetas.
1743 4535 1809 4601 Sed
1832 4537 1951 4603 seimus
1973 4559 2085 4605 omnes
2108 4539 2173 4605 Dei
2194 4562 2307 4606 servos
2326 4541 2379 4607 ita

373 4625 523 4688 fraenare
549 4620 639 4684 illam
664 4621 904 4703 intemperiem,
933 4632 966 4688 et
993 4621 1156 4704 eorrigere
1185 4619 1345 4686 fervorem
1396 4641 1581 4688 sermonem
1603 4621 1761 4687 direxisse
1783 4621 1824 4688 ad
1846 4624 1983 4689 eleotum
2006 4626 2176 4708 populum,
2199 4636 2238 4692 ut
2259 4638 2379 4692 tamen

373 4710 469 4775 illum
488 4706 705 4772 immodicum.
742 4706 843 4772 Iussit
857 4706 957 4792 igitur
971 4716 1127 4774 eventum
1148 4717 1346 4790 exspeetare,
1396 4706 1496 4774 verba
1529 4707 1673 4774 laterent
1706 4709 1746 4772 de
1778 4710 1887 4791 regnis
1919 4711 2079 4790 externis,
2113 4712 2152 4776 de
2182 4711 2379 4796 longinquis

375 4796 467 4879 quasi
499 4793 629 4867 diosret,
664 4790 704 4856 Si
736 4792 821 4858 inter
851 4814 909 4859 vos
941 4804 1080 4878 surgant
1112 4793 1168 4876 qui
1201 4792 1261 4860 hoe
1295 4793 1346 4858 vel
1397 4793 1595 4880 regionibus.
1640 4794 1684 4858 Et
1717 4792 1776 4860 hoe
1809 4816 1875 4860 non
1909 4794 1966 4861 abs
1997 4817 2033 4861 re
2066 4818 2257 4881 expressum
2289 4799 2379 4864 luit:

374 4881 455 4946 illud
474 4877 808 4964 promittantnomins
822 4899 901 4959 meo,
923 4880 1090 4946 aestatim
1106 4878 1347 4962 amplectamini
1397 4883 1472 4962 quia
1494 4901 1595 4962 quum
1614 4880 1714 4945 verba
1737 4879 1879 4946 laterent
1901 4881 1941 4950 de
1963 4882 2152 4949 monarohia
2173 4885 2283 4967 aliqua
2306 4907 2379 4950 non

374 4965 532 5066 quidquid
554 4963 776 5064 effutiverint:
799 4964 856 5030 ssd
872 4974 982 5064 ιιιιιι
998 4974 1135 5032 eventus
1157 4965 1283 5030 dooebit
1302 4986 1347 5065 an
1398 4971 1549 5066 poterant
1571 4965 1729 5065 eoniieere
1752 4966 1999 5067 quid-futurum
2021 4979 2115 5070 esset:
2160 4969 2250 5054 Ergo
2276 4991 2380 5053 opor-

374 5073 454 5203 tt.
468 5049 1348 5221 'titttttt..itttttlt,ltttttttff
1398 5055 2381 5221 tt.ttt”tittttritsttttt‘t.ittet

375 5231 413 5288 ut
452 5222 536 5288 nibil
574 5222 798 5306 praedixerint
830 5221 916 5304 quod
952 5243 1019 5287 non
1051 5231 1158 5288 ratum
1196 5222 1349 5289 habuerit
1399 5224 1537 5306 speciale
1558 5222 1687 5307 aliquod
1711 5223 1832 5288 donum
1854 5224 2071 5306 vaticinandi,
2102 5239 2214 5311 potero
2245 5229 2382 5295 laoilius

375 5308 477 5389 Deus,
500 5317 533 5375 et
555 5330 591 5374 re
612 5309 684 5393 ipsa
705 5307 884 5376 ostenderit
912 5329 933 5372 a
959 5329 994 5374 se
1024 5309 1212 5392 profestum.
1258 5309 1347 5393 Ergo
1399 5311 1529 5376 mentiri
1552 5318 1586 5374 et
1607 5309 1729 5388 fallere,
1759 5310 1787 5374 si
1809 5308 1924 5392 loquar
1947 5310 1987 5378 ds
2010 5312 2090 5379 urbs
2112 5333 2179 5378 una
2201 5313 2382 5396 duntaxat,
