5158 6124
212 474 277 540 365
922 473 971 538 IN
995 473 1245 540 IERllblIAlll.
1290 472 1388 539 cAP.
1411 471 1509 540 XXI.
2151 479 2217 546 366

216 687 286 733 sors
309 665 380 730 eius
403 683 513 728 coram
535 662 705 730 tratribus:
733 662 789 729 sed
811 671 921 730 coacta
943 669 993 728 est
1014 664 1113 728 etiam
1135 663 1192 728 illa
1243 663 1413 742 victorem,
1435 669 1469 726 et
1491 663 1673 746 triumphos
1695 683 1771 729 suos
1794 671 1940 729 acturum
1959 665 1993 730 in
2014 667 2093 732 urbe
2110 679 2213 750 capta,

215 751 385 836 expositio.
436 750 513 815 Non
542 749 675 814 dubium
705 749 809 834 igitur
838 759 888 815 est
915 751 993 833 quin
1017 734 1072 817 but
1090 749 1191 834 sigui·
1243 748 1301 814 sed
1329 749 1446 813 urbem
1475 748 1671 814 destinatam
1693 771 1764 815 esse
1785 751 1893 816 exitio.
1938 751 2011 818 Hoc
2032 755 2118 818 euim
2140 775 2213 839 gra-

214 839 290 904 fieet
312 857 410 919 saepe
430 837 545 912 iacere,
569 844 603 901 et
624 835 823 901 translatitie
846 846 996 900 sumatur
1017 857 1075 919 pro
1097 835 1190 901 babi-
1243 835 1414 900 vissimum
1444 845 1503 919 est,
1531 856 1631 917 quum
1662 835 1809 902 funditus
1832 836 1909 902 urbs
1931 837 2039 923 aliqua
2061 839 2212 907 diruitur.

214 934 295 990 tare.
346 923 393 988 Et
425 933 535 988 tamen
568 941 633 986 non
667 921 791 986 infitior
819 921 1013 1004 prophetam
1044 921 1191 987 alludere
1242 919 1350 1004 Saepe
1379 920 1554 1004 capiuntur
1582 922 1690 1001 urbes,
1720 933 1752 986 et
1781 923 1884 987 victor
1916 925 2072 990 transfert
2093 926 2158 994 buc
2180 937 2213 992 ct

216 1010 258 1075 ad
281 1008 523 1074 subiectionem.
566 1007 650 1074 Nam
674 1008 853 1072 tenendum
878 1017 937 1086 est,
963 1006 1070 1090 qualis
1093 1008 1190 1072 luerit
1241 1006 1318 1073 illue
1346 1006 1484 1086 incolas,
1518 1007 1576 1071 sed
1608 1016 1720 1075 manet
1752 1017 1862 1074 tanum
1895 1011 1983 1078 locus
2015 1010 2211 1080 habitabilis.

213 1096 358 1164 conditio
380 1113 503 1172 eorum,
534 1094 588 1177 qui
612 1093 798 1159 transibant
819 1093 860 1157 ad
883 1093 1074 1159 Obaldaeos.
1120 1091 1189 1177 Op·
1241 1093 1443 1158 Pronuntiat
1472 1101 1582 1158 autem
1610 1092 1702 1159 Dens
1731 1114 1766 1159 se
1794 1097 1927 1178 gravius
1956 1105 2106 1163 acturum
2135 1121 2212 1166 cnm

213 1183 318 1268 pressi
349 1182 437 1246 euim
469 1181 604 1245 fuerunt
637 1200 702 1245 non
737 1179 809 1245 sine
842 1179 1049 1246 contumelia.
1100 1179 1190 1263 Ergo
1241 1181 1322 1246 urbe
1354 1178 1572 1264 ierosolyma:
1610 1180 1763 1264 quoniam
1798 1182 1943 1264 peritura
1975 1185 2019 1250 sit
2051 1183 2211 1252 incendio.

213 1281 284 1336 erat
317 1267 396 1333 haee
425 1266 627 1330 humiliatio:
661 1264 719 1330 sed
752 1275 861 1331 tamen
890 1267 1020 1348 proprie
1048 1266 1190 1330 sumitur
1241 1263 1408 1349 Sequitur,

213 1355 352 1421 verbum
380 1352 441 1419 hoc
467 1373 525 1435 pro
548 1350 706 1416 habitare.
755 1351 907 1433 Quisquis
927 1371 1006 1434 ergo
1028 1351 1071 1417 ad
1095 1350 1190 1420 ctat

212 1441 308 1507 dacos
333 1458 477 1524 egressus
500 1439 599 1521 fucrit
619 1442 654 1502 ut
672 1457 705 1502 sc
726 1438 840 1518 tradat,
870 1442 898 1502 et
919 1437 975 1519 qui
996 1437 1084 1520 apud
1104 1439 1191 1520 ipsos
1327 1436 1377 1502 11.
1401 1435 1446 1501 Et
1467 1438 1510 1504 cd
1530 1437 1656 1503 domum
1677 1435 1745 1524 (vel
1766 1439 1937 1526 palatium)
1958 1443 2040 1526 repis
2062 1441 2212 1527 Ieiudab,

211 1527 413 1606 habitaverit,
444 1525 506 1589 boo
536 1533 599 1602 est,
630 1524 686 1606 qui
714 1543 829 1605 passus
860 1523 959 1588 fuerit
984 1544 1020 1589 se
1043 1523 1130 1588 trebi
1152 1524 1188 1587 iu
1238 1521 1357 1587 Audite
1379 1543 1548 1589 samonem
1569 1522 1717 1590 Ieboeae:

212 1613 373 1691 exsilium,
395 1610 450 1676 vel
472 1631 530 1693 pro
553 1629 665 1674 eorum
688 1608 823 1674 arbitrio
838 1610 1031 1692 migraverit
1049 1629 1066 1674 e
1081 1610 1188 1694 patria
1328 1609 1376 1673 12.
1400 1609 1524 1676 Domus
1551 1610 1676 1692 David,
1710 1610 1756 1676 sic
1782 1611 1857 1676 dicit
1884 1611 2036 1698 Iettorcb,
2067 1615 2212 1682 Iudicate

211 1703 246 1765 in
270 1699 410 1765 alienam
434 1705 572 1762 terram:
602 1695 666 1777 ille,
690 1695 808 1778 inquit,
829 1695 918 1779 vicet,
940 1700 967 1761 et
988 1696 1099 1762 auimo
1120 1697 1189 1762 eius
1239 1715 1330 1760 manc
1351 1695 1504 1761 iudicium
1527 1694 1618 1782 (sunt
1639 1696 1768 1779 quidem
1791 1695 1855 1762 duo
1876 1700 1985 1777 verba,
2008 1699 2066 1765 sed
2083 1709 2209 1767 utrum-

212 1787 271 1852 erit
303 1785 339 1849 iu
371 1782 521 1866 spolium,
558 1782 620 1846 hoc
652 1785 719 1862 est,
761 1781 876 1864 eripiet
911 1783 1054 1846 animam
1085 1802 1188 1862 suam,
1240 1802 1303 1866 que
1333 1781 1495 1867 significat
1523 1782 1684 1847 indicare:
1713 1803 1829 1849 sensus
1852 1793 1960 1850 antem
1983 1795 2040 1867 est,
2067 1786 2211 1854 iudicare

213 1869 487 1955 quemadmodum
511 1867 539 1932 si
562 1868 635 1949 quis
650 1868 804 1950 praedam
822 1867 980 1946 inveniat,
1003 1887 1101 1950 quam
1120 1889 1189 1934 cor·
1240 1877 1385 1946 mature,
1418 1877 1451 1932 et
1481 1869 1625 1952 prolerre
1654 1876 1779 1935 rectum
1808 1876 1842 1933 at
1869 1891 2008 1954 aequum
2036 1871 2209 1939 iudicium:

211 1959 311 2040 ripiat
351 1956 475 2020 furtim.
528 1951 680 2036 Spolium
721 1954 809 2018 enim
851 1952 905 2018 bic
938 1955 1097 2036 accipitur
1129 1975 1187 2037 pro
1239 1964 1352 2038 postea
1377 1953 1527 2038 adiungit
1548 1954 1689 2037 speeiem
1712 1956 1833 2036 unam),
1861 1956 1987 2022 liberate
2008 1958 2211 2040 spoliatume

211 2044 301 2110 lucro
330 2040 519 2107 adventitio.
567 2039 666 2122 Ergo,
697 2038 813 2122 inquit,
844 2039 989 2122 quisquis
1018 2061 1085 2104 non
1113 2060 1187 2123 gra·
1238 2060 1336 2105 mauu
1365 2041 1567 2124 oppressoris,
1596 2061 1635 2105 uc
1656 2046 1741 2106 exeat
1761 2046 1911 2124 tauquam
1932 2043 2017 2128 iguis
2037 2044 2212 2129 iudipraatio

211 2137 308 2197 vatus
331 2127 431 2193 luerit
448 2147 519 2192 sese
537 2123 712 2190 Chaldaeis
733 2124 900 2202 subiicere,
923 2125 1033 2191 saltem
1050 2126 1190 2191 servabit
1238 2147 1316 2208 mea,
1340 2130 1368 2190 et
1389 2126 1508 2208 ardeat,
1530 2131 1559 2192 ct
1579 2145 1643 2192 uou
1663 2129 1706 2193 eit
1721 2129 1919 2211 mstiuqucus
1936 2151 1956 2194 a
1971 2130 2054 2212 facie
2069 2132 2213 2198 malitiae

210 2217 352 2281 animaru
379 2231 482 2277 suam.
527 2211 677 2293 Denique
706 2211 869 2295 signifieat
891 2210 992 2291 Deus,
1026 2231 1063 2277 eo
1085 2232 1187 2294 nsque
1238 2213 1415 2278 studiorum
1434 2213 1578 2294 ipsorum
1598 2212 1673 2297 (boo
1695 2221 1753 2292 est,
1782 2223 1916 2298 propter
1936 2216 2092 2281 malitiam
2115 2217 2212 2284 seele-

210 2320 417 2386 progressam
452 2318 522 2362 esse
550 2297 710 2362 malitiam
738 2296 867 2380 populi,
901 2305 937 2361 ut
966 2318 1031 2362 non
1060 2305 1187 2363 reatum
1238 2318 1312 2364 rum
1334 2297 1504 2384 ipsorum).

210 2389 253 2452 ait
282 2385 348 2451 illis
377 2384 557 2468 ignoscere.
601 2381 690 2462 Quid
717 2403 795 2467 ergo
823 2382 984 2466 reliquum
1013 2382 1116 2449 lacit?
1150 2393 1187 2449 ut

210 2472 352 2539 subeant
392 2470 504 2552 aequis
537 2469 670 2548 animis,
709 2478 742 2533 et
775 2467 943 2533 humiliter
976 2469 1187 2552 temporalem
1323 2469 1421 2535 Nunc
1452 2469 1613 2554 propheta
1651 2481 1764 2534 narrat
1796 2492 1832 2537 se
1863 2471 1964 2537 fuisse
2000 2473 2134 2538 missum
2167 2474 2210 2540 ad

209 2578 359 2642 poenam,
381 2565 479 2638 atque
501 2555 548 2620 ita
570 2554 721 2621 claudere
738 2552 891 2619 desinant
911 2557 1044 2620 ianuam
1061 2557 1187 2622 miseri·
1239 2578 1349 2642 regem
1383 2566 1415 2620 at
1447 2555 1519 2622 eius
1553 2555 1764 2622 consiliarios.
1819 2557 1989 2624 Hactenus
2026 2561 2210 2642 promiscue

208 2643 338 2711 cordiae
363 2641 438 2708 Dei.
483 2640 617 2706 interea
645 2647 755 2705 tamen
786 2639 879 2706 docet
905 2661 973 2706 non
994 2639 1092 2706 aliter
1112 2662 1186 2724 spe·
1239 2656 1271 2708 et
1303 2663 1415 2726 regem
1448 2649 1481 2709 et
1515 2650 1618 2707 totum
1652 2642 1808 2726 populum
1841 2643 2027 2727 alloquutus
2056 2654 2122 2710 est:
2156 2645 2211 2713 hic

210 2729 350 2795 rendam
372 2729 453 2811 ipsis
476 2727 617 2794 salutem
639 2747 719 2806 esse,
747 2725 850 2792 donoc
873 2727 1023 2810 castigati
1051 2726 1185 2794 tuerint.
1239 2731 1348 2794 autem
1381 2727 1529 2810 specialis
1561 2728 1680 2812 legatio
1710 2729 1739 2793 ei
1770 2729 1957 2810 mandatur,
1990 2737 2024 2796 ut
2050 2731 2239 2813 palatium'

210 2817 255 2880 Et
277 2815 358 2881 binc
380 2814 545 2898 colligitur
567 2812 657 2878 utilis
679 2812 836 2892 doctrina,
866 2833 984 2895 nempe
1006 2813 1034 2876 si
1057 2812 1186 2896 quando
1238 2817 1322 2898 repis
1350 2815 1448 2897 adeat,
1479 2823 1512 2879 ct
1541 2814 1711 2880 denuntiet
1733 2814 1818 2898 quod
1840 2816 1940 2881 instat
1961 2816 2119 2882 iudicium
2140 2827 2209 2883 tam

210 2901 499 2985 provocaverimus
531 2900 616 2964 iram
645 2897 709 2964 Dei
740 2906 854 2964 nostra
882 2899 1115 2983 obstinatione,
1150 2909 1187 2966 ut
1238 2899 1301 2983 ipsi
1323 2921 1421 2983 qnam
1444 2900 1514 2965 eius
1536 2901 1736 2966 consiliariis.
1770 2900 1835 2965 Hie
1854 2910 1964 2966 autem
1980 2924 2046 2966 non
2063 2905 2209 2985 praecise

210 3009 275 3053 non
310 2987 473 3072 possimus
502 2987 666 3050 immunes
699 3005 769 3049 esse
801 2984 842 3049 ab
870 2984 961 3049 omni
989 3005 1111 3068 poena,
1145 3006 1187 3052 ne
1238 2987 1393 3066 minatur,
1415 2995 1451 3051 ut
1473 2993 1578 3065 antea,
1601 2985 1658 3052 sed
1680 2987 1872 3068 interposita
1893 2987 2086 3053 conditione.
2119 2988 2208 3054 Hor·

209 3072 462 3152 recalcitremus,
491 3073 519 3138 si
541 3069 622 3136 velit
644 3069 846 3136 moderatam
869 3091 1008 3154 poenam
1029 3069 1069 3136 de
1090 3072 1186 3137 nobis
1238 3080 1327 3137 tatur
1350 3073 1437 3137 enim
1460 3092 1514 3137 eos
1537 3071 1577 3136 ad
1602 3073 1843 3154 poenitentiam,
1873 3082 1906 3138 et
1925 3073 2054 3156 oblique
2077 3076 2209 3140 veniam

209 3160 356 3242 exigere:
390 3178 427 3224 ac
458 3155 553 3222 modo
587 3175 826 3239 consequamur
858 3165 1023 3221 aeternam
1057 3158 1184 3223 miseri·
1237 3157 1304 3222 illis
1332 3158 1503 3241 promittit.
1548 3157 1688 3224 Frustra
1710 3159 1797 3224 enim
1819 3179 2002 3224 sermonem
2026 3160 2147 3226 laceret
2169 3160 2209 3226 de

209 3246 370 3322 cordiam,
403 3244 566 3327 patienter
597 3242 741 3307 ieramus
772 3249 926 3324 paternas
956 3244 1184 3310 correctiones.
1237 3244 1476 3326 resipiscentia,
1508 3244 1573 3309 nisi
1605 3243 1759 3310 invitaret
1791 3265 1845 3309 eos
1873 3244 1915 3309 ad
1943 3266 2034 3328 spem
2062 3245 2210 3329 aliquam

116 3401 125 3418 ,
208 3329 378 3414 Sequitur,
1237 3332 1352 3395 veniae
1373 3339 1406 3394 et
1427 3329 1551 3395 salutis.
1595 3330 1727 3395 Interea
1747 3351 1813 3396 non
1835 3341 1961 3415 pugnat
1982 3353 2108 3397 seeum:
2131 3334 2209 3415 quia

1238 3416 1365 3481 etiamsi
1394 3436 1454 3482 rex
1481 3416 1516 3480 in
1547 3417 1767 3498 captivitatem
1796 3426 1883 3482 esset
1904 3416 2072 3496 abductus,
2102 3420 2208 3500 potuit

296 3501 346 3566 10.
374 3500 457 3582 Quia
481 3499 578 3583 posui
598 3498 711 3581 fatiem
732 3519 833 3565 meam
854 3503 959 3565 corba
980 3498 1086 3566 urbem
1107 3499 1187 3566 haue
1236 3509 1346 3567 tamen
1375 3499 1481 3567 adbuc
1502 3502 1658 3585 consequi
1680 3502 1820 3586 aliquam
1846 3503 2005 3586 gratiam:
2035 3512 2207 3586 postquam

207 3589 244 3652 iu
264 3587 392 3665 malum,
415 3586 722 3669 caminiacum,
745 3586 822 3654 dicit
837 3584 989 3652 quat.-
1007 3587 1041 3652 iu
1058 3607 1186 3654 manum
1236 3588 1359 3654 seilicet
1389 3588 1561 3653 defunctus
1590 3596 1675 3653 esset
1703 3600 1841 3671 paterna
1864 3592 2072 3656 corrections.
2116 3590 2207 3674 Ergo

207 3675 294 3758 repis
315 3671 494 3756 Babylonis
515 3672 666 3756 tradetur,
689 3677 716 3737 et
738 3677 842 3738 exuret
864 3691 933 3737 eam
952 3673 1032 3756 iqui.
1235 3673 1386 3758 quamvis
1418 3673 1577 3756 propheta
1609 3673 1663 3739 bie
1695 3693 1806 3758 τοςοιιι
1840 3683 1871 3738 et
1904 3675 1974 3740 eius
2006 3675 2208 3742 consiliarios

1235 3759 1276 3825 ad
1310 3759 1546 3842 poenitentiam
1580 3759 1745 3839 hortetur,
1778 3782 1845 3825 nou
1879 3769 1986 3824 tamen
2016 3761 2208 3844 simpliciter

295 3845 478 3912 (lonfirmat
499 3864 616 3909 rursus
639 3843 725 3927 quod
749 3841 840 3924 dixit,
870 3864 987 3926 nempe
1010 3845 1094 3911 hanc
1116 3846 1184 3912 lore
1234 3846 1399 3910 immunes
1419 3846 1488 3910 fore
1510 3844 1603 3910 docet
1625 3865 1644 3910 a
1665 3864 1786 3929 poena:
1810 3845 1867 3911 sed
1884 3847 2047 3928 promittit
2062 3847 2206 3930 aliquam

207 3933 296 3999 viam
324 3931 453 4010 mortis,
487 3931 516 3996 si
544 3929 658 3995 Iudaei
689 3931 869 3996 manabunt
897 3928 996 3995 defixi
1029 3931 1063 3995 in
1093 3931 1183 4010 urbe,
1234 3932 1482 4016 mitigationem.
1533 3931 1579 3996 Et
1611 3931 1664 3997 hie
1693 3932 1783 3998 loeus
1813 3930 1967 3996 admonet
1996 3955 2062 3996 non
2090 3930 2207 4000 debere

207 4019 363 4101 qnoniam
391 4017 453 4082 boc
479 4018 522 4082 sit
549 4017 666 4082 luctari
695 4016 852 4080 adversus
881 4015 1001 4080 Deum.
1051 4015 1184 4081 Dicitur
1236 4038 1296 4082 nos
1334 4015 1512 4100 desperatis
1557 4017 1676 4082 animis
1715 4037 1827 4098 ruere,
1871 4018 2021 4100 quamvis
2062 4019 2207 4103 undique

207 4104 296 4170 enim
325 4102 417 4168 Deus
443 4122 561 4184 ponem
590 4103 705 4183 faeiem
737 4121 830 4167 suam
856 4101 891 4165 iu
916 4100 1049 4180 malum,
1083 4123 1182 4184 quum
1234 4103 1406 4167 immineat
1439 4102 1562 4187 aliquid
1595 4102 1743 4184 terroris,
1775 4113 1809 4166 et
1840 4103 1905 4168 iam
1934 4104 2086 4171 ostendat
2116 4104 2207 4170 Deus

206 4203 296 4255 certo
319 4187 464 4254 decrevit
481 4188 600 4271 punire
621 4197 754 4271 gentem
776 4187 863 4253 banc
885 4186 938 4252 vel
960 4186 1060 4252 illum.
1097 4187 1183 4254 Nam
1233 4208 1301 4253 uon
1334 4208 1429 4270 posse
1457 4189 1493 4253 in
1525 4198 1627 4254 totum
1657 4210 1717 4254 nos
1746 4189 1889 4273 effugere
1917 4211 2065 4274 poenam.
2115 4191 2207 4255 Nihil

206 4295 327 4360 ponere
360 4276 474 4340 taciem
508 4276 700 4338 tantundem
730 4273 818 4338 valet
848 4292 885 4340 ae
906 4293 977 4339 sese
1000 4274 1182 4340 obfirmare.
1234 4274 1321 4340 enim
1345 4274 1520 4340 absurdius
1542 4295 1638 4357 quam
1661 4284 1796 4356 metum,
1825 4296 1888 4359 quo
1912 4297 1972 4342 nos
1995 4275 2086 4343 Deus
2108 4276 2150 4342 ad
2171 4297 2206 4344 se

205 4363 314 4445 Negat
343 4360 447 4444 igitur
469 4358 562 4424 Deus
591 4380 686 4441 posse
708 4360 769 4425 boc
801 4359 940 4437 mutari,
974 4359 1060 4442 quod
1082 4360 1183 4426 semel
1233 4360 1383 4441 retrahit,
1412 4381 1483 4426 esse
1512 4360 1747 4444 desperationis
1775 4381 1918 4446 causam,
1946 4372 1984 4426 ut
2006 4383 2071 4428 non
2092 4362 2207 4446 resipi-

205 4449 323 4513 atatuit
346 4447 386 4511 de
408 4444 535 4511 excidio
556 4444 647 4510 urbis
670 4444 897 4529 Iemsolymae.
931 4444 1002 4509 Iam
1025 4446 1097 4528 quis
1120 4447 1184 4512 erit
1234 4467 1375 4512 scamus:
1416 4448 1492 4530 quia
1531 4447 1593 4511 etsi
1624 4469 1691 4512 non
1723 4446 1852 4513 tollitur
1885 4469 2018 4531 prorsus
2050 4449 2099 4514 ira
2132 4450 2205 4530 Dei,

204 4532 340 4599 tandem
373 4540 529 4611 eventus,
562 4531 589 4595 si
623 4532 695 4612 quis
728 4531 894 4596 existimet
916 4530 988 4596 Deo
1016 4531 1121 4598 invito
1147 4553 1182 4597 se
1234 4552 1389 4617 magnum
1428 4543 1540 4598 tamen
1579 4532 1642 4598 hoo
1675 4541 1726 4600 est
1756 4554 1852 4616 posse
1886 4535 2048 4618 mitigari,
2088 4535 2137 4599 ita
2168 4545 2206 4600 ut

205 4639 301 4702 posse
323 4630 461 4684 mortem
485 4616 653 4701 effugere?
688 4617 823 4700 Nempe,
846 4630 883 4681 ut
905 4619 960 4700 qui
982 4616 1022 4682 ad
1040 4615 1182 4700 lapidem
1233 4618 1355 4684 levatio
1376 4617 1487 4703 aliqua
1508 4626 1659 4684 occurrat
1680 4619 1778 4685 simul
1795 4640 1869 4686 oum
1888 4623 1958 4704 ipso
1977 4620 2072 4686 malo.
2105 4620 2205 4685 Deni-

205 4707 368 4771 viclenter
397 4705 595 4787 impingunt,
625 4711 659 4768 et
681 4722 777 4767 crura
803 4713 836 4767 et
858 4702 1000 4783 brachia,
1030 4713 1063 4767 et
1084 4712 1183 4787 caput
1234 4725 1297 4787 que
1319 4705 1480 4788 signifieat
1495 4704 1663 4787 propbeta,
1686 4705 1793 4772 adhuc
1808 4727 1903 4789 posse
1917 4708 2000 4772 iram
2016 4706 2079 4771 Dei
2097 4705 2203 4782 leniri,

205 4793 314 4875 ipsum
344 4789 403 4854 sibi
426 4791 597 4874 frangunt:
629 4790 675 4853 ita
697 4789 753 4871 qui
776 4788 894 4853 brriose
916 4790 1105 4872 impingunt
1126 4789 1182 4853 ad·
1234 4792 1295 4855 etsi
1324 4791 1359 4854 in
1387 4797 1491 4854 totum
1521 4811 1588 4855 non
1618 4791 1806 4874 placabitur,
1836 4792 1932 4857 modo
1958 4813 2018 4857 rex
2039 4812 2112 4858 cum
2136 4792 2203 4857 suis

205 4898 320 4944 versus
350 4874 474 4955 Deum,
508 4875 569 4940 sibi
602 4875 755 4938 ultimam
788 4875 964 4957 perniciem
999 4882 1181 4940 accersunt
1233 4875 1441 4956 consiliariis,
1473 4876 1610 4959 incipiat
1638 4887 1737 4944 recte,
1756 4877 1908 4944 iudicare.
1960 4879 2064 4944 Vocat
2091 4885 2201 4942 antem

204 4961 368 5028 Videmus
391 4982 468 5044 ergo
484 4981 544 5026 cur
559 4961 619 5026 boc
636 4959 978 5043 addideritprophcta,
1001 4981 1043 5025 ue
1058 4959 1183 5028 scilicet
1231 4963 1357 5028 ἀοιιιιιιιι
1378 4961 1497 5044 Dauid,
1531 4984 1595 5026 non
1626 4963 1759 5028 honoris
1787 4985 1894 5040 eausa,
1928 4963 1983 5030 sed
2016 4962 2122 5046 potins
2145 4984 2204 5046 per

204 5048 321 5114 Iudaei
352 5047 460 5112 adbuc
489 5047 551 5112 sibi
581 5047 746 5130 fingerent
775 5067 879 5111 vanas
908 5067 982 5128 spes
1009 5066 1182 5129 promere
1231 5049 1462 5132 ignominiam:
1486 5068 1589 5131 neque
1612 5051 1762 5132 proponit
1783 5049 1848 5115 illis
1864 5070 2038 5134 personam
2053 5047 2202 5126 Davidis,

205 5156 284 5201 suo:
307 5134 461 5218 quoniam
482 5132 602 5215 aliquid
625 5153 756 5216 sperare
775 5130 968 5196 tantundem
991 5139 1063 5197 erat
1085 5141 1182 5214 atquc
1232 5143 1271 5198 ut
1293 5132 1425 5215 quidam
1448 5134 1566 5218 frigide
1589 5143 1767 5216 exponunt,
1789 5138 1865 5217 quia
1886 5137 1970 5201 inste
1987 5136 2083 5200 tuerit
2102 5135 2203 5200 domi·

205 5231 332 5286 certare
353 5240 426 5284 eum
449 5217 522 5282 Deo
545 5220 631 5302 ipso:
668 5218 826 5283 Tradetur
848 5238 934 5301 ergo,
963 5218 1078 5300 inquit,
1105 5217 1182 5284 urbs
1233 5230 1339 5298 natus,
1370 5219 1468 5283 fuerit
1490 5220 1790 5302 praestantissimus
1812 5241 1880 5297 rex,
1910 5231 2007 5305 atque
2030 5221 2202 5307 integerri-

204 5309 242 5371 iu
277 5325 407 5372 marum
441 5305 526 5388 regis
562 5303 753 5388 Babylonis,
792 5309 820 5368 et
858 5308 965 5368 exuret
999 5325 1067 5369 eam
1103 5304 1180 5387 iqui.
1232 5325 1323 5369 mus:
1357 5304 1413 5370 sed
1446 5307 1579 5389 respicit
1608 5305 1768 5388 propheta
1795 5306 1835 5370 ad
1863 5307 1974 5373 foedus
1998 5305 2070 5375 Dei.
2115 5309 2201 5373 Nam

206 5391 389 5478 Significat,
420 5389 697 5456 Nabucbadueaer
726 5411 793 5455 non
822 5399 951 5456 tanturn
980 5391 1048 5456 iore
1070 5391 1181 5474 populi
1232 5391 1354 5456 seimus
1384 5391 1484 5456 luisse
1512 5391 1676 5474 deceptos,
1710 5411 1810 5473 quum
1832 5402 1984 5475 putarent
2005 5415 2040 5460 se
2061 5394 2200 5476 quodam
