5118 6136
201 462 265 530 589
893 463 944 528 IN
967 461 1218 528 tuttutttntt.
1263 463 1360 531 ΟΔΡ.
1384 464 1519 534 XXIX.
2145 481 2212 549 590

200 673 274 718 esse
295 652 493 718 eredendum
516 652 581 727 illis
598 651 842 733 impostoribus.
880 649 1046 729 Quoniam
1069 656 1180 714 autem
1320 651 1350 716 9.
1384 652 1537 732 Quoniam
1566 653 1725 736 fallaciter
1754 658 1838 744 (vel,
1872 665 1906 729 in
1936 666 2118 753 mendatio)
2145 671 2210 752 ipsi

199 759 261 823 per
292 737 534 803 concessionem
565 737 712 802 nominet
739 755 795 800 eos
824 736 1010 818 prophetes,
1044 736 1100 819 qui
1130 737 1180 800 in·
1228 736 1418 818 prophetaret
1438 739 1524 804 votis
1544 741 1579 804 iu
1601 744 1725 809 nomine
1751 765 1826 828 meo,
1855 769 1920 814 nort
1940 752 2017 817 miei
2042 772 2104 836 eos,
2134 757 2210 822 dioit

201 825 292 908 digni
315 843 450 906 prorsus
467 830 562 888 erant
581 821 759 886 honorilioo
780 821 837 885 illo
855 821 969 905 elogio,
991 837 1102 904 postea
1124 841 1181 903 per
1233 821 1378 887 Ieltovoh.
1691 862 1696 870 ·

201 908 431 976 oontomeliom
462 907 592 973 divinos
622 907 774 990 appellat.
818 907 910 989 Ergo
938 909 1030 988 prius
1061 925 1179 972 nomen

201 995 344 1060 refertur
365 994 406 1059 ud
429 1002 600 1059 externam
630 993 863 1074 professionem
887 1011 953 1074 qno
975 1012 1010 1056 se
1032 992 1181 1056 vendito·
1317 993 1499 1059 Oonfirmet
1521 1017 1616 1062 snam
1638 1003 1833 1068 sententiam
1857 1006 1991 1087 ratione,
2014 1010 2098 1091 quod
2122 1012 2208 1078 soili-

203 1080 291 1158 bant,
314 1100 414 1162 quum
436 1081 600 1144 iaetarent
621 1099 657 1142 se
680 1076 838 1142 divinitus
867 1078 983 1142 missos
1013 1097 1084 1142 esse
1106 1098 1179 1159 per·
1231 1081 1282 1144 oet
1304 1099 1371 1144 uon
1394 1083 1500 1146 voeati
1530 1097 1674 1162 ourrunt,
1697 1086 1793 1152 siouti
1815 1089 1957 1158 vidimus
1979 1114 2048 1177 oap.
2068 1096 2119 1162 23.
2140 1098 2206 1162 Rs·

199 1169 287 1232 lerre
305 1165 369 1230 Dei
392 1165 556 1230 mandata.
597 1161 759 1229 Donoedit
780 1183 859 1246 ergo
881 1163 945 1228 illis
965 1183 1085 1228 nomeu
1104 1183 1178 1244 pro·
1231 1163 1343 1246 pudiet
1375 1165 1480 1250 igitur
1509 1167 1580 1234 illos
1610 1170 1926 1258 pseudoprophetas,
1956 1182 2111 1260 quoniam
2140 1205 2205 1249 non

200 1251 379 1336 phetionm,
402 1251 459 1316 sed
482 1249 736 1331 eatuohristioos,
757 1250 933 1331 improprie
956 1248 1008 1312 vel
1032 1249 1178 1332 abusive,
1230 1250 1406 1331 loquantur
1434 1271 1475 1316 ex
1505 1274 1561 1318 ore
1593 1257 1665 1321 Dei.
1719 1259 1785 1324 Sed
1816 1263 1878 1326 init
1908 1264 2003 1330 valde
2030 1269 2206 1334 ohsourum

200 1351 240 1403 ut
272 1337 466 1419 loquuntur:
506 1334 779 1419 quemadmodum
822 1335 917 1406 hodie
950 1355 1016 1398 non
1051 1353 1178 1417 semper
1231 1335 1415 1415 disorimen,
1442 1357 1543 1420 quom
1575 1344 1747 1423 magnifiee
1776 1347 1962 1426 proferrent
1989 1371 2108 1417 nomen
2131 1353 2205 1434 Dei,

200 1442 387 1508 pugnamus
419 1421 460 1486 do
490 1420 631 1500 vooibus,
665 1431 699 1485 st
728 1420 848 1486 bestius
879 1420 963 1499 illus,
996 1439 1080 1503 quae
1112 1440 1176 1485 nou
1230 1429 1264 1486 et
1287 1424 1522 1502 profiterentur
1543 1445 1577 1489 se
1599 1428 1683 1491 nihil
1712 1430 1747 1493 in
1778 1430 1922 1497 medium
1951 1435 2112 1503 odduoere
2143 1441 2205 1505 nisi

201 1508 323 1574 debent
355 1508 523 1572 numerari
556 1509 644 1572 inter
675 1505 840 1584 homines,
874 1525 1030 1571 rosamos
1066 1515 1176 1570 tumen
1229 1507 1315 1590 quod
1331 1508 1371 1572 ab
1389 1511 1458 1592 ipso
1474 1510 1673 1578 didicissent.
1707 1515 2035 1597 (laetorumutulibi
2052 1523 2204 1603 diximus,

200 1593 376 1678 praesules,
400 1594 578 1676 episeopus,
601 1592 777 1673 praelatos:
800 1591 847 1656 sio
869 1592 969 1655 etiam
988 1599 1027 1655 ιιι
1047 1593 1177 1674 saepius
1228 1613 1325 1658 nemo
1349 1595 1412 1659 nisi
1434 1595 1548 1661 volens
1570 1609 1603 1662 et
1624 1600 1731 1664 solens
1752 1603 1859 1683 potnit
1882 1604 1960 1670 lulli.
2005 1609 2096 1672 Deus
2115 1613 2203 1676 enim

199 1682 264 1746 ium
284 1681 392 1745 visum
410 1681 485 1754 fuit,
508 1678 686 1760 prophetae
704 1677 839 1742 liberius
861 1677 987 1758 loquuti
1005 1689 1092 1760 sunt,
1117 1697 1177 1742 neo
1229 1699 1395 1760 nunquam
1419 1681 1532 1746 fideles
1562 1705 1636 1748 snos
1668 1685 1819 1752 destituit
1845 1691 1962 1772 spiritu
1993 1693 2205 1775 diseretionis,

200 1766 393 1831 dubitarunt
422 1763 597 1847 prophetas
626 1783 758 1841 tooure,
785 1764 842 1844 qui
870 1764 936 1827 iam
964 1763 1177 1827 obtinuerunt
1229 1766 1324 1829 modo
1356 1787 1398 1830 ex
1430 1767 1540 1832 animo
1572 1780 1606 1832 et
1636 1769 1762 1836 sineere
1796 1793 1831 1838 se
1868 1776 2031 1843 doeendus
2063 1781 2204 1846 offerant

199 1850 338 1936 gradum
373 1849 466 1915 illum
500 1849 754 1914 existimationis
786 1850 821 1911 in
853 1848 978 1930 populo.
1034 1848 1101 1913 Sed
1136 1869 1177 1913 ne
1229 1851 1315 1914 veris
1345 1851 1416 1915 eius
1447 1863 1479 1916 et
1508 1851 1664 1936 legitimis
1693 1858 1806 1924 servis.
1860 1861 1905 1924 itt
1933 1870 2012 1928 tuno
2042 1865 2204 1931 dehebant

199 1937 389 2019 superbiant
410 1935 520 2001 fullooi
543 1935 600 1999 illa
619 1934 783 2014 iaetantia,
805 1944 918 2014 postea
935 1932 1176 2016 designetillos
1228 1935 1341 2000 Iudaei
1364 1939 1552 2002 exuminare
1574 1961 1689 2006 omnes
1719 1942 1894 2027 doetrinos,
1924 1957 1956 2012 et
1986 1951 2097 2015 omnia
2118 1953 2202 2016 vati-

198 2024 331 2107 proprio
353 2022 495 2099 nomine,
525 2026 555 2085 et
574 2020 651 2086 dicit
679 2039 744 2085 esse
772 2020 904 2098 diuinos,
934 2019 1052 2082 deinde
1081 2028 1176 2085 vooot
1227 2021 1315 2090 oinia
1337 2021 1377 2086 sd
1406 2025 1552 2106 regulam
1585 2023 1675 2108 legis.
1720 2027 1815 2108 Quod
1845 2033 1874 2095 si
1904 2033 1960 2097 lex
1990 2034 2056 2100 illis
2086 2037 2203 2102 luisset

198 2109 417 2174 tumulatores:
451 2106 502 2172 Ne
528 2106 695 2172 otleudolie
717 2106 761 2171 od
781 2106 906 2170 somnio
927 2109 1038 2169 ottho.
1084 2105 1174 2169 Allo·
1227 2105 1562 2182 dilfioilisintelleotn.
1580 2113 1851 2193 quemadmodum
1867 2118 2025 2204 iamdixi,
2041 2121 2201 2188 dehebant

198 2195 311 2276 quitur
333 2193 387 2258 hio
409 2202 512 2257 totum
536 2191 708 2273 populum:
736 2205 831 2256 erant
860 2203 969 2255 autem
992 2191 1097 2273 panti,
1119 2192 1175 2272 qui
1227 2213 1247 2256 a
1278 2193 1347 2256 Deo
1375 2206 1485 2276 petere
1515 2197 1666 2278 spiritum
1704 2201 1895 2280 prudentiae
1925 2217 1958 2268 et
1987 2205 2201 2274 diseretionis.

198 2280 259 2345 suh
293 2279 399 2361 speeie
432 2288 465 2341 et
498 2278 604 2342 oolore
637 2277 817 2360 prophetioi
850 2277 985 2356 spiritus
1019 2276 1175 2341 vetioiniu
1228 2279 1318 2362 Ergo
1346 2300 1409 2344 non
1441 2281 1562 2345 irustra
1586 2281 1744 2348 Ieremias
1773 2284 1887 2351 derisit
1916 2291 2070 2373 quidquid
2091 2294 2201 2358 isotu-

197 2365 393 2445 proferrent.
439 2363 507 2429 Sed
529 2363 687 2428 Ieremias
711 2383 775 2426 uon
806 2369 931 2426 temere
953 2362 1111 2426 transfert
1133 2361 1174 2426 ud
1228 2363 1306 2427 baut
1329 2366 1632 2450 pseudoprophetae
1654 2369 1694 2432 od
1719 2370 1838 2436 lumem
1861 2379 1894 2437 et
1917 2375 2065 2457 plausum
2088 2379 2200 2460 populi

199 2455 305 2513 totum
329 2449 496 2532 populum,
519 2449 602 2531 quod
628 2469 695 2512 non
714 2448 776 2512 nisi
795 2466 974 2529 pauoorum
993 2458 1072 2511 erat.
1105 2446 1176 2513 Soi-
1227 2449 1433 2533 oaptondum.
1458 2454 1533 2535 quis
1556 2475 1622 2519 nou
1652 2469 1747 2519 erant
1769 2457 1926 2525 divinitus
1955 2462 2044 2526 missi
2069 2462 2120 2528 vel
2143 2483 2201 2547 ap·

199 2556 273 2601 mus
313 2536 400 2600 enim
441 2533 559 2598 dioboli
595 2533 765 2598 ministros
802 2532 905 2596 lovori
943 2553 1008 2596 non
1045 2543 1173 2597 tantum
1227 2535 1362 2618 probuti.
1407 2535 1465 2602 Sio
1487 2539 1586 2602 etiam
1618 2539 1714 2604 hodie
1737 2544 1882 2625 quisquis
1904 2559 1994 2610 serto
2016 2547 2200 2615 disoernere
2286 2541 2288 2546 ’

198 2621 301 2686 stulta
323 2619 519 2685 eredulitute
541 2619 723 2698 homiuum,
753 2618 810 2682 sed
835 2639 991 2699 perverso
1014 2620 1174 2700 appetito.
1227 2621 1315 2685 volet
1333 2623 1418 2686 inter
1438 2624 1547 2688 varias
1566 2625 1731 2690 doetrinae
1748 2629 1864 2709 quibus
1881 2631 2021 2696 mundus
2044 2639 2200 2716 agitetur,

197 2706 345 2772 Mundus
367 2707 455 2769 enim
478 2725 647 2786 uunquam
676 2705 800 2768 fallitur
822 2704 885 2768 nisi
908 2712 1033 2786 sponte,
1062 2711 1096 2768 et
1117 2704 1174 2768 ho·
1226 2706 1292 2770 imo
1323 2709 1520 2789 oonootitur,
1550 2731 1585 2775 se
1614 2731 1679 2774 non
1711 2712 1885 2779 dillioulter
1912 2718 2073 2798 expediet,
2104 2719 2200 2785 modo

198 2793 320 2868 mines,
352 2794 445 2874 quusi
479 2790 588 2855 devoti
618 2799 729 2854 essent
759 2790 874 2864 exitio,
908 2799 1082 2854 oooersunt
1113 2790 1174 2854 sibi
1226 2791 1342 2856 offerat
1368 2813 1404 2857 se
1433 2792 1565 2860 Christo
1590 2796 1797 2878 discipulum,
1828 2810 1861 2864 et
1889 2804 2066 2886 ooninngat
2093 2803 2201 2887 legem

198 2875 277 2941 hino
299 2886 332 2941 et
354 2878 431 2941 inde
455 2875 630 2953 mendesio,
659 2885 692 2940 et
721 2894 822 2957 quum
846 2874 949 2939 nolint
980 2875 1093 2958 desipi,
1124 2886 1174 2940 ts·
1226 2887 1256 2940 et
1287 2878 1462 2960 prophetas
1490 2879 1587 2943 simol
1616 2901 1687 2946 oum
1719 2886 1897 2966 evaugelio,
1925 2893 1959 2950 et
1985 2887 2048 2954 heo
2077 2890 2199 2955 amussi

197 2983 273 3027 men
297 2962 440 3028 maxime
462 2972 631 3045 appetunt.
684 2959 816 3043 Siquis
845 2976 938 3044 roget
965 2982 1006 3025 un
1031 2961 1173 3026 muudus
1227 2973 1339 3026 utatur
1361 2963 1402 3027 ud
1425 2965 1608 3045 probandas
1634 2987 1748 3032 omnes
1776 2969 1956 3036 doetrinae:
1986 2973 2111 3038 intereo
2133 2994 2200 3040 non

200 3047 306 3129 deoipi
329 3049 418 3126 velit,
446 3067 558 3112 omnes
580 3067 600 3110 s
622 3047 759 3111 minimo
787 3065 891 3128 nsque
921 3045 962 3109 ad
990 3047 1173 3110 maximum
1225 3047 1366 3114 oonlidut
1388 3051 1520 3131 proprio
1546 3053 1698 3126 eoumini,
1728 3054 1785 3118 sed
1814 3057 1965 3121 subiioiet
1995 3079 2029 3123 se
2056 3058 2138 3139 Deo,
2166 3069 2200 3125 et

196 3132 387 3199 olemabunt
410 3133 492 3197 nihil
514 3153 550 3197 se
573 3134 677 3216 megin
700 3135 814 3213 ingere
836 3143 893 3194 out
915 3139 1071 3196 metuere.
1117 3132 1173 3196 ln·
1224 3145 1314 3216 petat
1335 3135 1375 3198 ab
1404 3137 1475 3216 ipso
1504 3137 1655 3218 spiritum
1686 3138 1795 3203 indioii
1827 3152 1860 3205 et
1887 3142 2100 3209 discretionis.
2145 3145 2201 3209 In·

196 3231 287 3284 tersa
308 3219 396 3283 unde
417 3218 457 3281 fit
479 3231 517 3283 ιιι
539 3217 643 3284 Setun
667 3217 876 3300 simulatque
894 3216 1024 3299 signum
1044 3216 1172 3299 aliquod
1225 3230 1313 3283 tsreu
1335 3221 1515 3284 notandum
1539 3233 1589 3285 est
1612 3222 1673 3286 hao
1697 3245 1762 3289 ona
1788 3227 1913 3291 ratione
1935 3233 2014 3294 setis
2037 3250 2200 3313 superque

198 3303 296 3381 dedit,
319 3304 465 3370 attrahet
486 3325 623 3387 magnos
645 3316 803 3378 sotertes,
831 3302 893 3368 nisi
915 3303 993 3384 qnia
1015 3302 1055 3365 od
1079 3304 1170 3367 voni·
1224 3304 1328 3370 refelli
1357 3306 1665 3390 pseudoprophetas,
1693 3307 1771 3373 dum
1802 3313 2005 3379 ostendimus
2034 3335 2100 3380 non
2127 3337 2200 3382 esse

196 3398 298 3455 tatem
317 3400 435 3455 natura
453 3409 566 3454 snmus
585 3387 756 3472 propensi?
791 3386 918 3453 Deinde
941 3387 1065 3452 aooedit
1082 3388 1171 3452 uliud
1224 3391 1340 3456 missos
1370 3411 1390 3456 a
1417 3389 1499 3456 Deo.
1548 3393 1782 3460 Oonvinoimus
1811 3405 1919 3462 autem
1950 3419 2005 3464 eos
2034 3402 2198 3481 vanitatis,

196 3476 324 3552 vitium,
348 3476 432 3558 quod
449 3475 573 3539 aoilioet
589 3473 822 3540 tenebrosluoi
839 3473 1062 3556 praeferimus.
1097 3473 1171 3538 Non
1223 3476 1250 3540 si
1285 3476 1431 3541 dootrina
1459 3498 1570 3542 eorum
1601 3493 1725 3562 pugnet
1758 3501 1832 3546 oum
1863 3485 2034 3568 evangelio
2063 3494 2096 3549 ot
2124 3507 2197 3552 oum

195 3561 298 3645 igitur
327 3562 407 3626 lsoit
436 3562 590 3625 iniurium
621 3561 740 3644 popolo
769 3559 935 3641 Ieremias,
965 3577 1065 3640 qonm
1093 3559 1172 3625 dioit
1223 3562 1305 3645 lege.
1350 3560 1518 3644 Quidquid
1547 3566 1599 3639 sit,
1629 3567 1826 3648 principium
1854 3568 1916 3634 hoo
1938 3568 2115 3635 tenendum
2139 3582 2198 3652 est,

195 3647 377 3712 uerendum
401 3667 473 3711 esse
496 3667 515 3710 s
537 3648 681 3725 somniis,
710 3667 792 3728 quae
815 3645 1039 3710 somniabant:
1068 3665 1170 3728 quan·
1223 3646 1330 3711 nullos
1353 3667 1424 3712 esse
1444 3648 1623 3714 audiendos
1645 3651 1708 3715 nisi
1732 3654 1787 3734 qui
1817 3653 1995 3719 ostendunt
2016 3675 2052 3720 se
2081 3657 2199 3722 efferre

194 3752 292 3815 quam
330 3732 417 3798 istud
455 3717 581 3800 ntulit)
620 3731 751 3814 quidam
789 3731 954 3813 oooipiunt
990 3732 1170 3809 transitive,
1222 3753 1241 3796 a
1275 3732 1346 3797 Deo
1380 3732 1549 3809 mundata,
1593 3747 1627 3799 et
1666 3737 1848 3802 instructos
1881 3760 1951 3804 esse
1985 3741 2057 3806 sius
2089 3742 2197 3808 verbo.

195 3819 350 3899 qnoniam
393 3827 444 3883 est
483 3821 515 3883 in
550 3803 665 3896 ‘rtrum
713 3828 747 3882 et
788 3818 842 3882 hio
880 3815 1035 3880 debuerat
1073 3817 1170 3882 soribi
1222 3817 1375 3882 Diximus
1409 3818 1500 3893 alibi,
1536 3830 1572 3884 ut
1605 3821 1679 3903 quis
1712 3824 1839 3888 oenseri
1872 3824 1991 3889 dehent
2025 3826 2145 3891 missus
2179 3849 2199 3893 u

194 3888 332 3972 ntut‘tuu
358 3905 482 3987 potius:
513 3905 569 3970 ssd
598 3904 718 3987 poterit
748 3904 845 3968 etium
876 3903 960 3967 sumi
991 3903 1024 3965 iu
1055 3915 1170 3967 neutro
1223 3906 1302 3980 Deo,
1334 3905 1438 3985 primo
1468 3907 1689 3970 neeessariam
1718 3928 1789 3974 esse
1816 3919 1854 3973 ut
1882 3912 1925 3974 sit
1953 3911 2016 3975 rite
2048 3923 2196 3979 rotatus:

216 4010 322 4054 suere.
357 3988 524 4071 Quidquid
545 3989 599 4068 sit,
618 4009 733 4054 sensus
751 3988 929 4071 prophetoe
947 3987 1082 4051 minime
1101 4007 1167 4051 um·
1222 3989 1339 4054 deinde
1361 4002 1398 4053 ut
1420 4005 1617 4073 exsequatur
1646 3992 1787 4058 fideliter
1815 4015 1935 4059 munus
1958 4018 2063 4061 suum.
2108 3998 2195 4063 Nam

192 4009 310 4158 diguus
343 4086 410 4155 est,
450 4078 525 4157 quio
558 4076 700 4156 imputet
732 4077 885 4139 omnihus
918 4072 1050 4137 ludaeis
1083 4073 1168 4154 quod
1221 4075 1368 4158 quisquis
1400 4095 1435 4140 se
1469 4077 1596 4158 ingeret
1629 4077 1750 4160 absque
1783 4080 1938 4145 mandato
1971 4080 2036 4146 Dei
2067 4083 2197 4148 etiamsi

191 4160 345 4224 inenibus
379 4161 514 4226 somniis
553 4160 726 4243 fallantur,
768 4181 873 4240 neque
908 4178 1003 4240 posse
1036 4158 1186 4240 uulpem.
1221 4182 1298 4225 vere
1321 4172 1355 4224 et
1376 4181 1458 4243 pure
1481 4162 1645 4244 loquatur,
1677 4172 1787 4228 tumen
1810 4185 1877 4228 non
1900 4179 2046 4231 meretur
2076 4189 2197 4233 nomeu

190 4247 282 4310 reiioi
305 4245 338 4310 in
363 4267 482 4330 pausos
503 4247 709 4329 impostores,
732 4246 885 4328 quoniam
909 4244 1060 4308 omnihus
1082 4265 1168 4309 oom·
1220 4247 1399 4328 prophetae
1417 4255 1476 4311 aut
1498 4250 1645 4313 dootoris.
1690 4248 1820 4313 Deinde
1839 4253 1965 4317 vooetio
1988 4253 2057 4334 ipso
2080 4274 2139 4336 per
2161 4275 2196 4319 se

190 4351 291 4395 muno
319 4332 363 4396 sit
393 4332 473 4397 illud
506 4333 633 4397 vitium.
690 4333 734 4397 Et
761 4330 983 4413 emphationm
1014 4339 1064 4394 est
1092 4350 1167 4412 pro·
1220 4351 1284 4396 non
1308 4333 1474 4398 sullioeret
1496 4335 1567 4399 sine
1589 4333 1703 4398 lide'et
1721 4336 1919 4416 integritate.
1955 4337 2022 4403 Sed
2046 4338 2107 4403 hoo
2127 4339 2197 4404 looo

191 4437 310 4482 nomen
333 4429 422 4495 nult,
447 4437 524 4496 vos,
551 4419 674 4498 inquit,
704 4417 892 4483 somniatis:
925 4433 1000 4478 nam
1031 4417 1168 4499 opponit
1220 4418 1392 4500 prueoipue
1414 4420 1537 4484 insistit
1555 4419 1713 4485 Ieremias
1734 4421 1769 4484 in
1789 4423 1818 4485 2.
1838 4424 1952 4505 eapite,
1976 4445 2093 4505 nempe
2111 4423 2196 4506 qood

190 4501 273 4567 huso
294 4502 376 4568 false
404 4504 533 4568 somnia
554 4504 732 4568 vatioiniis.
776 4501 908 4567 Soimus
939 4501 1027 4565 enim
1058 4501 1166 4565 Deum
1219 4523 1285 4568 non
1309 4505 1487 4586 loquuntur
1507 4527 1549 4572 ex
1571 4525 1628 4570 ore
1651 4505 1712 4570 Dei
1740 4509 1794 4588 qui
1823 4507 1940 4590 populo
1969 4518 2038 4574 tam
2061 4510 2196 4573 brevem

189 4589 267 4652 olim
298 4590 487 4670 pateleoisse
509 4607 603 4654 suam
626 4589 828 4654 voluntatem
852 4587 903 4653 rel
934 4607 992 4669 per
1014 4587 1168 4670 visiones,
1219 4589 1361 4653 reditum
1385 4589 1631 4672 pollioebantur.
1678 4589 1872 4672 Propitiuut
1898 4594 2000 4677 igitur
2026 4595 2196 4676 fulmodo,

190 4675 242 4740 vel
266 4693 325 4756 per
346 4675 485 4739 somnio.
530 4675 635 4739 Erant
657 4675 759 4758 igitur
784 4675 912 4739 somnia
934 4672 1094 4754 quosdam
1118 4673 1165 4737 di·
1218 4675 1335 4757 inquit,
1363 4677 1399 4738 iu
1425 4677 1548 4740 uomiue
1572 4695 1654 4742 meo:
1683 4681 1808 4760 quare?
1836 4680 1914 4760 quio
1942 4699 2003 4745 tou
2030 4681 2107 4744 misi
2135 4699 2195 4744 eos.

188 4762 278 4837 vino,
301 4781 439 4842 quorum
463 4759 555 4825 Deus
577 4762 646 4841 ipse
668 4769 740 4824 erat
761 4771 863 4824 sutor.
899 4758 965 4824 Sed
985 4757 1039 4822 hio
1056 4763 1165 4822 osten·
1218 4761 1387 4843 Sequitur,

190 4845 240 4911 dit
261 4846 417 4928 populum
440 4848 501 4911 sihi
524 4845 682 4910 labrieare
713 4866 827 4910 omues
856 4845 929 4909 illus
959 4845 1164 4924 imposturas,

188 4932 237 4996 ita
270 4940 308 4994 ut
341 4931 423 4995 nihil
456 4932 547 4996 iuvet
578 4929 754 4997 obtendere
787 4929 964 5013 prophetas
997 4950 1068 4994 esse
1101 4928 1164 4994 Dei
1305 4930 1354 4995 10.
1384 4930 1468 5011 peta
1489 4933 1536 4997 sio
1556 4933 1632 4998 dieii
1653 4932 1801 5017 Ieltotolt,
1826 4935 1994 5002 secuudum
2015 4953 2196 4999 meteororum

189 5018 395 5100 interpretes,
429 5027 462 5082 et
491 5020 613 5082 relerre
642 5017 727 5099 quod
761 5019 977 5082 somniarunt.
1022 5015 1164 5080 Multum
1217 5016 1307 5102 (nam
1330 5001 1423 5084 netu
1452 5020 1608 5100 aooipitur
1623 5020 1844 5100 metsphorioe
1865 5039 1925 5101 pro
1944 5037 2114 5084 mensure:
2137 5019 2195 5084 sed

190 5107 277 5168 enim
300 5104 448 5180 interest,
478 5105 661 5168 somnietne
684 5103 845 5185 quispiam
875 5121 918 5166 ex
940 5121 999 5166 suo
1021 5100 1164 5178 oerehro,
1217 5101 1325 5166 adhue
1347 5123 1462 5184 aspero
1485 5117 1569 5168 esset
1592 5104 1745 5185 loquutio,
1768 5107 1841 5169 ideo
1860 5105 2040 5187 simplioius
2063 5116 2193 5170 verten-

189 5209 230 5254 un
255 5189 354 5253 etiam
378 5187 471 5253 Deus
494 5188 528 5252 in
551 5209 665 5255 somno
687 5189 861 5270 poteluoiat
891 5185 977 5268 quod
1005 5205 1063 5268 pro
1092 5207 1165 5250 ora·
1218 5187 1294 5251 dum
1318 5189 1381 5273 est)
1411 5182 1492 5268 quio
1519 5189 1572 5253 ubi
1601 5189 1720 5272 impleti
1739 5191 1860 5272 fuerim
1885 5193 1921 5256 iu
1943 5190 2106 5274 Babylone
2127 5211 2195 5272 etp-

189 5275 264 5341 oulo
286 5273 472 5339 habendum
495 5283 555 5340 est.
600 5275 697 5341 Nune
717 5293 796 5359 ergo
819 5283 968 5339 tenemus
990 5271 1166 5356 prophetae
1216 5273 1358 5356 taoqinto
1387 5276 1482 5358 atui,
1513 5275 1649 5340 nudabo
1676 5295 1746 5357 voe,
1779 5279 1807 5340 et
1836 5277 1990 5342 metato
2018 5295 2113 5358 super
2141 5297 2195 5342 eos

190 5359 372 5427 eonsilium.
417 5358 585 5444 Sequitur,
1217 5361 1630 5440 sermotiemmeumhonom,
1647 5366 1683 5426 ot
1698 5361 1845 5427 redituum
1861 5364 1969 5428 vueod
1986 5362 2086 5429 loom
2102 5362 2193 5428 huot.
