5118 6136
202 469 265 535 633
899 464 949 570 llll
974 463 1224 530 IEREMIAM.
1268 464 1368 530 oAP.
1389 463 1504 529 XXX.
2140 471 2204 536 634

202 659 347 742 lugeant,
369 677 434 722 non
453 655 522 722 iere
541 665 652 720 tamen
670 651 754 719 illud
771 663 974 736 perpetuum,
997 651 1177 734 quiaDeus
1229 659 1299 716 tum
1323 652 1476 718 eoelesiae
1499 673 1562 717 non
1588 653 1699 719 minue
1721 653 1790 718 fore
1812 673 2002 737 prosperum
2025 669 2057 720 et
2080 658 2204 724 felieem

201 744 335 809 tandem
357 745 444 826 ipsos
462 741 692 817 consolabitur,
715 749 837 804 utnon
856 747 984 803 tantum
1003 738 1177 822 gaudeant,
1228 739 1289 802 sub
1313 736 1456 817 Ohristo,
1485 759 1582 821 quam
1606 739 1682 802 olim
1713 739 1775 803 sub
1797 739 1926 806 Davide
1954 742 2119 808 floruerat.
2164 743 2203 812 Si

202 830 259 894 sed
282 827 472 912 praedicent
499 827 569 892 eius
597 824 852 891 miserieordiam
876 825 930 888 ubi
953 825 1075 888 fuerint
1097 823 1176 888 libe·
1228 825 1301 906 quie
1324 824 1464 907 exeipiat
1481 845 1618 908 regnum
1635 824 1760 890 Ghristi
1784 825 1880 908 longe
1900 847 1972 892 esse
1990 828 2123 904 ielieius,
2143 829 2203 896 hoo

201 917 277 980 rati.
322 914 501 998 Adiungit,
529 911 657 996 Aoqeho
677 930 739 992 eoo,
769 915 879 976 atnoe
907 911 1098 988 minuentur,
1127 910 1176 975 de-
1228 911 1346 990 iateor,
1379 909 1435 975 sed
1466 909 1645 994 prophetae
1678 930 1806 993 semper
1839 921 2029 993 eomparant
2061 936 2202 998 regnum

200 1001 309 1067 erato
331 1019 398 1066 eos:
431 1000 486 1064 alii
514 1007 654 1063 vertunt
683 999 783 1061 etiam
815 1016 946 1078 augere,
980 997 1036 1060 sed
1065 1007 1176 1060 tamen
1228 993 1352 1060 Ohristi
1381 1016 1455 1060 oum
1486 1016 1589 1080 regno
1616 995 1765 1077 Daridis,
1795 1008 1829 1060 et
1857 999 2002 1063 eontenti
2033 1012 2111 1064 sunt
2140 1001 2202 1066 hae

200 1097 278 1153 sunt
300 1086 403 1151 rerba
425 1085 571 1150 diversa:
601 1092 635 1147 et
656 1095 721 1149 '122
743 1081 909 1164 signifieat
929 1079 1096 1145 interdum
1118 1100 1176 1144 au·
1228 1080 1363 1147 doeendi
1382 1083 1516 1158 ratione,
1536 1082 1689 1164 quoniam
1708 1081 1769 1148 hoe
1783 1083 1960 1164 superabat
1973 1105 2064 1168 spem
2081 1087 2201 1170 pepuli.

200 1193 288 1257 gere,
307 1177 341 1235 et
358 1171 523 1236 interdum
543 1168 658 1234 deeora
675 1167 730 1232 vel
747 1167 869 1232 honore
887 1167 1026 1232 affluere.
1059 1166 1177 1230 Postea
1227 1165 1341 1248 Neque
1364 1169 1452 1231 enim
1474 1167 1629 1232 credibile
1650 1178 1722 1232 erat
1742 1187 1837 1250 posse
1857 1189 2000 1251 unquam
2024 1172 2130 1237 redire
2149 1173 2202 1238 Iu·

200 1261 299 1323 etiam
322 1267 401 1324 sunt
423 1255 523 1322 verba
546 1255 675 1320 diuersa
697 1266 776 1330 hilo,
799 1263 832 1317 et
851 1265 925 1326 tritt.
970 1253 1042 1317 Etsi
1065 1261 1177 1316 antem
1228 1249 1326 1317 daeos
1348 1253 1382 1317 in
1404 1254 1580 1335 pristinum
1614 1263 1745 1320 statum.
1791 1253 1880 1337 Ergo
1910 1275 2010 1337 quum
2040 1256 2094 1323 hio
2122 1257 2202 1323 dieit

200 1343 338 1409 eandem
356 1343 553 1408 sententiam
570 1340 675 1404 voluit
692 1349 840 1421 repetere
856 1339 1026 1421 propheta,
1045 1337 1177 1401 minime
1227 1337 1296 1402 iore
1318 1338 1403 1403 filios
1421 1337 1570 1402 lehudah
1592 1340 1674 1403 eierat
1694 1338 1733 1404 oh
1753 1340 1854 1422 initio,
1876 1340 1956 1404 mihi
1976 1341 2111 1407 dubium
2136 1365 2201 1409 non

200 1437 310 1494 tamen
334 1427 467 1494 dubium
491 1437 540 1490 est
562 1427 641 1508 quin
663 1425 760 1490 simul
783 1425 926 1490 illustret
947 1423 1010 1488 Dei
1036 1426 1176 1507 gratiam
1228 1433 1277 1488 est
1299 1423 1379 1506 quin
1403 1423 1555 1504 respiciat
1584 1424 1673 1488 illam
1703 1425 1962 1506 premissionem,
1991 1427 2047 1492 uhi
2077 1428 2201 1496 dietum

200 1514 262 1580 hae
283 1515 454 1592 varietate,
483 1514 579 1596 quasi
601 1510 723 1576 dieeret
745 1521 812 1574 tam
834 1511 998 1593 insignem
1022 1511 1090 1574 iore
1113 1508 1176 1572 Dei
1227 1520 1299 1574 erat
1314 1529 1428 1574 semen
1444 1507 1583 1573 Davidie
1606 1509 1675 1574 iore
1692 1529 1821 1593 semper
1838 1512 1959 1577 ineius
1977 1513 2068 1593 solio,
2090 1535 2201 1597 quam·

199 1597 469 1676 miserieordiam,
498 1610 535 1663 ut
556 1596 671 1662 Iudaei
701 1607 880 1680 agueseant
906 1597 939 1660 in
964 1615 999 1660 ee
1020 1593 1175 1677 eompleri
1228 1592 1284 1658 diu
1314 1593 1467 1660 lneebunt
1500 1596 1535 1658 in
1565 1595 1654 1660 eoelo
1687 1595 1736 1660 sol
1765 1609 1799 1661 et
1826 1597 1914 1662 luna.
1969 1598 2108 1663 Summa
2139 1607 2200 1678 eet,

200 1685 287 1769 quod
309 1686 510 1768 promissum
531 1685 639 1748 fuerat
661 1682 747 1766 patri
768 1700 881 1746 eorum
905 1681 1069 1758 Abrahae,
1100 1679 1176 1744 terit
1227 1679 1379 1762 quamvis
1402 1679 1551 1745 horribili
1572 1681 1708 1745 interitu
1731 1702 1869 1764 reguum
1891 1684 2088 1750 exstinetam
2108 1687 2200 1764 foret,

199 1791 312 1836 semen
335 1779 427 1835 tuum
448 1771 533 1836 sieut
553 1789 653 1834 arena
670 1768 781 1844 maris,
804 1777 837 1831 et
854 1768 938 1833 sieut
955 1766 1068 1830 stellae
1085 1765 1174 1830 eoeli.
1227 1774 1261 1829 et
1282 1773 1352 1830 tota
1374 1766 1443 1831 eius
1467 1766 1620 1850 dignitas,
1647 1775 1757 1831 tamen
1780 1766 1919 1833 Iudaeos
1941 1769 2067 1837 Christi
2094 1775 2201 1856 gratia

199 1857 246 1921 Et
262 1857 464 1940 perpetuitas
485 1855 583 1920 etiam
602 1865 737 1919 notatur
754 1853 806 1918 vel
824 1852 1022 1917 eontinaatio
1042 1851 1175 1934 gratiae,
1227 1861 1477 1933 reeuperatnros
1499 1852 1583 1933 qued
1607 1851 1817 1934 perdiderant
1838 1853 1907 1920 suis
1928 1855 2114 1936 seeleribns,
2141 1879 2201 1922 sua

199 1962 299 2024 quom
323 1941 409 2018 dieit,
431 1959 493 2006 eon
514 1941 703 2022 minuantur,
726 1958 789 2004 nere
808 1936 1061 2003 alienantem.
1094 1935 1174 2001 Pos·
1227 1936 1465 2020 ingratitudine
1491 1947 1524 2001 et
1546 1939 1759 2003 eontumaeia.
1805 1939 1924 2004 Postea
1956 1942 2115 2026 adiungit,
2147 1943 2201 2008 Se·

198 2037 249 2093 set
271 2029 357 2092 enim
381 2027 453 2092 fleri
473 2035 511 2090 ut
529 2024 668 2109 populus
689 2025 852 2107 quispiam
875 2031 1035 2088 eresoeret
1057 2024 1174 2105 exiguo
1225 2041 1296 2087 men
1313 2023 1382 2087 eiua
1399 2021 1573 2088 mittem
1588 2043 1694 2088 eoram
1712 2024 1795 2106 faeie
1810 2045 1889 2109 mea,
1910 2031 1938 2090 et
1953 2028 2085 2092 vimtebe
2105 2049 2201 2110 seper

198 2121 356 2196 tempore,
382 2111 439 2178 sed
460 2112 542 2177 illud
565 2131 661 2193 saepe
682 2131 747 2174 non
771 2117 820 2174 eet
842 2109 959 2193 longae
981 2107 1174 2188 durationis,
1226 2127 1330 2174 manee
1350 2127 1545 2189 oppressurae
1565 2109 1643 2176 eiua.
1686 2109 1752 2176 Hie
1773 2131 1890 2176 rursus
1914 2115 2085 2178 eonfirmat
2106 2115 2199 2182 Deus

198 2198 474 2282 quemadmodum
497 2198 653 2281 praeterit
674 2197 782 2280 figura
803 2195 902 2260 huius
925 2194 1050 2259 mundi.
1085 2194 1174 2276 llrgo
1226 2194 1473 2278 promissionem
1497 2194 1587 2258 illam
1610 2196 1651 2260 de
1668 2199 1888 2279 perpetuitate
1909 2197 2074 2265 eoelesiae.
2110 2201 2201 2269 Dieit

197 2283 293 2348 Deae
314 2283 476 2368 premittit
498 2285 628 2347 firmum
653 2290 686 2345 et
709 2280 901 2345 diuturnum
925 2288 1048 2345 statum
1072 2281 1173 2344 eoole·
1226 2279 1329 2362 igitur
1353 2284 1469 2344 eostam
1493 2281 1604 2362 papati
1630 2281 1697 2363 fore
1724 2282 1866 2348 ιιαιιιιιιι
1893 2303 2000 2349 eoram
2020 2286 2100 2368 ipeo,
2134 2308 2200 2370 qua

198 2369 275 2448 siae,
297 2369 451 2452 quoniam
472 2368 513 2432 de
531 2367 583 2432 die
601 2368 635 2431 in
655 2366 751 2447 diem,
772 2375 808 2430 et
828 2364 871 2430 ab
892 2385 979 2430 anno
997 2366 1032 2430 in
1050 2386 1174 2430 annum
1228 2384 1304 2430 vooe
1326 2364 1465 2430 Iudaeos
1493 2365 1583 2430 iubet
1612 2375 1740 2434 mentes
1769 2389 1845 2434 suas
1875 2389 2006 2435 sursum
2038 2373 2197 2450 attollere,

198 2461 417 2538 prosequetur
438 2473 533 2521 suam
556 2453 705 2538 gratiam.
750 2452 843 2516 Haeo
864 2471 993 2516 summa
1015 2459 1073 2516 est.
1114 2450 1174 2516 Se·
1226 2451 1303 2534 quia
1325 2451 1359 2514 iu
1382 2451 1592 2516 mendenen
1618 2454 1726 2536 potuit
1754 2475 1923 2520 ooeurrere
1946 2455 2009 2520 nisi
2031 2477 2122 2522 mera
2144 2457 2199 2524 de·

199 2541 321 2622 quitur,
1226 2537 1376 2618 sporatio.
1422 2535 1514 2602 Deus
1536 2557 1614 2621 ergo
1636 2538 1776 2606 Iudaeos
1804 2540 1845 2605 ad
1868 2561 1903 2606 ee
1926 2541 2065 2622 attollit,
2098 2563 2200 2626 quum

1226 2620 1306 2687 dioit
1323 2621 1493 2688 'ecelesiam
1524 2623 1593 2688 lore
1621 2624 1770 2690 stabilem
1802 2635 1910 2691 eoram
1939 2627 2020 2692 t'aoie
2042 2648 2111 2695 sua.
2156 2631 2201 2696 Et

286 2710 338 2776 20.
369 2709 414 2775 Et
434 2714 523 2776 mat
549 2709 615 2790 filii
636 2711 705 2775 eise
732 2709 814 2775 east
833 2708 875 2774 ab
895 2707 998 2787 initio,
1027 2713 1175 2773 moedus
1226 2707 1381 2789 quoniam
1414 2717 1507 2775 tanta
1539 2721 1609 2774 erat
1642 2712 1788 2794 potentia
1822 2712 1982 2795 hostium,
2016 2723 2052 2777 ut
2085 2715 2200 2782 fideles

197 2798 268 2863 eires
288 2815 393 2864 mrem
413 2795 497 2878 faeie
517 2815 587 2862 mee
608 2794 783 2862 notemur
808 2793 875 2876 (vel
898 2793 1072 2877 dirigetur:
1096 2813 1173 2858 nam
1226 2803 1359 2876 possent
1391 2794 1508 2858 merito
1540 2796 1679 2861 obiieere
1712 2817 1826 2862 omnes
1855 2797 1963 2862 aditus
1988 2802 2113 2881 gratias
2135 2800 2200 2867 Dei

197 2895 240 2970 ph
261 2893 441 2965 utromque
462 2882 648 2968 signifieat),
677 2879 857 2946 ιιυιιιιαιιο
878 2897 974 2962 super
995 2897 1100 2946 mmet
1121 2899 1174 2961 op·
1226 2899 1298 2944 esse
1319 2878 1515 2962 praeeluses,
1538 2880 1611 2945 ideo
1634 2881 1784 2965 adiungit
1802 2882 1910 2947 Deum
1933 2886 2013 2950 satie
2036 2905 2078 2948 ex
2100 2905 2200 2969 oppe-

195 2987 356 3054 preeeoree
378 2969 457 3033 aaa.
1227 2963 1290 3030 sito
1312 2964 1434 3029 habere
1462 2967 1644 3048 potentiae,
1675 2975 1712 3031 ut
1733 2966 1851 3050 perdat
1872 2977 1905 3032 et
1926 2969 1961 3033 in
1984 2970 2123 3035 nihilum
2147 2993 2199 3038 re·

1226 3048 1318 3133 digat
1340 3058 1473 3116 eunotos
1495 3051 1615 3118 hostes.
1660 3053 1706 3117 Et
1726 3073 1832 3118 manee
1853 3055 2019 3136 exprimit,
2042 3058 2197 3138 quoniam

284 3139 377 3205 Haeo
399 3141 492 3221 eopia
514 3136 687 3204 uerborum
710 3157 774 3220 qua
796 3137 903 3202 utitur
925 3134 1084 3218 propheta
1113 3137 1173 3200 mi·
1226 3135 1323 3219 louge
1346 3135 1474 3218 lateque
1496 3139 1628 3219 patebat
1650 3139 1840 3204 monarehia
1862 3139 2038 3218 ehaldaiea,
2066 3151 2099 3207 et
2121 3163 2198 3208 eon·

198 3226 288 3290 nime
320 3245 522 3308 supervaoua
554 3224 632 3300 luit,
667 3224 823 3306 quoniam
857 3241 987 3303 semper
1019 3219 1174 3287 dehemus
1226 3219 1336 3286 stabat
1357 3241 1398 3286 ex
1420 3221 1522 3288 variis
1544 3222 1742 3290 nationibus.
1776 3225 2008 3291 Nellaaotem
2032 3239 2199 3309 parserat

197 3331 352 3377 rerooare
385 3312 420 3375 in
453 3309 644 3374 memoriam
677 3328 775 3391 quam
810 3307 910 3372 durae
942 3306 1066 3371 brerint
1097 3306 1174 3372 illae
1225 3327 1309 3390 quae
1338 3326 1403 3371 non
1432 3315 1519 3373 esset
1548 3309 1763 3375 infestissima
1791 3311 1930 3377 Indaeis.
1976 3312 2066 3396 Ergo
2095 3333 2199 3396 quum

197 3397 410 3473 tentationes,
443 3415 544 3477 quum
559 3414 638 3492 ‚per
669 3415 772 3460 annos
804 3393 1012 3477 septuaginta
1044 3392 1173 3492 nullum
1225 3391 1374 3492 riderent
1395 3393 1507 3492 miseri
1528 3395 1659 3461 exsules
1682 3416 1747 3461 non
1770 3403 1900 3461 tantum
1923 3396 2107 3463 Ohaldaeos
2136 3400 2199 3467 sibi

197 3501 328 3633 itti:
346 3479 912 3632 ttttlttptttt‘niit
930 3477 1172 3639 ,tittztftt
1225 3497 1295 3628 tt
1317 3482 1561 3642 tt'tttffd
1575 3481 1667 3632 tlt:
1688 3491 2199 3650 ttttttfftbtttttt‘t

196 3673 332 3738 prorsus
361 3653 551 3718 deficerent:
582 3660 616 3715 et
641 3650 871 3734 promissiones
899 3648 981 3714 alias
1011 3648 1085 3714 aliis
1114 3649 1171 3714 ad·
1225 3649 1346 3714 habere
1376 3652 1455 3714 satis
1484 3651 1650 3732 potentiae
1671 3652 1711 3716 ad
1735 3673 1848 3718 omues
1870 3653 1982 3718 hostes
2004 3656 2196 3737 perdendos.

196 3741 313 3823 iungit,
343 3748 381 3804 ut
401 3738 528 3822 possint
549 3736 665 3802 Iudaei
693 3737 787 3819 quasi
808 3755 850 3800 ex
872 3735 1032 3818 profunda
1054 3737 1171 3818 abysso
1223 3735 1312 3800 Hine
1334 3734 1517 3819 oolligenda
1539 3744 1590 3802 est
1612 3736 1706 3804 nobie
1728 3738 1820 3803 utilis
1843 3737 2000 3822 doetrina,
2026 3740 2197 3807 eoelesiam

196 3825 339 3907 aliquam
372 3824 455 3889 lueis
487 3823 665 3888 eeintillam
697 3841 839 3887 eernere.
890 3821 936 3886 Et
965 3820 1044 3887 hino
1072 3822 1170 3885 etiam
1225 3821 1589 3904 sieesseperpetuam,
1613 3832 1782 3889 ettamen
1805 3844 1869 3887 non
1893 3825 1936 3888 sit
1957 3825 2101 3907 aequalis
2123 3830 2194 3892 eius

196 3909 304 3994 eolligi
331 3910 427 3975 debet
448 3910 541 3974 utilis
563 3906 754 3973 admonitio.
798 3907 872 3971 lttsi
896 3907 983 3970 enim
1007 3905 1172 3972 Dominus
1224 3906 1376 3971 eonditio.
1405 3907 1505 3971 Visus
1526 3909 1612 3972 anim
1632 3921 1682 3972 est
1699 3908 1900 3993 saepeDeus
1917 3931 2047 3976 eorsum
2072 3915 2197 3997 gratias

197 3995 294 4060 hodie
316 3997 408 4062 nobis
436 3994 601 4078 indulget,
629 4013 672 4058 ne
694 4013 904 4059 exeroeamur
927 4002 995 4057 tam
1024 3991 1171 4057 molestis
1224 4011 1302 4056 suae
1324 3991 1517 4075 abrumpere
1540 4007 1616 4058 ante
1632 3993 1758 4060 Ohristi
1776 3994 1963 4059 adventum.
1998 3997 2092 4077 Quod
2116 4003 2197 4065 tuno

196 4081 447 4158 tentationibus,
484 4081 623 4163 quisque
659 4088 768 4144 tamen
805 4079 939 4162 propria
970 4077 1171 4160 experientia
1223 4076 1340 4142 aoeidit
1361 4078 1641 4144 aooommodemus
1663 4079 1704 4144 ad
1729 4091 1877 4146 nostrum
1899 4090 1964 4146 tem
1991 4102 2040 4147 us.
2084 4083 2196 4163 Quum

194 4169 363 4248 oognoseit
398 4187 495 4250 qnam
532 4167 635 4232 simus
671 4165 824 4249 propensi
859 4163 900 4227 ed
934 4162 1169 4228 diffidentiam:
1223 4182 1302 4244 ergo
1325 4163 1378 4227 hie
1400 4163 1478 4229 dieit
1500 4164 1660 4248 propheta
1687 4165 1771 4245 titios
1791 4166 1934 4232 amabe
1960 4103 2028 4248 fore
2056 4169 2137 4234 sieut
2158 4169 2198 4235 ed

196 4251 313 4317 deinde
334 4253 391 4317 ubi
410 4252 576 4335 eoepimus
597 4251 699 4316 semel
722 4249 896 4330 labeseere,
919 4269 1016 4331 quam
1038 4248 1170 4314 diffieile
1222 4249 1324 4331 ιιιιιο,
1346 4271 1388 4314 ne
1408 4249 1565 4314 miremur
1586 4252 1614 4315 si
1636 4251 1813 4333 aliquando
1834 4253 2005 4336 eontingat
2027 4254 2197 4320 eeelesiam

195 4339 241 4403 sit
262 4359 321 4404 noe
342 4341 376 4401 in
400 4338 517 4402 bonam
541 4358 632 4419 spem
655 4337 748 4419 erigi.
794 4336 883 4419 Ergo
910 4335 1074 4400 diseamus
1097 4355 1170 4417 pro·
1224 4334 1389 4418 dissipari,
1433 4336 1705 4418 quemadmodum
1745 4339 1868 4403 laetum
1907 4348 1958 4402 est
1993 4339 2027 4402 in
2064 4353 2196 4422 papatu.

193 4424 366 4489 missiones
388 4424 469 4489 alies
491 4422 564 4488 aliis
586 4422 793 4504 ooniungere,
816 4421 844 4484 si
867 4439 934 4485 una
955 4441 1018 4484 non
1037 4420 1169 4497 suffieit,
1223 4421 1371 4485 Eeelesia
1389 4422 1477 4485 euim
1496 4441 1562 4484 non
1580 4431 1709 4486 tantum
1728 4431 1859 4488 mortua
1876 4432 1955 4504 erat,
1977 4424 2034 4489 sed
2052 4426 2194 4509 sepulta:

195 4509 248 4573 vel
275 4510 388 4574 altera.
440 4507 528 4572 Dieit
559 4516 668 4572 autem
701 4507 788 4586 filiae
819 4507 888 4571 aitte
918 4505 988 4587 fore
1020 4507 1102 4571 sest
1128 4506 1168 4572 ab
1222 4513 1256 4570 et
1277 4515 1348 4572 erat
1376 4527 1441 4570 non
1472 4515 1600 4571 tantum
1631 4508 1802 4590 putridum
1832 4509 1982 4589 eadaver,
2015 4511 2073 4575 sed
2102 4513 2195 4593 quasi

193 4596 295 4661 initio.
346 4593 489 4675 Quidam
520 4593 684 4657 subtiliter
715 4599 886 4675 exponunt
916 4591 986 4656 fore
1015 4592 1169 4658 eoelesiae
1222 4591 1331 4674 pulvis
1346 4591 1402 4675 qui
1416 4612 1551 4675 prorsus
1570 4605 1758 4658 evanuerat.
1789 4593 1912 4674 Quales
1930 4597 2019 4660 enirn
2038 4595 2195 4677 reliquiae

193 4681 280 4744 filios
297 4681 382 4746 sieut
400 4679 441 4744 ab
458 4679 562 4755 initio,
586 4698 703 4760 nempe
725 4689 801 4741 ante
824 4678 939 4760 legem,
961 4677 1039 4760 qnia
1055 4677 1168 4742 foedus
1221 4689 1374 4760 poterant
1402 4679 1537 4758 reperiri
1565 4678 1599 4742 in
1629 4687 1698 4745 tota
1726 4688 1816 4744 terra
1845 4690 1921 4744 aute
1955 4681 2196 4764 quinquaginta

193 4768 375 4849 gratuitum
399 4767 561 4849 pepigerit
584 4765 673 4828 Deus
696 4783 769 4829 eum
791 4764 971 4845 Abraham,
994 4772 1168 4845 antequam
1221 4763 1346 4827 annos?
1381 4762 1539 4828 Videmus
1573 4783 1650 4846 ergo
1682 4765 1840 4846 compleri
1872 4767 1969 4830 etiam
2003 4765 2063 4831 suh
2092 4787 2194 4850 regno

193 4852 250 4916 lex
271 4853 369 4916 luerit
391 4851 607 4934 promulgata.
642 4849 845 4914 Existimant
867 4850 969 4931 igitur
991 4848 1043 4913 hie
1062 4849 1166 4913 notari
1221 4848 1346 4914 Christi
1379 4846 1465 4930 quod
1495 4851 1634 4932 contigit
1662 4851 1722 4915 sub
1751 4851 1839 4934 lege,
1872 4871 1990 4933 nempe
2023 4851 2193 4918 eeeleeiam

193 4938 439 5021 abrogationem
466 4937 563 5021 legis:
593 4937 685 5018 quasi
716 4935 839 5000 dieeret
866 4935 1001 4999 liberam
1024 4936 1092 5000 iore
1115 4955 1167 5000 eo·
1220 4933 1395 5017 aliquando
1418 4935 1513 4999 obrui
1535 4937 1686 5013 miseriis,
1709 4947 1743 5000 et
1759 4937 1861 5002 latere
1882 4937 1953 5000 sine
1971 4937 2142 5019 splendore
2161 4951 2194 5005 et

193 5023 325 5089 alesiam
349 5023 475 5087 Christi
497 5023 650 5098 adventu,
677 5031 711 5086 et
732 5023 845 5103 iugum
868 5019 949 5084 illud
969 5019 1060 5102 legis,
1082 5019 1166 5102 quod
1220 5023 1333 5085 forma.
1377 5019 1445 5084 Sed
1472 5021 1597 5086 interea
1628 5021 1866 5105 ampleotemur
1894 5022 1979 5086 hane
2008 5024 2193 5104 promissio-

193 5118 266 5173 erat
286 5109 415 5186 servile,
445 5107 610 5174 sublatum
633 5107 682 5172 iri.
728 5106 795 5171 Sed
818 5105 900 5170 haee
927 5107 1057 5188 argutia
1085 5105 1167 5169 mihi
1220 5127 1305 5182 nem,
1339 5105 1424 5187 quod
1454 5105 1578 5171 seilieet
1607 5117 1706 5173 erunt
1734 5108 1793 5172 filii
1823 5108 1951 5190 piorum
1981 5109 2077 5172 sieuti
2105 5111 2192 5191 olim,

193 5214 261 5258 non
282 5194 400 5276 planet,
430 5197 506 5277 quia
535 5214 600 5258 non
631 5193 784 5258 existimo
814 5211 956 5273 unquam
980 5191 1110 5256 venisse
1132 5192 1166 5255 in
1219 5191 1296 5274 quia
1317 5197 1355 5255 ut
1377 5190 1550 5274 aliquando
1571 5193 1684 5258 floruit
1705 5214 1842 5276 regnum
1866 5191 2000 5268 (lhrieti,
2024 5195 2071 5258 sie
2092 5197 2192 5261 etiam

192 5291 336 5344 mentem
360 5281 546 5363 prophetae.
590 5279 665 5344 Non
689 5279 802 5343 dubito
829 5279 928 5362 igitur
950 5277 1030 5358 quin
1052 5276 1093 5340 ad
1116 5297 1167 5342 re·
1219 5276 1416 5360 sperandum
1445 5285 1495 5342 est
1516 5280 1595 5343 satie
1624 5299 1695 5344 esse
1717 5279 1848 5344 virtutis
1871 5279 1906 5342 in
1929 5278 2010 5354 Deo,
2041 5285 2080 5343 ut
2101 5302 2192 5346 reeu-

192 5385 296 5449 gnum
316 5365 455 5431 Davidis
477 5364 538 5429 hoe
560 5365 678 5430 debeat
698 5362 822 5442 referri,
845 5363 936 5446 quasi
959 5361 1081 5428 dioeret
1103 5373 1167 5428 sta·
1191 5346 1195 5412 ι
1220 5372 1312 5446 peret
1330 5363 1467 5428 eoeleeia
1489 5385 1584 5428 suum
1606 5364 1822 5447 splendorem,
1847 5375 1883 5428 ut
1905 5385 2044 5448 regnum
2068 5366 2192 5432 Ohristi
