5038 6118
348 374 354 398 ⁸
385 401 426 467 aa
1169 395 1567 465 rananuomouas
2328 404 2367 469 se

385 588 572 657 Verisimile
594 598 643 653 est
665 601 774 652 tamen
797 587 894 652 fuisse
920 585 1132 669 eompositum
1163 585 1222 651 sub
1244 597 1353 671 tyran·
1404 586 1479 651 Huo
1503 588 1644 669 pertinet
1664 588 1799 654 verbum
1823 587 1997 655 effundere.
2032 589 2144 670 Quum
2162 588 2249 666 didit,
2272 588 2369 672 Super

386 673 637 752 nideAutioehi,
653 673 705 738 vel
720 693 783 756 quo
804 683 948 758 tempore
966 681 1114 754 grassata
1134 671 1195 735 luit
1212 671 1352 736 hostium
1401 676 1513 755 pratea
1536 693 1615 754 quoe
1636 678 1663 739 le
1683 693 1746 738 nou
1767 677 1923 756 anomia,
1944 695 2023 756 quae
2040 695 2103 741 uon
2118 677 2301 741 {meamet
2320 697 2370 740 no

387 762 452 827 Dei
468 759 605 826 saevitia
622 758 778 825 adversus
796 759 961 840 populum.
996 756 1163 839 Quidquid
1184 758 1237 837 sit,
1260 767 1354 821 autor
1403 777 1474 821 men
1494 762 1598 823 luam:
1626 759 1705 825 haee
1727 760 1882 844 loquendi
1902 761 2007 826 lorma
2028 761 2201 844 diligenter
2230 761 2370 825 notanda

387 849 475 914 illins
497 845 619 911 Psalmi
642 853 785 927 repetere
804 844 906 908 voluit
924 841 1009 926 quod
1027 854 1208 924 sumpserat
1229 864 1271 907 ex
1296 843 1354 908 boo
1405 854 1463 920 est,
1486 863 1549 925 qua
1571 844 1722 910 doeemur
1743 845 1874 911 initium
1897 847 2028 928 pietatis
2045 867 2116 912 esse
2133 845 2168 910 in
2188 846 2248 910 Dei
2267 846 2370 930 oogni·

387 933 465 1001 loeo.
509 931 579 997 Iam
614 932 790 1014 quaeritur,
823 929 961 994 liceatne
990 928 1075 993 male
1104 929 1228 1010 precari
1256 929 1353 992 etiam
1405 930 1502 993 tione.
1534 929 1653 995 Postea
1675 931 1821 1016 adiungit
1843 932 1986 997 lruotum
2004 931 2057 998 vel
2078 932 2239 1007 effaetum.
2258 952 2370 1016 nempe

386 1019 495 1103 impiis
517 1024 549 1082 et
579 1015 733 1101 reprobis,
763 1013 838 1098 quia
868 1013 974 1079 adbuo
1001 1015 1150 1095 suspensi
1180 1035 1293 1078 sumus
1323 1024 1355 1078 et
1405 1015 1652 1080 invocationem.
1703 1016 1794 1084 Haeo
1824 1018 1886 1082 duo
1912 1018 2000 1082 inter
2030 1038 2066 1082 se
2094 1017 2284 1082 oobaerent:
2317 1016 2371 1082 sed

387 1105 502 1170 inserti
535 1102 574 1166 de
601 1102 701 1167 exitu.
753 1101 842 1166 Deus
875 1101 962 1164 enim
996 1121 1062 1162 non
1097 1100 1248 1182 patefeeit
1277 1097 1355 1181 quid
1405 1099 1483 1165 ordo
1505 1102 1603 1165 etiam
1638 1101 1797 1167 tenendus
1818 1113 1877 1180 est,
1910 1103 1986 1186 quia
2008 1123 2075 1168 ηοη
2101 1113 2206 1186 potest
2227 1102 2372 1167 inveneri

388 1191 469 1256 velit
489 1187 529 1254 de
552 1189 630 1270 ipsis
653 1184 785 1250 tandem
809 1206 914 1268 agere.
959 1185 1049 1268 Ergo
1076 1185 1188 1267 regula
1210 1187 1354 1250 ueritatis
1406 1185 1496 1250 Deus
1518 1186 1583 1250 uisi
1609 1187 1796 1269 praeluoeat
1824 1188 1895 1254 eius
1924 1189 2075 1272 cognitio.
2119 1187 2281 1254 Invooant
2302 1188 2371 1271 qui·

388 1278 495 1359 potius
517 1273 580 1338 alio
602 1274 731 1337 fleotere
754 1292 810 1336 uer
833 1271 938 1350 debet,
967 1290 1085 1353 nempe
1109 1282 1144 1334 ut
1174 1271 1256 1334 bene
1284 1290 1354 1351 spe·
1407 1270 1480 1334 dem
1500 1273 1620 1352 passim
1638 1293 1751 1338 omnes
1771 1275 1894 1338 Deum:
1912 1273 2074 1340 inereduli
2091 1274 2190 1338 etiam
2207 1273 2249 1338 ad
2267 1272 2374 1358 ipsum

388 1374 499 1427 rantes
521 1359 561 1423 de
583 1378 693 1422 eorum
716 1356 830 1433 salute,
853 1367 1001 1438 petamus
1019 1367 1056 1419 nt
1073 1355 1165 1420 Deus
1182 1356 1246 1420 illis
1264 1357 1355 1438 igno·
1405 1356 1549 1422 olamant
1559 1357 1792 1436 indifferenter,
1810 1380 1912 1443 quum
1928 1373 2022 1443 urget
2037 1359 2166 1442 aliquod
2178 1359 2373 1442 perieulum:

388 1456 466 1514 suat.
510 1445 611 1527 Atqui
633 1444 789 1526 propbeta
807 1440 945 1506 devovet
963 1463 1017 1506 eos
1038 1442 1227 1524 simpliciter
1245 1442 1354 1520 exitio,
1406 1441 1463 1508 sed
1485 1463 1550 1507 nou
1569 1441 1713 1526 dirigunt
1730 1444 1792 1510 rite
1808 1455 1884 1512 vota
1901 1467 1969 1520 sua,
1993 1466 2099 1529 neque
2117 1446 2215 1509 etiam
2239 1457 2374 1526 possunt

388 1553 492 1616 neque
514 1531 655 1614 loquitur
678 1551 721 1593 ex
742 1529 870 1610 privato
899 1548 1006 1605 sensu,
1037 1527 1094 1591 sed
1125 1526 1226 1592 dietat
1255 1528 1356 1592 omni·
1407 1549 1605 1608 praeessuas
1620 1529 1738 1594 offerre
1751 1529 1882 1607 Deo,ut
1896 1530 2219 1614 legitimasaerifioia.
2243 1529 2373 1611 Quare?

388 1619 449 1685 bus
472 1617 534 1700 piis
551 1625 671 1694 votum,
695 1613 780 1697 quod
799 1612 963 1694 oonuipere
982 1611 1128 1677 debeant.
1162 1613 1356 1693 Respondeo
1407 1612 1576 1694 Quomodo
1590 1617 1677 1679 euim
1693 1614 1888 1681 invooabunt
1905 1617 1939 1680 in
1954 1637 2051 1700 quem
2067 1637 2134 1680 non
2148 1613 2373 1682 erediderunt?

388 1727 455 1771 ηοη
476 1723 570 1786 posse
593 1721 652 1766 nos
674 1701 759 1764 ferre
780 1701 976 1764 senteutiam
999 1698 1039 1762 de
1063 1698 1124 1764 hou
1147 1699 1199 1761 vel
1221 1698 1276 1763 illo
1298 1697 1354 1762 bo·

388 1792 475 1855 mine
497 1787 672 1872 sigillatim,
696 1797 728 1850 et
751 1783 823 1848 ideo
846 1784 1027 1848 temeritate
1050 1805 1115 1848 non
1133 1805 1244 1848 oarere
1265 1804 1355 1866 prae-

387 1875 551 1951 iudioium‚
574 1874 601 1938 si
623 1870 771 1953 singulos
790 1869 939 1934 homines
970 1881 1118 1934 aeternae
1148 1872 1243 1933 morti
1266 1869 1354 1934 addi-

388 1963 499 2036 oimus,
523 1956 638 2022 deinde
660 1958 689 2020 si
711 1956 795 2020 male
813 1955 878 2020 illis
894 1975 1072 2037 preoamur.
1108 1953 1173 2020 Sed
1189 1957 1222 2019 in
1237 1976 1356 2040 genere

387 2065 557 2130 possumus
579 2043 748 2124 oonoipere
768 2040 853 2107 hane
875 2040 1028 2123 preuandi
1046 2042 1182 2106 formam
1201 2040 1356 2106 adversus

387 2131 565 2198 obstinatos
587 2129 649 2193 Dei
673 2129 791 2203 hostes,
819 2128 866 2192 sio
895 2138 932 2189 ut
962 2135 1092 2190 maneat
1119 2147 1219 2209 penes
1248 2127 1355 2208 ipsum

388 2217 538 2301 eognitio,
566 2233 624 2279 neo
646 2221 793 2278 tenemus
816 2214 848 2276 in
878 2213 1062 2294 congeriem
1094 2233 1192 2276 unam
1223 2214 1357 2277 miseere

390 2321 597 2387 quosounque
619 2298 715 2365 hodie
744 2300 893 2362 novimus
921 2298 1054 2379 impios:
1083 2297 1173 2374 illud,
1203 2296 1357 2380 quemad-

389 2387 521 2453 modum
541 2387 721 2463 dixissset
741 2385 961 2448 temerarium:
980 2384 1058 2466 quin
1079 2384 1187 2465 potius
1206 2384 1357 2450 eonvenit

390 2476 473 2540 bene
505 2470 654 2536 omnibus
679 2470 814 2553 precari,
845 2481 878 2533 et
906 2478 1017 2552 optare
1049 2468 1114 2533 illis
1144 2469 1293 2544 salutem,
1325 2480 1358 2531 et

391 2559 605 2644 quantumin
633 2557 726 2622 uobis
756 2564 805 2620 est
832 2575 892 2636 pro
921 2574 958 2619 ea
985 2573 1055 2619 esre
1084 2555 1248 2620 sollicitos.
1293 2553 1357 2620 Ubi

390 2653 499 2711 autem
528 2644 574 2707 ita
604 2639 824 2724 impendimus
852 2639 1004 2705 affeotnm
1036 2641 1182 2705 ueritatis
1211 2642 1261 2704 sin
1286 2639 1358 2715 ulis,

390 2733 425 2796 in
459 2749 577 2815 genere
610 2739 717 2791 tamen
750 2745 921 2808 possumus
953 2727 1000 2790 ita
1032 2727 1171 2807 preoari,
1202 2737 1240 2790 ut
1301 2745 1358 2789 eus

390 2825 581 2903 prosternat,
604 2822 773 2879 eonsumat
790 2823 823 2875 et
841 2809 984 2892 dissipet,
1006 2819 1040 2875 et
1061 2813 1094 2875 in
1114 2810 1254 2876 nibilum
1276 2809 1359 2875 redi-

391 2913 447 2989 gat
475 2922 586 2967 omnes
619 2920 695 2964 suos
726 2898 842 2963 hostes.
897 2896 972 2962 Non
1007 2895 1140 2962 dubium
1174 2897 1276 2981 igitur
1309 2905 1360 2960 est

390 2990 470 3073 quin
492 2985 650 3070 propbeta
671 2984 724 3049 bio
745 3003 876 3049 sensum
903 3003 999 3048 suum
1023 2991 1191 3048 eonvertat
1213 2983 1254 3049 ad
1275 2983 1359 3047 iudi-

391 3076 477 3140 oium
498 3071 577 3136 Dei:
602 3072 694 3154 quasi
716 3069 845 3148 ditaret,
870 3068 1019 3145 Domine,
1043 3081 1135 3133 tuum
1157 3069 1220 3133 fuit
1243 3069 1358 3134 distin·

392 3179 491 3243 gnere
521 3158 607 3221 inter
635 3154 825 3220 domestioos
858 3163 891 3217 et
923 3164 1112 3218 extraneos:
1146 3154 1268 3236 plaouit
1300 3155 1359 3219 tibi

392 3265 451 3309 nos
473 3242 626 3325 adoptare
648 3243 682 3304 iu
704 3239 877 3322 populum:
906 3257 993 3302 nuno
1014 3239 1091 3321 qnid
1114 3249 1215 3306 restat
1236 3240 1299 3306 nisi
1323 3250 1360 3304 ut

392 3331 567 3394 elementer
596 3345 674 3409 agas
701 3324 876 3400 nobiseum,
911 3325 988 3406 quia
1016 3325 1157 3388 sustines
1187 3344 1359 3407 personam

392 3411 518 3500 patris?
549 3422 707 3494 quantum
738 3409 855 3474 attinet
878 3408 918 3473 ad
946 3417 1059 3492 gentes
1088 3409 1251 3493 profanas,
1281 3431 1360 3492 quo·

393 3503 480 3566 niam
503 3507 580 3564 sunt
609 3498 667 3562 abs
693 3505 725 3559 te
753 3495 887 3576 alienae,
916 3515 976 3561 nee
1005 3495 1169 3578 pertinent
1196 3493 1237 3560 ad
1266 3504 1360 3560 tuum

392 3606 535 3671 gregem,
558 3581 629 3648 ideo
652 3591 758 3646 manet
786 3580 859 3647 illas
887 3581 1055 3646 interitus:
1086 3590 1222 3664 pereant
1248 3581 1359 3664 igitur.

394 3672 505 3754 Quum
532 3676 641 3735 autem
668 3666 827 3751 propheta
856 3666 896 3733 de
919 3667 1064 3749 profanis
1085 3667 1237 3750 gentibus
1259 3668 1360 3750 loqui·

392 3767 456 3838 tur,
474 3756 600 3820 interea
618 3775 681 3819 non
700 3755 877 3817 antevortit
897 3752 1053 3818 iudioium
1070 3753 1142 3830 Dei,
1166 3755 1244 3835 quin
1263 3753 1362 3819 libere

394 3844 545 3910 deeernat
556 3836 712 3923 quidquid
724 3838 819 3903 volet.
840 3837 904 3904 Sed
917 3839 1189 3920 quemadmodum
1204 3839 1269 3903 iam
1282 3839 1360 3917 dixi,

393 3937 523 3994 tantum
546 3925 637 4009 ponit
654 3924 715 3990 sibi
733 3934 808 3988 ante
827 3923 1035 4014 oenlqsquod
1051 3923 1246 3990 habebatur
1263 3925 1361 3988 verbo

391 4013 464 4090 Dei,
477 4030 594 4094 nempe
604 4011 684 4075 alios
696 4029 766 4075 esse
778 4008 896 4075 eleetos
908 4009 988 4074 alios
999 4029 1069 4074 ossa
1080 4012 1242 4091 reprobos.
1265 4009 1359 4076 Elee-

392 4101 513 4164 tionem
525 4097 589 4161 Dei
606 4097 758 4160 aestimat
773 4116 816 4160 ex
833 4096 1012 4178 venatione,
1025 4094 1076 4159 vel
1091 4094 1229 4178 foedere,
1240 4105 1275 4160 et
1289 4096 1361 4160 ideo

392 4207 433 4250 ex
456 4182 602 4266 opposito
623 4181 778 4263 reprobos
799 4202 910 4246 omues
929 4181 1027 4260 duait,
1050 4200 1128 4263 quos
1145 4179 1237 4246 Deua
1259 4181 1360 4264 privi-

392 4271 477 4356 legio
498 4268 555 4332 illo
577 4266 705 4350 paterni
734 4267 854 4333 favoris
883 4267 1037 4351 dignatus
1065 4285 1132 4330 nou
1161 4275 1221 4331 est.
1265 4267 1361 4332 Nune

393 4376 470 4440 ergo
493 4353 599 4418 soluta
621 4361 671 4417 est
692 4351 749 4416 illa
773 4353 935 4434 quaestio:
965 4359 997 4415 et
1019 4350 1097 4416 hine
1120 4363 1253 4433 apparet
1282 4372 1361 4434 quo·

392 4440 490 4507 modo
511 4440 606 4504 lineat
627 4437 798 4521 impreeari
816 4439 951 4503 exitium
970 4437 1123 4520 reprobis,
1146 4445 1179 4500 et
1200 4436 1263 4502 Dei
1285 4458 1361 4502 oon-

395 4525 622 4609 sumptoribus,
645 4543 761 4605 nempe
789 4524 835 4586 ita
864 4533 901 4588 ut
926 4533 1003 4587 vota
1034 4530 1143 4586 nostra
1173 4543 1237 4586 ηοη
1269 4543 1362 4605 prae·

395 4613 527 4679 veniant
548 4609 703 4675 iudioium
726 4607 798 4686 Dei,
820 4618 857 4672 ut
879 4609 1001 4675 dietum
1024 4618 1085 4691 est,
1107 4628 1212 4690 neque
1234 4609 1273 4672 de
1296 4609 1362 4674 riu·

396 4698 481 4784 gulis
504 4696 600 4762 etiam
623 4702 805 4760 statuamus
827 4696 860 4758 in
884 4693 967 4760 bano
984 4694 1035 4759 vel
1057 4695 1091 4758 in
1114 4693 1203 4758 illam
1226 4705 1361 4776 partem,

395 4785 452 4852 sed
475 4788 604 4848 tuntum
623 4779 715 4848 nobis
732 4787 878 4845 oeourrat
895 4781 950 4844 illa
969 4780 1143 4858 distinctio,
1168 4780 1275 4844 Deum
1292 4801 1364 4845 esse

1406 1700 1513 1781 inquit
1534 1699 1657 1764 Paulus
1680 1700 1787 1783 (Rom.
1814 1701 1945 1787 10,14).
1981 1701 2081 1786 Ergo,
2103 1699 2375 1785 quemadmodum

1406 1784 1486 1865 dixi,
1508 1804 1639 1850 neeesse
1661 1796 1719 1861 est,
1743 1798 1779 1851 ut
1799 1789 1885 1851 viam
1909 1787 2002 1853 nobis
2023 1790 2264 1870 praemonstret
2286 1785 2375 1850 Deus

1405 1871 1475 1952 ipse
1497 1871 1621 1953 quoties
1643 1871 1796 1956 invoeare
1816 1874 1923 1955 ipsum
1940 1883 2084 1956 oportet:
2106 1892 2144 1936 ao
2165 1871 2300 1955 proinde
2325 1869 2376 1935 ubi

1407 1956 1497 2021 nulla
1519 1967 1568 2020 est
1591 1957 1654 2020 Dei
1680 1958 1830 2042 cognitio,
1861 1958 1953 2025 nulla
1982 1958 2080 2024 etiam
2111 1968 2161 2023 est
2193 1959 2276 2022 ratio
2307 1978 2376 2039 pre·

1406 2041 1511 2107 naudi.
1556 2039 1622 2108 Sed
1646 2043 1700 2108 ubi
1719 2043 1811 2108 Deus
1825 2044 1932 2108 'semel
1955 2043 2048 2109 nobis
2070 2041 2202 2122 affulsit,
2225 2053 2303 2108 tuuu
2328 2043 2378 2108 via

1410 2127 1501 2191 nobis
1523 2136 1636 2211 aperta
1665 2135 1716 2192 est
1737 2127 1780 2193 ad
1808 2130 1916 2211 ipsum
1944 2129 2174 2195 invocandum.
2219 2128 2310 2212 Ergo
2331 2129 2377 2192 in-

1409 2215 1535 2278 vooatio
1558 2213 1683 2278 fruetus
1711 2225 1887 2296 perpetuus
1909 2227 1958 2280 est
1980 2214 2067 2292 fidei,
2097 2214 2193 2280 siouti
2214 2226 2266 2278 est
2287 2213 2378 2277 testi·

1409 2301 1551 2363 monium
1576 2300 1716 2381 pietatis.
1757 2300 1952 2383 Quanquam
1975 2301 2160 2384 quiounque
2182 2298 2291 2364 Deum
2316 2319 2378 2362 non

1409 2385 1571 2461 invouant,
1600 2385 1788 2467 etquidem
1818 2387 1913 2469 serio,
1942 2386 2119 2451 ostendunt
2146 2406 2181 2452 se
2209 2403 2378 2468 nunquam

1410 2483 1558 2552 gustasse
1579 2470 1740 2535 elementa
1769 2471 1913 2553 pietatis:
1944 2484 1976 2537 et
2001 2470 2073 2536 ideo
2095 2470 2124 2536 si
2146 2470 2296 2554 rupimus
2320 2471 2379 2533 rite

1409 2557 1545 2640 predari,
1579 2557 1718 2637 primum
1753 2557 1913 2622 diseamus
1947 2577 2107 2641 quaenam
2135 2557 2179 2622 sit
2208 2555 2274 2619 Dei
2303 2575 2379 2638 erga

1411 2661 1471 2705 nos
1493 2641 1660 2706 voluntas:
1683 2651 1793 2723 postea
1816 2643 1957 2708 soiamus
1979 2653 2057 2707 tuno
2074 2662 2135 2707 nos
2155 2642 2286 2706 demum
2309 2661 2381 2724 pro

1411 2727 1531 2801 lauisse,
1555 2740 1593 2790 ut
1607 2739 1740 2810 oportet,
1763 2730 1798 2791 in
1813 2728 1927 2793 salutis
1942 2727 2098 2805 doetrina,
2122 2726 2199 2791 dnm
2215 2726 2256 2792 ad
2272 2726 2380 2790 Deum

1411 2811 1626 2894 nonlugimus,
1648 2822 1681 2877 et
1708 2833 1769 2879 nos
1797 2834 1985 2879 exornemus
2014 2814 2049 2878 iu
2070 2813 2141 2878 eius
2166 2813 2380 2880 invocatione.

1412 2897 1508 2978 Quod
1541 2906 1649 2962 autem
1682 2907 1845 2981 postremo
1873 2899 2037 2984 adiungit,
2076 2898 2160 2980 Quia
2190 2897 2381 2963 measa

1412 2981 1514 3058 Iacob,
1532 2983 1725 3048 comederunt
1740 2984 1855 3065 ipasrm,
1872 2989 2126 3068 ooruumpaerunt
2141 3003 2221 3065 eum,
2242 2987 2272 3048 ct
2286 2983 2381 3048 lober-

1410 3067 1525 3134 meula
1546 3070 1614 3134 eiua
1638 3073 1811 3149 maturaret,
1840 3071 1904 3134 duo
1936 3069 2030 3136 nobis
2062 3068 2265 3136 observanda
2294 3081 2380 3139 eunt.

1411 3155 1494 3219 Nam
1518 3153 1572 3218 hio
1593 3156 1806 3238 perspioimus
1835 3176 1930 3239 quam
1959 3156 2062 3221 tristis
2093 3165 2126 3220 st
2154 3155 2273 3220 misera
2302 3165 2381 3218 tuno

1412 3241 1510 3305 fixerit
1532 3239 1686 3306 eoelesiae
1707 3241 1860 3306 conditio.
1903 3241 1979 3306 Non
2007 3241 2084 3306 dioit
2113 3240 2224 3306 multis
2252 3238 2381 3304 iniuriis

1411 3326 1509 3390 luisse
1538 3327 1671 3392 affeotos
1693 3325 1869 3403 Israelitas,
1899 3336 1955 3392 aut
1983 3327 2156 3405 violenter,
2182 3331 2241 3389 aut
2268 3336 2380 3390 nontu-

1412 3411 1543 3476 meliose
1566 3419 1736 3478 traotatoe:
1759 3412 1815 3478 sed
1838 3412 1917 3478 dioit
1936 3413 2037 3495 fuisse
2054 3417 2177 3478 vados
2195 3432 2216 3476 a
2232 3409 2381 3494 pertidus,

1411 3509 1444 3562 et
1465 3496 1515 3561 bis
1536 3497 1597 3560 boo
1614 3498 1743 3578 repetit:
1767 3497 1883 3564 deinde
1897 3499 2047 3662 adiungt
2065 3501 2258 3579 wuaumplos
2272 3495 2382 3577 fuisse,

1412 3586 1584 3646 donatote
1605 3602 1711 3646 eorum
1739 3583 1947 3650 menaea.
2025 3603 2106 3647 uum
2135 3603 2214 3666 ergo
2236 3579 2382 3646 videmus

1412 3678 1480 3731 tam
1503 3666 1628 3730 duriter
1650 3667 1784 3732 alflietos
1808 3679 1885 3732 luno
1905 3669 2004 3734 fursee
2025 3668 2109 3733 filios
2126 3667 2200 3746 Dei,
2223 3686 2265 3730 ne
2288 3668 2381 3730 mire·

1412 3773 1497 3831 mur,
1524 3752 1553 3816 si
1574 3751 1670 3817 hodie
1699 3753 1797 3817 etiam
1826 3754 1960 3819 eoelesia
1986 3753 2152 3819 subiaceat
2179 3752 2381 3836 gravissimis

1412 3837 1661 3916 salamitatibus,
1684 3850 1716 3903 et
1739 3860 1780 3903 ne
1801 3860 2056 3922 expavssoamus
2077 3851 2231 3921 tanquam
2250 3838 2291 3902 ad
2314 3858 2382 3902 rom

1412 3944 1531 3988 novam
1554 3933 1586 3988 et
1607 3924 1789 3989 insolitam:
1818 3923 1875 3991 sed
1902 3931 2054 4008 quoniam
2085 3922 2171 3988 idem
2198 3923 2277 3988 olim
2308 3943 2380 3988 nou·

1412 4011 1487 4092 tigit
1516 4008 1661 4091 patribus
1691 4009 1827 4086 nostris,
1861 4011 2004 4074 feramus
2034 4030 2134 4092 aequo
2165 4009 2273 4073 animo
2302 4007 2381 4074 haee

1412 4095 1575 4160 exercitia.
1609 4094 1759 4160 Alterum
1775 4117 1851 4161 vero
1870 4099 2048 4161 notandum
2065 4107 2123 4173 est,
2146 4115 2263 4177 nempe
2282 4114 2379 4176 quum

1412 4180 1570 4263 propheta
1592 4180 1646 4245 hio
1668 4200 1732 4245 non
1756 4182 1862 4247 earnis
1884 4201 1960 4246 suae
1990 4191 2079 4245 motu
2101 4180 2262 4264 impulsus
2287 4181 2381 4246 luerit

1413 4263 1453 4329 ad
1475 4267 1683 4347 preeundum,
1712 4266 1769 4332 sed
1798 4267 1956 4332 instinotu
1985 4268 2128 4349 spiritus,
2157 4266 2213 4348 qui
2243 4265 2379 4330 formam

1413 4351 1498 4416 hano
1521 4350 1670 4428 distabat,
1694 4372 1788 4433 posse
1805 4352 1883 4418 hino
1898 4362 1985 4417 nerto
2000 4353 2117 4437 oolligi,
2140 4352 2271 4416 tametsi
2289 4350 2381 4416 hodie

1414 4435 1616 4519 triumphent
1648 4436 1759 4503 hostes
1790 4437 1958 4514 eoelesiae,
1991 4447 2023 4503 et
2057 4445 2172 4520 putent
2205 4457 2241 4501 se
2274 4436 2381 4500 omnia

1414 4521 1547 4604 adeptos
1577 4522 1651 4586 dum
1683 4523 1860 4588 crudeliter
1891 4524 2041 4607 affligunt
2068 4522 2237 4588 innoxios:
2272 4535 2382 4587 tumen

1414 4608 1545 4673 tandem
1575 4607 1707 4674 daturos
1740 4629 1811 4674 esse
1845 4629 1974 4691 poenas.
2025 4608 2170 4692 Spiritus
2200 4607 2296 4684 enim,
2327 4608 2380 4690 qui

1414 4692 1608 4776 gubernavit
1628 4693 1774 4777 linguam
1794 4695 1980 4778 propbetas,
2002 4696 2106 4759 voluit
2128 4694 2213 4759 bauo
2235 4693 2380 4769 formam,

1413 4791 1446 4844 et
1479 4779 1539 4844 hoo
1572 4789 1682 4844 votum
1716 4780 1809 4845 nobis
1842 4801 1912 4846 esse
1944 4781 2048 4846 instar
2080 4780 2313 4864 promissionis,
2347 4787 2381 4841 ut

394 4881 522 4955 patrem
545 4887 622 4951 erga
643 4867 760 4932 eleetos
781 4885 866 4941 suos,
895 4864 1035 4930 iudioem
1064 4885 1143 4950 erga
1171 4886 1283 4940 omnes
1314 4885 1363 4929 re·
1413 4874 1501 4928 nerto
1532 4864 1678 4946 persuasi
1707 4865 1817 4943 simus,
1847 4887 1910 4950 quo
1939 4866 2081 4931 atrouius
2110 4865 2261 4930 saeviunt
2290 4865 2379 4945 impii
2408 4909 2414 4924 .

397 4955 523 5040 probos.
557 4952 692 5034 Effuude
713 4971 790 5034 ergo
811 4952 897 5016 iram
918 4956 1012 5016 tuom.
1046 4950 1170 5032 Nempe
1191 4951 1268 5033 quia
1290 4951 1364 5015 sub-
1413 4960 1525 5014 eontra
1547 4948 1610 5012 Dei
1631 4948 1725 5028 filios,
1741 4971 1785 5015 ‘eo
1805 4954 1988 5034 graviorem
2011 4951 2134 5017 instare
2155 4950 2221 5016 illis
2243 4970 2379 5033 poenam

397 5041 531 5105 miserat
563 5060 598 5103 se
623 5048 657 5102 et
677 5046 783 5102 totum
813 5035 969 5117 populum
992 5033 1056 5099 Dei
1084 5035 1362 5118 castigationibus,
1414 5043 1446 5099 et
1459 5033 1663 5099 erudelitatis
1676 5035 1869 5102 maroedem.
1903 5035 2084 5102 Comedant
2101 5037 2202 5120 igitur
2223 5044 2379 5118 tanquam

398 5126 469 5190 ideo
491 5123 578 5204 dieit,
601 5123 738 5204 Εῇηηᾶο
757 5121 843 5185 bam
864 5125 958 5196 tuom,
981 5119 1042 5185 hoo
1060 5129 1118 5197 ert,
1141 5140 1218 5206 agas
1236 5141 1363 5186 summo
1414 5119 1501 5184 lerae
1534 5119 1662 5197 bestiae,
1696 5129 1733 5184 ut
1762 5121 1858 5186 bodie
1886 5122 2018 5201 laniunt,
2051 5122 2106 5188 sed
2138 5123 2228 5187 Deus
2256 5131 2380 5186 exseret

398 5211 469 5274 iure
487 5208 642 5274 adversus
664 5207 752 5273 illos:
775 5205 832 5271 sed
850 5207 976 5270 interea
993 5215 1152 5286 temperas
1174 5209 1254 5272 iram
1273 5218 1362 5272 tuam
1413 5203 1586 5287 aliquando
1608 5228 1738 5271 manum
1757 5226 1860 5280 suam.
1883 5217 1916 5272 et
1939 5207 2088 5273 ostendet
2105 5229 2200 5292 quam
2220 5208 2379 5290 pretiosus

399 5315 477 5380 erga
499 5315 567 5376 nos,
596 5315 638 5360 ne
665 5294 786 5360 seilicet
814 5293 920 5358 instar
951 5290 1066 5356 diluvii
1095 5311 1153 5355 nos
1181 5293 1361 5359 absorbeat.
1414 5290 1476 5356 sibi
1497 5289 1595 5356 luerit
1616 5312 1748 5358 suorum
1770 5291 1914 5375 sanguis.
