5038 6118
175 403 217 468 65
903 397 953 464 ΙΝ
974 397 1222 465 IERIIMIAIL
1267 397 1365 466 OAP.
1388 397 1432 464 X.
2121 400 2162 466 66

175 610 304 674 qnoque
327 611 367 654 ex
389 586 477 654 Isaia
498 597 665 669 sumptum
688 595 753 652 est:
786 585 880 651 Deus
909 587 995 650 enim
1019 584 1141 669 duplici
1193 587 1345 670 quoniam
1368 587 1444 654 alibi
1467 586 1573 652 fusius
1595 585 1743 653 disserui.
1777 586 1869 654 Dioit
1889 607 1997 654 amnem
2011 585 2075 654 Det
2096 607 2162 654 sate

174 683 367 760 argumento
390 675 501 748 utitur,
535 672 613 737 dum
637 671 709 737 vult
730 671 791 737 sibi
814 671 873 736 uni
901 691 1045 739 asserere
1077 669 1142 736 dei·
1192 692 1340 756 magnam
1369 673 1404 738 ia
1430 673 1589 754 potamia.-
1622 693 1697 738 nam
1730 681 1764 741 et
1795 673 1891 740 idolis
1924 677 1996 738 erat
2024 672 2162 740 eelebris

175 773 283 827 tatem.
328 759 419 826 Dioit
440 757 497 844 (Is.
519 758 570 835 48,
594 758 614 822 3
636 756 723 844 eto),
759 755 856 824 Solus
877 777 950 822 snm
972 758 1026 840 qui
1049 777 1141 840 prae·
1193 757 1279 824 fama
1312 758 1398 841 apud
1430 778 1543 824 omnes
1577 757 1726 842 populos,
1767 758 1823 824 ssd
1856 781 1921 826 noo
1959 759 1996 824 in
2028 759 2161 824 virtute.

173 844 270 912 video
292 865 344 911 res
366 847 490 910 futuras
513 855 546 910 et
562 844 728 928 praedito:
752 864 829 927 ergo
844 843 933 909 solus
948 863 1020 907 sum
1036 843 1141 908 Dens:
1193 844 1338 909 Tametsi
1366 845 1454 909 enim
1483 844 1587 908 multa
1617 841 1752 909 fabulati
1781 854 1858 910 sunt
1893 843 1934 910 de
1965 844 2034 911 suis
2067 843 2161 910 idolis

175 931 308 1009 deinde,
342 930 441 997 Solus
463 950 537 995 sum
558 929 613 1013 qni
644 929 725 994 bene
752 940 785 993 et
815 928 899 996 male
932 927 1030 994 lanio:
1065 949 1142 1012 ergo
1193 939 1261 994 tam
1283 929 1402 996 Graeei
1432 949 1528 1014 quam
1557 950 1669 994 omnes
1698 927 1898 1010 orientales,
1929 927 2046 995 deinde
2068 928 2160 996 Itali:

174 1016 261 1084 solus
290 1038 362 1084 sum
392 1016 493 1082 Deus.
543 1016 631 1081 Dioit
660 1036 695 1080 se
728 1035 798 1080 esse
830 1015 885 1096 qul
918 1013 1003 1080 male
1036 1016 1140 1091 faeiat,
1193 1026 1317 1082 eertum
1340 1025 1448 1080 tamen
1472 1029 1521 1078 est
1549 1014 1672 1080 nullam
1703 1014 1767 1080 illis
1797 1015 1895 1081 fuisse
1924 1015 2159 1099 probationem,

173 1123 289 1186 nempe
312 1104 387 1186 quia
409 1113 458 1167 est
484 1101 583 1168 index
610 1099 735 1166 mnndi.
780 1099 939 1166 Videmus
967 1120 1045 1186 ergo
1076 1121 1141 1164 non
1194 1100 1280 1165 uode
1311 1107 1491 1166 statuerent
1523 1119 1557 1166 se
1589 1099 1694 1166 oolere
1726 1121 1820 1166 veros
1853 1100 1938 1166 dens.
1986 1101 2076 1185 Ergo
2108 1101 2161 1167 hio

173 1189 275 1272 aoeipi
297 1189 331 1254 in
355 1188 522 1253 sinistram
545 1198 670 1271 partem
694 1186 754 1252 hoe
776 1185 921 1261 verbnm,
951 1185 1007 1250 sed
1029 1205 1141 1268 quem·
1192 1186 1352 1269 propheta
1372 1184 1514 1251 ostendit
1531 1194 1713 1268 competere
1730 1186 1765 1250 in
1783 1188 1889 1252 solum
1907 1186 2016 1252 Deum
2035 1187 2161 1270 magni-

173 1273 347 1338 a'dmodum
371 1275 435 1338 iam
458 1273 543 1353 dixi,
575 1272 818 1338 eataohristioos
848 1271 950 1354 aoeipi
980 1290 1140 1336 exsensu
1193 1272 1340 1337 tudinem
1362 1271 1520 1336 nominis:
1554 1271 1705 1353 qnoniam
1735 1274 1882 1355 potentia
1907 1273 1976 1340 eius
1998 1272 2160 1355 apparuit,

172 1360 289 1436 earnis,
313 1359 389 1442 qnia
410 1359 532 1426 soilioet
554 1378 675 1440 poenas
696 1377 776 1440 quae
798 1357 890 1423 nobis
913 1355 1069 1422 divinitus
1090 1357 1139 1421 in·
1192 1369 1224 1421 et
1253 1355 1313 1422 sibi
1347 1357 1484 1424 asseruit
1515 1358 1644 1422 firmam
1677 1368 1710 1422 et
1742 1367 1863 1424 eertum
1897 1358 2043 1442 gloriam.
2087 1356 2159 1423 Iam

171 1446 342 1596 islignntnr,
371 1455 523 1527 putamus
544 1463 597 1508 res
619 1463 689 1508 esse
711 1442 824 1520 malas,
855 1452 888 1508 et
908 1443 956 1507 ita
976 1461 1140 1508 vooamus.
1192 1443 1349 1525 sequitur,

200 1530 341 1613 suitur,

220 1551 239 1614 q
1278 1615 1306 1679 t.
1342 1613 1419 1696 Quis
1440 1632 1503 1680 aea
1524 1611 1687 1679 ttmtttte
1715 1633 1773 1678 reo
1803 1613 1966 1697 gentium?
1998 1615 2075 1696 quio
2104 1613 2161 1679 tibi

258 1703 288 1766 6.
311 1701 344 1766 Α
366 1721 427 1766 moa
449 1699 514 1784 (vel
537 1704 576 1766 ab
597 1721 635 1764 eo
657 1699 745 1782 quod
768 1719 843 1782 non,
864 1699 925 1764 hoo
948 1707 1006 1781 est,
1030 1696 1070 1764 ab
1092 1697 1140 1762 ul·
1190 1701 1341 1767 manmit:
1373 1719 1447 1764 mum
1468 1699 1549 1765 inter
1576 1717 1679 1764 onmes
1708 1699 1866 1779 sapientes
1893 1701 2047 1782 gestiam,
2076 1700 2161 1764 etin

172 1785 263 1852 timis
286 1785 482 1869 temporibus
505 1783 600 1871 non),
629 1786 709 1852 sitm
733 1790 768 1850 tu
791 1785 925 1850 Intonat
951 1786 1139 1866 reperirier:
1193 1785 1332 1851 omuibus
1353 1785 1458 1868 repetis
1485 1804 1604 1863 eoram,
1633 1806 1655 1849 a
1684 1783 1771 1851 aum
1798 1789 1930 1866 tenpore
1958 1785 2075 1852 amate
2103 1785 2161 1850 titt

170 1891 305 1956 magnas
325 1878 369 1955 tu,
391 1877 418 1937 st
439 1891 586 1956 magnam
607 1891 714 1937 nomen
735 1877 823 1937 tuum
844 1869 1090 1953 infortitudine.
1193 1869 1259 1956 (vel
1281 1873 1364 1936 sieut
1386 1882 1432 1953 tu,
1456 1869 1497 1935 ad
1519 1867 1679 1952 verbum).

257 2041 418 2122 Quoniam
442 2042 577 2127 frigeret
599 2038 745 2108 doctrina
766 2041 833 2125 illa,
856 2061 939 2123 quae
954 2040 1048 2106 donet
1062 2060 1138 2123 gen·
1277 2040 1449 2108 Exolamat
1472 2039 1647 2124 propheta,
1678 2038 1757 2121 Quia
1777 2043 1805 2106 te
1826 2059 1888 2106 mom
1909 2039 2052 2107 timebit?
2083 2039 2160 2107 naim

169 2129 252 2192 tium
276 2129 352 2193 daos
374 2148 464 2192 mera
485 2148 555 2194 esse
577 2127 744 2211 figmenta,
774 2133 808 2192 et
830 2127 951 2192 nullius
974 2127 1139 2208 momenti,
1192 2125 1272 2193 haee
1294 2127 1505 2209 interrogatio
1528 2125 1712 2208 emphatioa
1734 2133 1801 2202 est,
1832 2146 1869 2191 ao
1899 2126 1927 2191 si
1957 2128 2160 2194 stomaohosa

169 2213 235 2278 nisi
256 2212 422 2279 aoeederet
449 2215 517 2278 veri
539 2211 602 2277 Dei
630 2213 787 2297 cognitio,
823 2213 883 2278 hae
913 2213 1037 2276 ratione
1065 2231 1138 2292 pro·
1191 2222 1383 2296 noargneret
1415 2223 1578 2294 stuporem
1613 2213 1776 2294 omnium,
1811 2210 1868 2294 qui
1902 2232 2015 2276 verum
2048 2212 2159 2280 Deum

168 2301 270 2381 pheta
292 2318 379 2364 nouo
400 2319 516 2362 verum
539 2297 647 2362 Deum
669 2297 825 2381 produeit.
860 2298 905 2363 Et
922 2297 1026 2362 altera
1041 2297 1139 2361 etiam
1192 2317 1258 2362 nou
1283 2308 1479 2380 agnoscunt:
1502 2295 1596 2380 quasi
1618 2296 1749 2375 diseret,
1772 2294 1868 2362 Unde
1891 2296 1953 2362 hoo
1975 2298 2012 2362 fit
2034 2305 2071 2363 ut
2093 2321 2159 2365 non

168 2393 220 2449 est
242 2384 339 2449 ratio:
374 2404 543 2466 nunqnam
564 2383 651 2449 enim
681 2384 849 2466 quisquam
879 2391 1032 2467 agnosoet
1061 2379 1138 2447 deos
1191 2383 1346 2449 metuaris
1368 2382 1402 2447 io
1426 2393 1493 2448 toto
1515 2379 1660 2446 mundo?
1694 2389 1726 2446 et
1747 2391 1835 2446 uerte
1852 2381 1881 2446 si
1903 2382 1955 2447 vel
1978 2391 2072 2466 gutta
2095 2404 2160 2449 una

169 2470 295 2554 ligneos
317 2481 351 2533 at
371 2469 516 2552 lapideos
544 2489 604 2551 pro
635 2469 737 2533 nihilo
766 2467 928 2534 duoendos
957 2489 1042 2551 esse,
1074 2466 1138 2532 nisi
1190 2479 1298 2534 restae
1320 2465 1554 2552 intelligentiae
1576 2476 1661 2535 esset
1676 2468 1710 2531 in
1725 2465 1921 2544 homiuibus,
1944 2479 2159 2554 agnosoerent

168 2555 332 2638 refulgeat
360 2555 421 2619 Dei
452 2556 582 2620 veritas.
627 2552 782 2637 Quisquis
811 2576 876 2620 non
904 2563 994 2619 tenet
1023 2573 1137 2618 verum
1191 2554 1325 2619 uuieum
1349 2574 1419 2619 ease
1441 2553 1566 2618 Deum:
1595 2560 1628 2616 st
1650 2561 1815 2637 oomperta
1837 2553 1906 2618 eina
1928 2554 2065 2620 veritate
2087 2575 2158 2620 sess

169 2661 241 2706 esse
263 2640 403 2721 aliquem
426 2641 544 2723 Deum,
574 2648 609 2704 et
630 2661 696 2705 non
717 2641 884 2722 eognoseit
905 2639 976 2721 quis
998 2639 1051 2715 sit,
1081 2647 1139 2702 aut
1191 2637 1387 2706 subiioerent
1409 2640 1476 2704 eius
1499 2638 1646 2719 imperio.
1690 2635 1786 2719 Quod
1809 2658 1887 2722 ergo
1912 2640 2158 2707 summinisoun-

168 2725 274 2807 qualis
300 2724 368 2802 ille,
402 2745 568 2807 nunquam
599 2725 684 2790 serio
712 2735 866 2810 tangatur
895 2725 956 2790 hae
982 2723 1136 2800 doctrina,
1190 2737 1245 2790 tur
1267 2726 1327 2790 sibi
1351 2724 1460 2790 varios
1481 2724 1558 2789 deos
1580 2723 1742 2800 homines,
1773 2722 1889 2788 deinde
1912 2724 1998 2806 quod
2021 2727 2157 2809 quisque

168 2812 260 2877 Deos
281 2812 426 2894 gentium
448 2832 519 2876 esse
541 2811 719 2889 daemonia,
747 2817 781 2876 et
802 2831 913 2878 omnes
935 2811 1137 2893 superstitio·
1189 2810 1317 2893 rapitur
1337 2809 1402 2876 hue
1423 2821 1521 2892 atque
1543 2808 1621 2876 illue
1643 2809 1762 2892 absque
1790 2808 1927 2889 indicio,
1960 2811 2020 2877 hoo
2049 2811 2156 2893 prodi-

169 2918 229 2962 nss
251 2916 321 2961 esse
343 2896 519 2980 sacrilegia.
564 2896 661 2962 Nune
691 2917 768 2979 ergo
799 2896 947 2961 videmus
975 2916 1034 2962 eur
1063 2915 1137 2978 pro·
1189 2897 1317 2979 giosum
1339 2901 1406 2960 est:
1440 2916 1513 2960 nam
1536 2895 1564 2960 si
1588 2895 1720 2978 propius
1743 2914 1861 2977 urgeas
1891 2897 1990 2960 etiam
2021 2896 2157 2962 rudissi-

169 2983 270 3066 pheta
302 3002 337 3046 se
370 2989 540 3046 convertat
572 2979 613 3046 ad
646 3003 759 3047 verum
792 2981 915 3058 Deum,
950 3000 1067 3064 nempe
1100 2988 1138 3045 ut
1189 3001 1279 3046 mum
1305 3000 1480 3064 quemque,
1512 2979 1667 3046 fatebitur
1699 2999 1771 3045 esse
1804 2978 1932 3061 aliquod
1966 3000 2157 3063 supremum

168 3068 278 3151 fulgor
299 3067 420 3152 gloriae
437 3068 499 3132 Dei
522 3066 676 3133 disentiat
698 3066 850 3133 tenebras
864 3068 946 3141 illas,
968 3065 1137 3148 inquibus
1189 3086 1321 3142 numen,
1344 3075 1378 3130 et
1399 3065 1530 3132 tandem
1544 3085 1581 3132 oo
1605 3072 1678 3130 etur
1692 3065 1786 3130 fateri
1803 3065 1936 3131 unienm
1951 3087 2022 3132 esee
2036 3066 2155 3134 Deum.

168 3152 393 3220 eaeoutiebant
413 3165 543 3237 gentes:
577 3164 610 3218 et
638 3152 735 3218 simul
758 3163 795 3217 ut
817 3174 894 3218 vara
915 3151 1030 3235 religio
1052 3151 1137 3216 serio
1189 3151 1257 3218 Our
1279 3171 1356 3300 ergo
1379 3161 1469 3216 tanta
1497 3159 1549 3218 est
1577 3087 1712 3216 <Iberum
1744 3148 1857 3226 turba,
1890 3160 1923 3216 et
1951 3152 2093 3218 varietas
2120 3153 2156 3218 in

168 3240 289 3306 affieiat
311 3237 407 3303 eorda
431 3239 615 3314 bominum,
649 3247 686 3302 ut
708 3259 808 3322 quum
834 3245 1013 3321 agnosouut
1035 3257 1136 3300 unum
1188 3235 1310 3302 mundo
1367 3237 1453 3304 unde
1482 3238 1520 3302 fit
1549 3246 1585 3302 nt
1615 3236 1669 3319 qui
1699 3235 1895 3320 prineipium
1924 3236 2007 3302 illud
2033 3249 2155 3318 tenent,

169 3345 241 3391 esse
262 3322 381 3400 Deum,
410 3325 503 3388 euius
524 3323 660 3405 imperio
682 3321 814 3389 subesse
839 3344 898 3388 nos
926 3330 1062 3404 oportet,
1090 3321 1137 3387 ita
1187 3322 1358 3388 nolendum
1382 3343 1451 3388 esse
1473 3322 1592 3399 Deum,
1616 3321 1778 3387 declinent
1800 3321 1841 3387 ad
1864 3321 1974 3404 plures
1990 3322 2076 3403 deos,
2098 3344 2155 3389 ne·

169 3431 234 3476 non
264 3408 367 3476 solum
396 3417 609 3473 oontemnant
638 3417 670 3472 et
699 3408 870 3490 repudient
900 3409 1010 3473 omnia
1041 3407 1137 3485 idola,
1187 3429 1249 3491 que
1281 3409 1407 3491 possint
1439 3419 1582 3474 statuere
1614 3406 1667 3472 vel
1700 3408 1849 3490 quisnam
1884 3409 1926 3472 sit
1960 3407 2068 3488 Deus,
2101 3409 2156 3476 vel

168 3496 226 3562 sed
250 3495 348 3561 etiam
371 3494 581 3560 detestentur.
626 3493 767 3577 Reliqua
788 3496 821 3560 iu
845 3495 1033 3562 erastinum.
1188 3493 1348 3576 quomodo
1369 3495 1412 3559 sit
1434 3491 1611 3559 colendus?
1654 3493 1752 3558 Nune
1774 3513 1852 3576 ergo
1874 3503 2020 3559 tenemus
2050 3496 2156 3560 oonsi-

1187 3579 1268 3645 lium
1292 3580 1476 3662 prophatae,
1499 3579 1575 3644 dum
1599 3578 1762 3644 exelamat
1783 3579 1875 3661 quasi
1898 3601 1956 3663 per
1971 3579 2156 3645 admiratio·
2224 3633 2229 3650 .

254 3664 428 3748 Coepimns
451 3665 520 3728 heri
543 3683 675 3730 versum
702 3675 841 3747 sextum,
867 3687 963 3750 quem
986 3664 1137 3746 exposui·
1187 3686 1272 3746 nem,
1300 3664 1378 3746 Quia
1397 3685 1458 3732 uon
1479 3663 1595 3730 timebat
1609 3669 1645 3746 te,
1668 3683 1724 3729 ran
1735 3664 1896 3748 pontium?
1930 3665 2060 3730 Seimus
2078 3676 2155 3732 tuno

168 3772 260 3829 mus,
291 3751 346 3816 nbi
376 3748 452 3816 dinit
482 3751 638 3816 Ieremias
662 3772 684 3817 a
712 3753 797 3818 nulle
825 3758 956 3834 tempore
982 3755 1138 3831 repertum
1187 3772 1299 3815 verum
1322 3751 1431 3816 Deum
1453 3751 1553 3816 fuisse
1576 3748 1763 3831 despeotum
1785 3750 1967 3833 aprolauis
1984 3750 2155 3834 gentibus:

166 3837 268 3919 faisse
298 3836 474 3919 quempiam
505 3835 640 3900 similem
670 3857 741 3902 vero
772 3837 855 3918 Deo,
894 3837 1038 3918 qnoniam
1070 3836 1138 3915 ipse
1187 3835 1253 3901 imo
1276 3837 1395 3902 seimus
1417 3836 1521 3917 legem
1545 3835 1615 3902 eius
1637 3856 1703 3899 non
1726 3844 1855 3900 tantum
1880 3834 1981 3899 fuisse
2003 3834 2153 3917 ludibrio,

168 3942 305 4005 magmas
326 3922 383 4001 stt,
416 3927 614 4004 etmaynum
635 3921 703 3987 eim
725 3943 833 3988 amnon
854 3923 890 3986 in
911 3922 1031 3986 uirtute.
1076 3920 1137 3984 Vi·
1188 3921 1243 3987 sed
1267 3924 1365 3986 etiam
1388 3919 1629 3986 abominationi.
1674 3918 1761 4002 Quid
1786 3939 1864 4002 ergo
1893 3918 1954 3984 sibi
1981 3921 2053 3986 vult
2074 3921 2155 3988 haee

170 4007 267 4074 detur
289 4006 419 4089 quidem
441 4007 559 4090 frigida
580 4028 651 4071 esse
680 4007 760 4074 haee
788 4007 966 4080 sententia,
1000 4011 1058 4070 aut
1088 4006 1137 4071 ni·
1189 4005 1422 4088 interrogatio?
1462 4027 1595 4088 nempe,
1630 4015 1667 4070 ut
1694 4006 1781 4080 dixi,
1815 4006 1975 4089 propheta
2001 4007 2158 4092 exprimit

169 4092 270 4157 mium
291 4092 444 4174 vulgaris,
467 4093 546 4156 dnm
564 4102 663 4178 negat
684 4113 866 4175 quemquam
886 4091 1020 4158 alaudem
1039 4090 1140 4174 faisse
1189 4113 1254 4156 non
1277 4093 1397 4173 absque
1419 4091 1643 4176 indignatione
1661 4091 1813 4175 portanto
1828 4091 1969 4156 similem
1986 4112 2056 4157 esse
2072 4092 2157 4160 hano

170 4179 239 4246 Deo
271 4176 413 4244 mattae
449 4177 592 4244 saecuta.
649 4177 713 4244 Sed
754 4179 830 4259 qnia
869 4177 1032 4260 figmentis
1071 4178 1138 4242 suis
1190 4177 1367 4254 vesaniam,
1397 4178 1481 4261 quod
1505 4178 1652 4243 homines
1675 4198 1739 4242 non
1761 4177 1937 4260 respitiant
1959 4177 1999 4242 ad
2023 4179 2157 4244 unioum

170 4282 300 4345 semper
321 4261 461 4327 mundns
484 4264 634 4330 obseurat
656 4263 726 4329 veri
748 4263 811 4329 Dei
834 4263 979 4348 gloriam,
1010 4263 1083 4327 ideo
1104 4263 1137 4326 in
1189 4262 1313 4342 Deum,
1341 4262 1398 4329 sed
1428 4273 1593 4348 vagentur
1614 4264 1648 4327 in
1671 4262 1781 4328 stultis
1801 4264 1869 4328 suis
1891 4264 2068 4348 figmentis.
2113 4264 2158 4330 Et

171 4349 233 4414 hae
255 4349 417 4414 sententia
440 4347 580 4413 multum
602 4358 652 4415 est
674 4349 835 4434 ponderis,
859 4369 975 4430 nempe
994 4358 1030 4413 ut
1045 4347 1139 4414 Deus
1189 4347 1300 4413 Deum
1322 4358 1416 4416 vooat
1436 4369 1537 4433 regem
1556 4349 1702 4432 gentium,
1732 4370 1797 4412 non
1819 4347 1903 4432 quod
1926 4350 2063 4432 imperio
2087 4351 2157 4416 eius

171 4435 316 4500 obtineat
342 4454 436 4498 snum
468 4432 624 4517 gradum,
657 4443 691 4500 et
724 4437 865 4502 emineat
894 4456 992 4517 supra
1026 4454 1139 4498 omnes
1189 4455 1225 4498 se
1247 4442 1360 4515 gentes
1387 4433 1600 4501 subiicerent:
1634 4431 1690 4499 ssd
1720 4435 1795 4517 quia
1823 4433 1943 4517 ubique
1973 4436 2159 4502 ostenderet

171 4520 301 4585 fiotitias
324 4519 470 4584 deitates.
514 4517 605 4583 Idem
629 4521 727 4586 etiam
755 4521 881 4588 oeuseri
909 4518 1003 4584 debat
1025 4518 1065 4584 de
1087 4539 1137 4584 se·
1189 4520 1283 4604 signa
1304 4523 1468 4604 potentiae
1490 4541 1578 4596 suae,
1601 4539 1682 4602 quae
1705 4527 1837 4603 possent
1851 4519 1947 4585 edam
1965 4521 2157 4586 rudissimos

172 4605 278 4670 eundo
300 4604 464 4684 membro,
497 4605 547 4669 Tu
568 4625 701 4688 magnus
726 4626 772 4686 ee,
800 4606 917 4690 inquit.
962 4604 1045 4685 Quis
1073 4626 1138 4670 non
1189 4626 1331 4689 quosque
1354 4606 1512 4673 addueere
1534 4604 1575 4671 ad
1597 4607 1667 4671 eius
1689 4605 1916 4686 reverentiam,
1939 4607 2002 4672 nisi
2024 4626 2156 4689 prorsus

173 4689 326 4758 ooneedet
340 4688 413 4754 Deo
436 4688 719 4774 magnitudinem?
743 4693 799 4756 sed
816 4693 940 4756 interea
955 4690 1139 4756 detrahitur
1188 4700 1297 4756 essent
1319 4692 1449 4775 stupidi.
1484 4691 1643 4757 Videmus
1666 4710 1744 4775 ergo
1765 4690 1826 4756 hoe
1849 4712 1913 4755 non
1937 4690 1999 4756 diei
2022 4692 2058 4754 iu
2076 4711 2157 4774 gen·

172 4775 221 4840 illi
254 4776 293 4839 ab
321 4775 487 4841 omnibus:
522 4797 597 4840 nam
631 4774 707 4840 dum
739 4777 799 4843 sibi
832 4779 970 4860 quisque
1002 4775 1138 4842 fabricat
1188 4778 1271 4842 tium
1294 4776 1463 4854 honorem,
1497 4778 1581 4861 quod
1603 4776 1696 4841 Deus
1720 4785 1833 4860 regnet
1855 4774 1939 4858 apud
1961 4775 2066 4860 ipsas:
2100 4774 2157 4840 sed

172 4860 368 4942 peouliarem
392 4862 497 4939 deum,
527 4860 686 4944 spoliatur
709 4861 800 4927 Dens
822 4885 881 4927 sua
903 4860 1137 4945 magnitudine,
1188 4862 1294 4943 potius
1315 4863 1492 4946 perstringi
1514 4884 1579 4927 non
1602 4862 1723 4945 absque
1745 4861 1862 4945 probro
1885 4881 1996 4926 earnm
2018 4860 2156 4946 ingrati-

174 4947 225 5012 vel
247 4947 373 5030 eogitur
395 4949 429 5010 in
451 4947 614 5022 ordinem,
648 4967 685 5013 ae
706 4947 734 5012 si
757 4959 841 5012 esset
868 4969 953 5013 unus
984 4967 1001 5010 s
1032 4945 1137 5011 turba.
1188 4945 1343 5024 tudinem,
1373 4946 1458 5030 quod
1480 4948 1604 5016 seilieet
1626 4968 1692 5012 non
1715 4955 1929 5013 revereantur
1950 4945 2069 5026 Deum,
2100 4948 2156 5030 qni

175 5031 212 5098 Si
244 5033 434 5117 respioimns
467 5055 566 5116 quam
598 5033 741 5117 maligne
781 5033 928 5098 homines
966 5031 1138 5108 aestiment
1188 5037 1298 5097 tamen
1322 5036 1498 5114 potentiam
1521 5054 1613 5098 suam
1637 5033 1723 5116 apud
1745 5033 1832 5116 ipsas
1861 5031 1992 5096 exserit.
2038 5033 2083 5096 Et
2105 5053 2156 5098 se·

173 5117 237 5183 Dei
270 5120 423 5203 gloriam,
456 5120 534 5186 hine
563 5119 717 5202 eolligere
746 5126 932 5201 promptum
961 5118 1038 5196 erit,
1071 5139 1137 5181 non
1189 5117 1301 5202 quitur
1322 5119 1417 5182 etiam
1446 5119 1542 5196 ratio,
1576 5139 1658 5201 quae
1687 5119 1748 5186 hoo
1781 5117 1969 5196 oonlirmat,
2001 5119 2078 5200 quia
2100 5119 2157 5185 tibi

173 5205 295 5270 frustra
318 5206 423 5270 venari
447 5205 507 5270 hoo
529 5205 599 5270 loeo
621 5225 789 5288 magnum,
819 5204 915 5270 sionti
938 5205 1036 5270 etiam
1065 5203 1138 5268 aliis
1187 5205 1331 5277 moeni,
1354 5204 1470 5287 inquit.
1506 5204 1593 5270 Nam
1610 5205 1692 5270 irater
1714 5223 1816 5270 ommes
1836 5203 1993 5283 septenae
2008 5205 2156 5288 pertimet,

174 5290 330 5374 pluribus.
386 5289 450 5355 Sed
484 5291 564 5356 haee
596 5290 738 5356 breviter
775 5297 903 5355 tantum
943 5290 1136 5375 perstringo,
1187 5290 1271 5355 etim
1293 5289 1433 5356 amatim
1454 5291 1560 5374 regala
1580 5291 1720 5372 ipsorum
1742 5310 1763 5354 a
1784 5287 1870 5354 uallo
1891 5294 2023 5370 tempere
2039 5291 2157 5358 similia

275 5391 387 5448 Caluini
400 5407 494 5462 opera
524 5393 582 5448 Vel.
599 5392 776 5450 XXXVIII.
1938 5389 1955 5444 5
