5118 6136
209 450 271 517 593
902 454 949 518 IN
972 451 1221 518 tenuatam.
1266 452 1365 519 ΟΔΡ.
1389 452 1523 522 XXIX.
2150 465 2216 532 594

207 642 299 708 Haeo
329 640 430 724 igitur
463 639 548 704 ratio
580 651 629 704 est
662 659 722 705 eur
749 640 909 725 propheta
942 662 1029 707 nuno
1058 639 1185 722 prolixe
1236 644 1263 706 et
1292 644 1556 720 exspectationem.
1601 645 1667 709 Per
1695 656 1817 722 utente,
1844 648 1930 730 quod
1961 649 2126 734 siguificat
2147 651 2214 718 He-

206 728 416 795 oonoionetnr
439 726 478 790 de
495 725 605 792 lutura
627 728 858 808 redemptione,
881 728 959 809 quia
976 726 1106 792 difficile
1125 726 1185 792 hoc
1237 726 1342 790 braeis
1373 737 1589 808 postremum,
1619 730 1673 796 bio
1704 731 1778 796 finis
1807 733 1948 816 intelligi
1978 734 2091 800 debet:
2122 740 2214 820 quusi

206 824 277 880 eret
307 831 465 895 persuasu
487 810 628 876 ludaeis.
672 812 757 876 Nem
790 813 939 895 quamvis
968 823 1123 895 putarent
1149 832 1185 877 se
1237 811 1360 876 diceret
1388 831 1456 876 non
1487 835 1557 880 esse
1585 813 1771 881 babendum
1808 838 1867 899 pro
1903 824 2038 885 aeterno
2066 823 2214 902 interitu,

207 898 303 983 paulo
325 907 397 980 post
419 897 582 962 redituros
605 900 638 961 iu
670 899 829 978 patriam,
859 919 924 962 non
956 909 1065 962 tamen
1095 907 1185 980 pote·
1236 896 1321 978 quod
1345 898 1484 980 populns
1505 900 1540 964 in
1556 901 1696 965 alienam
1716 912 1836 966 terrem
1854 914 1968 986 raptus
1984 906 2093 972 fuerit.
2128 909 2213 974 Nam

206 994 281 1050 rant
314 1003 439 1048 moram
472 985 573 1060 serre,
606 1004 707 1064 quum
743 984 832 1049 Deus
866 983 1072 1048 tolerantiam
1104 983 1184 1065 ipsis
1237 983 1318 1048 heee
1340 1005 1404 1048 noo
1434 983 1516 1050 levis
1544 1003 1614 1050 erat
1643 987 1795 1066 tentatio,
1823 1008 1924 1071 quum
1949 990 2062 1056 Iudaei
2093 993 2214 1075 privati

206 1069 417 1154 praeciperet:
453 1068 579 1132 interea
612 1069 762 1148 nimium,
795 1084 832 1133 ut
852 1069 1013 1148 diximus,
1047 1069 1184 1134 audaces
1236 1081 1345 1132 essent
1367 1080 1457 1134 terra
1478 1071 1535 1135 illa
1556 1092 1639 1153 quae
1661 1082 1733 1136 eret
1755 1074 1847 1154 quies
1869 1085 1901 1139 et
1922 1074 2110 1142 haeredites
2134 1078 2213 1144 Dei:

206 1167 301 1221 erant
326 1174 427 1237 quum
458 1153 760 1236 pseudoprophetae
793 1175 904 1220 eorum
935 1155 1061 1220 animos
1089 1156 1182 1219 infla·
1236 1154 1372 1235 perinde
1405 1156 1493 1218 euim
1527 1170 1598 1221 erat
1630 1179 1668 1223 ae
1690 1159 1717 1222 si
1740 1160 1856 1223 resecti
1882 1160 2021 1230 fuissent
2051 1161 2092 1226 ab
2121 1165 2212 1228 omni

206 1248 324 1306 verant
348 1260 435 1304 vene
456 1238 584 1304 fiducie.
629 1239 721 1304 Dicit
742 1240 852 1323 igitur,
877 1240 945 1323 Epo
965 1240 1041 1304 noui
1068 1242 1183 1322 copita-
1235 1259 1302 1321 spe.
1347 1240 1431 1304 Erat
1452 1242 1553 1322 igitur
1579 1253 1715 1308 externa
1742 1244 1901 1326 quaedam
1931 1248 2056 1328 species
2086 1248 2212 1314 abdice-

205 1330 304 1392 tiouea
325 1345 406 1408 quea
433 1325 532 1408 copto
554 1341 650 1404 asper
670 1344 733 1390 eoa.
778 1324 875 1405 Quod
890 1325 1037 1408 quidam
1068 1328 1181 1392 existi·
1235 1325 1351 1402 tionis,
1382 1326 1542 1392 abdicatio
1570 1339 1680 1393 eutem
1708 1339 1780 1394 erat
1806 1331 1903 1394 ctiam
1934 1334 2056 1414 species
2084 1336 2210 1402 mortis.

205 1426 298 1478 mant
321 1412 428 1475 Deum
452 1410 506 1476 hio
534 1410 596 1475 sibi
619 1409 794 1476 vendidere
819 1421 973 1494 tanquam
1002 1414 1181 1494 proprium,
1235 1409 1303 1476 Sed
1326 1411 1379 1476 hio
1402 1413 1591 1494 pronuntiat
1614 1413 1706 1479 Deus
1725 1437 1760 1478 se
1782 1417 1877 1480 finem
1902 1418 2130 1500 impositurum
2153 1442 2211 1486 ex·

205 1499 315 1562 omnia
344 1499 454 1562 futura
485 1496 657 1578 praescire,
692 1496 835 1561 alienum
869 1510 919 1562 est
951 1516 970 1561 a
1004 1499 1182 1580 prophetae
1234 1496 1324 1572 silio,
1359 1501 1396 1561 ut
1425 1498 1468 1561 sit
1497 1499 1684 1579 temporale.
1729 1500 1826 1566 Unde
1857 1501 2024 1586 colligitur
2055 1507 2210 1586 populum

205 1604 324 1650 sensu:
348 1594 398 1647 ast
421 1583 527 1665 potius
548 1583 648 1646 tacita
671 1581 845 1648 antithesis
866 1584 954 1648 inter
975 1589 1099 1649 certum
1118 1583 1182 1648 Dei
1235 1603 1297 1646 non
1333 1583 1468 1664 periisse
1500 1604 1600 1664 quum
1634 1585 1755 1651 eiectus
1788 1586 1850 1651 fuit
1883 1589 1917 1652 in
1951 1588 2119 1670 exsilium,
2154 1591 2211 1656 sed

204 1669 394 1742 eonsilium,
424 1677 456 1732 et
478 1687 580 1732 vanas
603 1669 854 1750 imaginationes
883 1668 1001 1751 quibus
1030 1689 1064 1734 se
1095 1671 1182 1751 ipsos
1234 1669 1428 1751 castigatum
1452 1667 1569 1733 leuiter
1592 1671 1691 1735 tuisse
1713 1671 1775 1736 Dei
1799 1691 1910 1738 manu.
1956 1673 2068 1752 addit,
2090 1695 2211 1757 exspec-

204 1754 363 1820 ludebaut
385 1752 508 1818 Iudaei.
547 1751 670 1816 Eodem
691 1774 789 1819 sensu
813 1753 933 1820 dieitur
955 1753 1042 1836 apud
1061 1754 1180 1820 Iseiam
1233 1754 1395 1833 tetioueru,
1429 1774 1488 1836 pro
1522 1774 1585 1836 quo
1618 1756 1841 1841 Hieronymus
1875 1759 1973 1823 vertit
2007 1760 2209 1845 patientiam,

205 1839 270 1926 (55,
293 1837 528 1926 9),Quantnm
552 1839 779 1905 distanteoali
802 1850 946 1915 eterra,
970 1839 1182 1922 cogitationes
1234 1839 1291 1904 sed
1325 1839 1422 1904 nimis
1455 1852 1572 1906 coacte.
1618 1842 1733 1924 Neque
1766 1862 1846 1907 vero
1878 1843 2013 1909 dubium
2046 1855 2096 1910 est
2130 1848 2209 1929 quin

204 1947 296 1991 meae
319 1924 441 1990 distant
462 1946 483 1989 a
504 1923 755 2009 cogitationibus
777 1926 905 2005 vestris,
934 1927 1043 2010 iuquit
1064 1925 1181 1990 Domi·
1235 1925 1295 1989 bau
1316 1923 1459 1990 secunda
1480 1946 1558 1992 voce
1581 1927 1695 1993 melius
1718 1939 1751 1992 et
1771 1929 1894 1995 clarius
1916 1932 2114 2014 expresserit
2136 1953 2210 2014 pro·

204 2033 275 2078 nus.
327 2009 486 2076 Solebant
524 2011 611 2074 enim
655 2031 825 2092 perperam
859 2010 967 2076 Deum
1003 2013 1108 2076 metiri
1141 2034 1181 2076 ex
1235 2011 1333 2092 pheta
1355 2011 1440 2092 quod
1464 2011 1593 2076 volebat
1615 2033 1674 2094 per
1696 2033 1806 2078 vocem
1828 2028 1944 2090 arnna.
1971 2035 2089 2098 nempe
2111 2019 2211 2084 linem

203 2098 333 2181 proprio
351 2117 459 2162 seusu.
493 2095 693 2177 Numquam
709 2096 832 2178 aliquid
851 2098 1045 2178 promissum
1065 2098 1181 2180 inerat,
1233 2107 1392 2179 optatum.
1437 2095 1528 2162 Dabo
1550 2097 1652 2179 igitur
1677 2099 1765 2164 uobis
1784 2099 1895 2180 dmm,
1926 2109 1963 2166 ut
1992 2102 2116 2169 seilicet
2146 2104 2212 2170 illis

204 2182 414 2266 disputabant
437 2181 522 2264 apud
546 2203 581 2247 ss
604 2201 645 2245 an
669 2181 749 2246 illud
781 2184 911 2248 firmum
933 2197 1034 2258 esset,
1064 2195 1097 2248 et
1118 2184 1183 2248 cir·
1235 2181 1504 2263 promissionibus
1522 2183 1687 2263 fruemini,
1705 2185 1802 2251 sicuti
1819 2190 1940 2267 optatis
1955 2197 1989 2251 et
2004 2191 2212 2270 exspectatis,

203 2269 460 2350 cumspiciebant
483 2268 548 2332 huo
576 2281 610 2330 et
639 2267 726 2332 illuc.
771 2266 823 2330 Ita
850 2289 913 2332 non
945 2269 1181 2334 ratiocinaban·
1236 2267 1296 2332 huc
1319 2279 1383 2346 est,
1415 2266 1538 2332 debetis
1561 2268 1622 2334 boo
1644 2291 1791 2351 sperare,
1821 2290 1923 2352 quum
1944 2271 2039 2338 Deus
2067 2273 2114 2338 ita
2139 2294 2210 2357 pro·

203 2361 259 2419 tur
281 2356 344 2418 nisi
367 2376 408 2418 ex
436 2353 567 2436 proprio
594 2355 736 2418 cerebro.
783 2355 874 2420 Deus
903 2375 981 2436 ergo
1010 2356 1096 2436 ipsos
1124 2356 1181 2420 ob·
1234 2353 1368 2418 miserit.
1413 2352 1478 2418 Hie
1498 2353 1597 2418 finem
1621 2355 1750 2420 faeiem.

202 2441 321 2522 iurgat,
350 2451 383 2503 et
404 2437 547 2503 ostendit
569 2458 665 2520 qnam
689 2449 897 2520 praepostere
927 2440 958 2503 id
983 2441 1119 2514 faciant,
1149 2451 1181 2504 et

203 2525 284 2592 dicit
303 2525 499 2608 cogitetioms
528 2543 606 2588 suus
626 2526 729 2606 ample
751 2545 818 2590 esec
845 2531 981 2590 remotes
1009 2526 1048 2590 eb
1074 2545 1181 2590 eorm
1320 2522 1726 2609 testimonialem,
1753 2530 1780 2590 et
1808 2525 1913 2592 ibitis:
1941 2533 1969 2592 et
1998 2527 2132 2594 arctate
2153 2549 2211 2612 me,

201 2609 440 2694 cogitationibus
462 2629 558 2691 quem
578 2610 694 2676 coetum
724 2631 745 2675 u
771 2616 868 2675 terre.
913 2610 970 2676 Sic
997 2612 1095 2674 etiam
1119 2611 1179 2676 hnc
1232 2615 1261 2674 at
1281 2610 1449 2676 mundium
1469 2629 1535 2675 uos.

202 2697 288 2772 loon,
319 2695 450 2760 tametsi
474 2715 539 2759 non
562 2697 760 2776 exprimitur
783 2707 957 2778 utrumque
980 2696 1180 2760 membrum:

201 2791 311 2846 temen
335 2799 400 2845 non
423 2780 487 2845 alio
510 2780 616 2844 tendit
637 2780 805 2862 propheta,
831 2801 927 2864 quem
953 2794 987 2846 ut
1010 2781 1123 2847 ludaei
1145 2803 1180 2846 se
1317 2781 1530 2862 Prosequitur
1546 2777 1701 2845 Ieremias
1713 2780 1851 2846 eandem
1867 2784 2074 2861 sententiam,
2093 2805 2211 2867 nempe

201 2867 394 2950 permittant
416 2865 504 2939 Deo,
535 2876 567 2930 et
597 2886 662 2929 nou
692 2877 850 2948 appetant
878 2867 1014 2932 nimium
1039 2889 1108 2932 esse
1131 2887 1180 2931 ar·
1231 2865 1316 2950 qnod
1332 2865 1444 2930 ludaei
1467 2875 1639 2947 postquam
1657 2864 1801 2930 defuncti
1823 2868 1943 2931 tuerint
1964 2889 2071 2950 poena
2093 2869 2212 2934 divini·

202 2951 291 3036 gnti,
324 2962 363 3018 ut
394 2951 583 3034 intelligant
615 2951 777 3033 quomodo
812 2953 872 3016 hoe
904 2952 958 3016 vel
992 2953 1072 3017 illud
1106 2954 1179 3017 fieri
1233 2966 1285 3016 tus
1306 2952 1472 3032 imposita,
1504 2951 1635 3015 tandem
1659 2949 1812 3014 redibunt
1834 2953 1866 3017 iu
1890 2955 2047 3036 patriam,
2078 2960 2111 3018 et
2140 2975 2212 3020 sen·

201 3039 319 3123 possit,
350 3037 407 3102 sed
437 3047 583 3102 statuant
606 3037 691 3118 quod
717 3039 807 3102 Deus
830 3037 974 3104 decrevit
997 3061 1062 3103 non
1086 3059 1180 3118 posse
1233 3039 1316 3102 tient
1349 3037 1457 3101 Deum
1487 3035 1744 3116 misericordem,
1787 3038 1875 3102 uude
1913 3038 2069 3122 colligere
2102 3039 2213 3106 licebit

201 3123 332 3188 mutari.
376 3122 508 3188 Interea
531 3122 711 3189 notandum
735 3134 801 3198 est,
832 3121 941 3188 Deum
967 3123 1109 3189 hicnon
1134 3124 1179 3187 lo·
1232 3123 1479 3206 castigationem
1509 3122 1616 3185 exsilii
1644 3121 1744 3187 luisse
1771 3121 1838 3187 illie
1868 3123 1992 3188 utilem.
2037 3124 2110 3191 Hoc
2142 3127 2212 3208 qui·

202 3210 257 3291 qni
290 3207 331 3273 de
363 3226 483 3273 eroauo
516 3228 575 3273 sno
609 3220 641 3272 et
677 3207 1000 3292 incomprehensibili
1033 3208 1178 3275 consilio.
1234 3209 1307 3273 dem
1344 3210 1410 3272 iam
1446 3206 1527 3272 eatis
1556 3221 1667 3289 aperte
1697 3218 1895 3290 exposuerat
1923 3211 2071 3290 proximo
2100 3231 2212 3289 versu,

201 3295 286 3359 Nem
315 3314 478 3376 quasnam
511 3305 589 3359 eunt
618 3293 833 3375 cogitationes
866 3293 906 3358 de
939 3295 1057 3375 quibus
1091 3315 1180 3360 nunc
1233 3293 1290 3359 sed
1314 3293 1447 3358 modum
1471 3313 1557 3358 nune
1572 3293 1739 3374 exprimit,
1762 3295 1848 3376 quod
1872 3295 1997 3360 seilicet
2011 3297 2214 3362 invocabunt

202 3382 271 3462 agit
299 3377 478 3444 Ieremias?
512 3399 630 3461 nempe
667 3378 815 3444 liberatio
849 3389 1019 3460 postquam
1049 3391 1179 3461 tempus
1232 3380 1351 3444 Deum.
1391 3378 1590 3461 Quanquam
1612 3381 1718 3444 utitur
1740 3377 1865 3445 duobus
1889 3381 2006 3460 verbis,
2028 3381 2213 3446 invocabitis

202 3464 373 3547 impletum
397 3473 492 3540 esset,
520 3465 596 3546 quie
619 3464 781 3545 pollicitus
803 3466 908 3528 lueret
930 3465 1022 3530 Deus
1044 3478 1124 3530 tuuc
1145 3486 1180 3529 se
1231 3485 1290 3547 mc,
1312 3471 1340 3529 et
1361 3465 1500 3546 orabitis,
1529 3465 1645 3546 iuquit.
1692 3463 1838 3529 Verbum
1869 3465 1955 3547 quod
1989 3468 2213 3548 interponitur

201 3553 271 3616 fure
300 3550 476 3632 propitium
504 3549 657 3614 eeclesiae
686 3571 775 3614 suae.
827 3550 988 3616 Videmus
1018 3571 1096 3633 argu
1127 3552 1180 3616 hio
1231 3535 1358 3619 nunbnr
1388 3571 1501 3614 omnes
1531 3550 1599 3614 lere
1628 3551 1775 3615 referunt
1806 3550 1847 3614 ad
1877 3563 2002 3615 reatum
2032 3553 2122 3616 vitae
2142 3571 2213 3615 uur-

201 3657 268 3701 non
296 3657 368 3701 esse
394 3632 590 3714 movendam
624 3637 849 3716 quaestionem
885 3635 926 3698 da
959 3639 1086 3701 areanis
1117 3635 1180 3700 Dei
1233 3657 1317 3710 eum,
1340 3637 1433 3717 quasi
1457 3633 1578 3700 diceret
1600 3634 1760 3718 propbeta
1791 3657 1861 3714 eos,
1892 3638 1947 3719 qui
1977 3637 2069 3717 prius
2100 3637 2213 3718 vagati

202 3721 363 3799 consiliis,
391 3720 448 3786 ssd
479 3720 670 3802 simpliciter
697 3723 750 3803 agi
777 3721 817 3786 de
847 3741 996 3786 sermone
1018 3722 1090 3799 illo,
1124 3724 1179 3803 qui
1233 3721 1364 3785 fuerent
1391 3730 1466 3802 post
1494 3741 1571 3785 snas
1599 3722 1894 3803 concupiscentias,
1924 3722 2148 3787 ambulaturus
2177 3723 2213 3787 in

201 3807 267 3872 iem
297 3808 486 3870 innotuerat
508 3805 656 3882 Iudaeis,
688 3807 738 3871 vel
768 3805 808 3871 de
836 3808 990 3872 vaticinio
1012 3806 1179 3884 Ieremias,
1234 3807 1289 3870 via
1310 3805 1385 3888 Dei,
1409 3805 1547 3884 honest,
1570 3808 1604 3870 iu
1628 3806 1708 3890 lege.
1754 3805 1821 3872 Sed
1844 3807 1977 3873 videtur
1998 3808 2078 3871 mihi
2101 3817 2214 3874 coacte

200 3912 265 3973 quo
287 3891 496 3972 praedixerat
520 3892 570 3956 70.
594 3891 690 3954 anuis
712 3891 852 3958 ludaeos
882 3894 951 3957 lore
972 3894 1118 3962 exsules.
1148 3905 1181 3958 et
1233 3893 1403 3973 expositio.
1449 3891 1520 3956 Nou
1544 3891 1657 3956 dubito
1680 3894 1882 3975 igiturquia
1906 3892 2066 3976 propheta
2087 3892 2142 3958 hio
2162 3904 2214 3958 ta·

201 3975 333 4041 tandem
357 3997 512 4043 sensurus
535 3997 673 4059 poenam
696 3977 785 4040 illam
816 3978 915 4042 fuisse
939 3999 1074 4059 parvam
1099 3977 1181 4041 duu-
1234 3980 1296 4042 eite
1319 3978 1522 4060 perstringat
1551 3976 1731 4042 sooordiem
1762 3977 1891 4060 populi,
1919 3979 1976 4060 qui
2005 3999 2071 4042 nou
2099 3979 2212 4044 statim

201 4073 294 4126 texat
327 4064 591 4145 castigationem,
623 4064 700 4145 quie
729 4070 816 4126 esset
848 4065 1046 4144 temporalis.
1100 4062 1181 4128 Noui
1234 4065 1370 4145 agnovit
1387 4084 1422 4128 se
1434 4063 1586 4146 castigari
1601 4063 1661 4127 Dei
1675 4084 1785 4140 manu,
1808 4073 1846 4126 nt
1858 4072 1985 4129 mature
1997 4065 2211 4145 resipisceret.

202 4168 281 4231 ergo
302 4149 502 4232 eogitetiortes
523 4167 619 4212 meua.
654 4148 719 4213 Sed
740 4148 1180 4231 iutereaobliqueperetrin-
1234 4147 1290 4213 Ire
1311 4168 1389 4231 orgo
1412 4147 1463 4212 vel
1487 4149 1655 4213 ambulare
1678 4148 1872 4213 tantundem
1896 4148 2001 4225 valet,
2035 4169 2107 4213 meo
2129 4148 2213 4215 iudi·

203 4234 252 4317 git
270 4232 418 4313 Iudaeos,
436 4233 522 4316 quod
539 4255 604 4297 nou
619 4235 828 4316 conciperent
843 4255 935 4314 spem
955 4236 1080 4314 salutis,
1104 4237 1181 4317 qnia
1234 4236 1294 4309 oio,
1318 4255 1355 4300 eo
1377 4235 1404 4299 si
1423 4233 1575 4298 dixisset:
1601 4234 1778 4315 Postquam
1802 4235 2002 4316 pertuleritis
2025 4256 2093 4299 non
2116 4237 2213 4302 unius

202 4340 270 4383 non
293 4317 428 4385 cadebat
450 4320 511 4382 boo
532 4318 592 4383 eub
615 4319 761 4402 ipsorum
784 4341 909 4386 sensus.
955 4321 1058 4386 Docet
1080 4321 1182 4404 igitur
1235 4333 1362 4384 tantum
1383 4321 1460 4384 anni
1477 4320 1639 4394 exsilium,
1663 4320 1719 4384 sed
1736 4319 1787 4398 70,
1807 4333 1887 4384 tune
1906 4319 2069 4401 insipietia
2087 4341 2212 4403 sapere.

203 4404 288 4469 hano
311 4426 382 4470 esse
404 4425 517 4469 veram
544 4405 755 4488 sapientiam,
786 4429 844 4471 nos
868 4407 937 4471 Deo
967 4407 1127 4472 subiicere
1150 4419 1182 4470 et
1234 4406 1314 4469 Fuit
1337 4405 1415 4470 haee
1438 4426 1502 4469 nun
1520 4417 1646 4468 tentum
1663 4407 1821 4490 pigrities,
1844 4405 1908 4478 sed,
1920 4406 2107 4488 stupiditas,
2126 4407 2215 4489 quod

202 4491 409 4572 permittere:
443 4500 476 4554 et
508 4489 535 4554 ei
566 4511 633 4554 non
662 4494 864 4574 assequimur
897 4493 967 4556 eius
999 4494 1182 4570 eonsilium,
1236 4513 1299 4554 nou
1324 4492 1444 4554 inerint
1462 4491 1588 4556 subacti
1606 4492 1666 4555 Dei
1686 4491 1809 4570 ferulis,
1833 4503 1869 4554 ut
1884 4493 1993 4574 ipsum
2011 4493 2212 4559 invocarent.

202 4577 322 4658 quietis
344 4576 463 4640 animis
486 4596 557 4640 esse
579 4578 851 4657 exspectandum,
881 4576 984 4642 donec
1014 4593 1181 4642 maturum
1235 4575 1301 4641 set
1325 4579 1476 4659 quoniam
1508 4590 1576 4641 tem
1599 4577 1672 4642 rudi
1695 4590 1788 4641 erant
1810 4589 1843 4642 et
1865 4579 2048 4659 praefracto
2070 4580 2213 4662 ingenio,

203 4671 332 4744 tempus
355 4661 534 4728 advenerit.
578 4660 667 4726 Dicit
690 4683 762 4726 esse
783 4663 979 4746 wpitetiones
997 4665 1097 4745 pacis,
1122 4664 1182 4727 hoo
1236 4663 1393 4744 propbeta
1426 4662 1480 4728 bie
1513 4663 1656 4727 breviter
1689 4663 1843 4727 admonet
1874 4685 1956 4748 opus
1990 4685 2061 4728 esse
2100 4665 2213 4730 multis

203 4755 263 4825 est,
285 4748 497 4832 cogitationes
520 4747 774 4813 benevolentiae.
809 4750 882 4814 Pax
904 4752 1002 4826 euim,
1026 4749 1181 4831 quemad·
1235 4749 1330 4813 annis
1353 4749 1392 4812 ed
1416 4748 1505 4829 ipsos
1527 4749 1719 4825 domandos,
1749 4749 1827 4830 quie
1855 4770 1922 4813 uon
1951 4751 2140 4815 sufficerent
2162 4751 2213 4815 vi·

203 4831 336 4898 modum
359 4855 454 4916 saepe
481 4833 604 4898 dietum
636 4834 712 4913 t'uit,
741 4835 901 4917 accipitur
929 4857 987 4919 pro
1017 4835 1181 4910 felicitate,
1235 4835 1317 4916 giuti
1341 4845 1398 4896 aut
1420 4835 1566 4915 triginta.
1602 4833 1699 4898 Nune
1710 4854 1787 4916 ergo
1801 4835 2018 4918 intelligimus
2040 4835 2212 4901 consilium

203 4928 242 4982 ut
264 4938 388 5001 nuper:
418 4919 460 4984 In
489 4940 568 5002 paee
590 4918 771 5003 Babylonis
801 4923 863 4984 erit
885 4920 977 4986 vobis
1006 4939 1089 5003 pax:
1120 4919 1182 4986 hoo
1235 4918 1420 5001 prophetae,
1444 4933 1602 4999 qnantum
1626 4919 1667 4983 ad
1692 4918 1826 4984 verbum
1859 4905 1931 5010 q‘tn,
1960 4919 2047 5002 quod
2071 4933 2120 4984 est
2143 4941 2212 4984 am·

204 5014 271 5082 est,
300 5005 328 5067 ei
351 5026 503 5088 prospere
531 5005 630 5070 fuerit
651 5004 855 5090 Babyloniis,
887 5008 979 5072 eritis
1009 5007 1182 5088 participes
1235 5005 1358 5070 bulare.
1400 5003 1537 5070 Summa
1560 5015 1611 5070 est
1632 5006 1743 5088 igitur,
1764 5019 1934 5088 postquem
1959 5006 2157 5086 profecerint
2179 5007 2213 5072 in

204 5088 348 5154 eiusdem
379 5091 536 5156 fortunae.
586 5092 639 5156 Ite
667 5092 765 5156 etiam
794 5092 855 5156 huo
886 5095 954 5158 loeo
988 5093 1078 5156 Deus
1108 5113 1180 5174 pro·
1234 5090 1297 5154 Dei
1322 5090 1445 5168 ferulis,
1469 5102 1547 5156 tnnc
1570 5105 1725 5157 venturos
1747 5113 1818 5157 esse
1840 5091 2012 5173 supplices,
2040 5107 2077 5157 ut
2100 5093 2214 5174 depre-

203 5176 336 5239 nuntiet
357 5177 553 5258 cogitationes
580 5197 659 5243 attae
684 5197 750 5242 esse
772 5178 881 5260 pecie,
910 5178 985 5260 quia
1016 5178 1117 5241 vellet
1148 5199 1182 5242 re
1235 5188 1352 5242 centur
1374 5177 1457 5240 irem
1481 5179 1560 5241 eins.
1605 5177 1748 5243 Additur
1771 5188 1878 5243 autem
1910 5178 2100 5260 promissio,
2130 5179 2214 5260 quod

203 5260 276 5342 ipse
304 5269 337 5326 et
365 5263 482 5326 effectu
511 5275 693 5328 monstrare
725 5279 861 5344 paterno
893 5285 928 5328 se
961 5284 1031 5328 esse
1064 5264 1181 5327 affeetu
1235 5261 1325 5327 Deae
1346 5263 1432 5344 ipsos
1455 5263 1606 5329 exaudiet.
1652 5263 1767 5328 Videri
1790 5275 1898 5328 tamen
1922 5269 2032 5344 posset
2054 5266 2155 5328 etiam
2176 5265 2212 5329 in

204 5367 284 5431 erga
306 5347 472 5431 populum.
517 5349 637 5413 Postea
658 5347 817 5430 adiungit,
841 5354 875 5414 at
895 5351 964 5416 ἀειι
985 5349 1069 5414 vobis
1090 5350 1183 5430 tinem
1235 5349 1346 5431 priore
1376 5349 1522 5414 membro
1545 5349 1636 5414 Deus
1663 5350 1853 5432 promittere
1883 5351 2147 5416 conversionem:
2180 5359 2213 5414 et

311 5449 420 5504 eduini
435 5465 530 5518 opera.
559 5450 618 5503 Vol.
635 5451 816 5505 XXXVIII.
1972 5451 2006 5504 38
