5158 6124
359 435 421 500 347
1165 433 1549 502 PRAELEOTIONES
2294 430 2359 500 348

358 621 436 708 lius)
459 622 489 686 si
508 621 588 702 forte
610 624 696 698 erret,
730 625 758 684 et
782 619 1025 700 praevaleamus
1046 621 1084 704 ei,
1113 626 1141 686 et
1168 641 1332 688 sumamus
1384 620 1448 686 Dei
1471 641 1603 686 servum
1626 628 1739 703 aperto
1762 627 1878 704 marte,
1908 624 1942 685 et
1963 618 2005 686 ab
2027 619 2175 686 hostibus
2197 621 2358 703 protessis,

358 709 504 777 ultiouem
526 709 663 772 avaram
685 725 725 770 eu
746 726 790 771 eo.
1384 706 1559 772 sedetiam
1582 706 1735 772 insidiose
1768 705 1866 772 luisse
1896 711 2073 790 captatum,
2102 712 2137 771 ct
2164 705 2287 790 perfide
2316 709 2358 774 ab

1384 792 1567 858 hominibus
1590 792 1758 875 simulatis,
1781 793 1836 874 qui
1854 790 2024 875 fingebant
2046 813 2081 857 se
2102 792 2233 873 amicos,
2255 813 2358 875 quum

446 878 656 960 Prosequitur
673 897 768 942 strum
785 896 967 942 sermonem
983 878 1151 954 Ieremias,
1172 885 1205 942 et
1222 897 1331 941 coram
1383 887 1494 944 tamen
1516 889 1626 944 essent
1648 879 1758 944 hostes
1780 877 1957 944 deterrimi.
2003 878 2093 961 Ergo
2115 878 2144 944 ai
2165 899 2256 945 nnnc
2277 900 2357 962 quo-

361 968 432 1033 Deo
461 975 590 1030 accusat
621 963 732 1030 hostes
761 983 845 1040 suos,
876 962 962 1044 quod
991 963 1127 1047 iudigne
1157 983 1230 1028 oum
1260 963 1331 1043 ipso
1383 985 1445 1047 que
1467 962 1656 1030 adoriantur
1678 985 1736 1030 nos
1753 963 1956 1028 fraudulenti
1978 963 2127 1030 homines
2147 964 2358 1033 clandestinis

361 1053 500 1136 litigent,
524 1049 675 1132 quamvis
694 1047 775 1113 nihil
792 1049 857 1112 tale
874 1049 1008 1132 deipsis
1026 1050 1229 1124 sitmeritns,
1254 1049 1332 1130 quia
1382 1051 1451 1115 suis
1473 1050 1605 1128 artibus,
1634 1059 1668 1114 et
1690 1050 1745 1115 alii
1768 1049 1878 1132 palam
1901 1070 1959 1114 nos
1985 1055 2186 1132 oppugnent,
2216 1049 2357 1118 sciamus

361 1137 524 1206 studuerit
544 1134 712 1202 consulere
734 1136 879 1218 ipsorum
907 1135 1014 1212 saluti,
1044 1145 1204 1217 quantum
1232 1134 1267 1196 in
1296 1154 1331 1200 se
1383 1135 1465 1200 nihil
1488 1157 1609 1201 novum
1632 1134 1724 1200 nohis
1747 1135 1954 1218 contingere:
1978 1136 2052 1219 quia
2075 1149 2213 1219 utroque
2235 1156 2357 1219 genere

362 1235 441 1290 erat.
485 1221 575 1287 Dicit
596 1221 697 1304 igitur
722 1239 755 1284 se
776 1221 937 1285 audivisse
959 1221 1201 1287 aureaamaeu
1222 1219 1331 1284 multa·
1384 1241 1568 1305 pugnarum
1591 1221 1735 1288 exercuit
1756 1221 1848 1287 Deus
1872 1221 2060 1287 Ieremiam:
2089 1220 2237 1288 videmus
2258 1223 2358 1288 etiam

361 1330 448 1376 rum:
471 1327 654 1390 quanquam
678 1316 788 1389 posset
807 1307 903 1370 etiam
922 1306 1006 1370 verti
1024 1327 1229 1390 magnorum.
1264 1303 1331 1370 Sed
1383 1309 1445 1374 hoc
1478 1306 1579 1372 luisse
1618 1307 1732 1372 tritum
1766 1307 1917 1372 omnibus
1952 1307 2124 1389 improbis,
2163 1315 2202 1372 ut
2234 1307 2359 1374 scilicet

362 1396 480 1461 melius
502 1393 656 1459 convenit
676 1392 765 1476 prior
795 1391 961 1474 expositio,
987 1391 1063 1475 quia
1086 1393 1233 1475 sequitur
1256 1411 1332 1456 con·
1383 1399 1554 1476 captarent
1575 1393 1716 1476 aliquem
1738 1399 1947 1475 praetextum
1966 1392 2147 1459 calumniae
2163 1392 2198 1457 iu
2217 1394 2358 1478 singulis

363 1484 455 1547 tinuo
478 1493 550 1562 post
569 1479 670 1560 fuisse
691 1477 831 1560 audique
852 1484 968 1542 terrore
989 1479 1222 1557 circumdatum,
1254 1476 1330 1541 dum
1383 1478 1532 1563 syllabis:
1563 1479 1659 1543 simul
1689 1499 1728 1544 aa
1757 1479 1936 1562 prophetae
1962 1499 1998 1542 os
2027 1491 2241 1562 aperuerant,
2274 1480 2358 1546 nihil

365 1566 488 1632 scilicet
524 1585 637 1629 omncs
675 1585 739 1629 uno
772 1585 932 1628 consensu
972 1563 1077 1645 ipsum
1120 1563 1331 1645 impetebant.
1384 1569 1535 1648 poterant
1557 1562 1672 1642 dicere,
1706 1564 1791 1648 quod
1814 1587 1881 1630 non
1905 1564 2017 1630 statim
2047 1573 2219 1646 raperetur
2247 1565 2282 1630 in
2312 1567 2358 1632 si-

364 1653 454 1718 Dioit
487 1650 589 1735 igitur
621 1669 654 1715 se
686 1651 882 1716 constrictum
912 1649 1012 1730 fuisse
1044 1650 1181 1731 undique
1209 1654 1332 1728 terrore,
1384 1652 1520 1716 nistram
1554 1657 1700 1732 partam:
1733 1663 1767 1715 et
1797 1650 1869 1716 ideo
1900 1649 2110 1733 conqueritur
2142 1650 2289 1718 Micheas
2321 1673 2360 1718 se

364 1759 463 1823 quum
494 1737 620 1802 videret
653 1747 778 1800 tantam
812 1733 1055 1799 multitudinem
1084 1736 1144 1800 sibi
1175 1755 1246 1800 esse
1276 1735 1332 1798 ad·
1385 1737 1496 1802 mdem
1520 1737 1617 1801 etiam
1644 1737 1780 1802 artificio
1801 1737 1901 1802 luisse
1923 1737 2078 1820 petitum:
2101 1737 2177 1820 quia
2198 1738 2227 1802 si
2244 1759 2360 1804 severa

364 1845 510 1900 versam,
544 1833 576 1888 ot
608 1822 776 1903 infestam,
807 1821 895 1888 solus
927 1829 1034 1886 antem
1069 1833 1171 1886 staret
1200 1829 1333 1902 aperte
1384 1822 1586 1905 loquebatur,
1615 1822 1801 1888 clamabant
1830 1842 1943 1888 omnes
1971 1823 2078 1905 ipsum
2108 1843 2179 1888 csse
2208 1835 2357 1889 autorem

365 1931 435 1976 sua.
486 1908 665 1991 Adiungit,
699 1907 809 1972 hostes
841 1927 915 1972 suos
951 1907 1048 1972 luisse
1082 1907 1267 1984 insidiatos,
1301 1914 1334 1971 et
1384 1908 1585 1974 tumultuum
1607 1909 1642 1972 in
1665 1909 1792 1991 populo,
1816 1919 1850 1974 et
1869 1908 1952 1973 nihil
1971 1906 2058 1972 aliud
2081 1927 2235 1991 quaerere
2257 1929 2359 1992 qnam

363 2009 511 2079 captasse
532 2015 644 2059 omnes
666 1994 848 2060 occasiones
871 1994 942 2058 eins
964 1991 1130 2075 perdendi.
1173 1993 1333 2071 Martiale,
1384 2015 1436 2060 res
1469 2015 1588 2073 novas,
1627 1995 1673 2060 ita
1705 2007 1743 2058 ut
1780 1992 1909 2059 turbato
1947 1993 2038 2060 urbis
2071 1999 2105 2058 et
2137 1994 2229 2077 regni
2268 2001 2360 2061 statu

363 2081 629 2146 enuntiabimus
651 2081 689 2144 ei.
734 2079 800 2144 Hie
822 2086 931 2144 autem
955 2079 1089 2160 suscipit
1111 2078 1240 2144 illorum
1264 2099 1334 2160 per·
1385 2078 1610 2164 pessumdaret
1639 2082 1755 2144 omnia.
1807 2079 1844 2146 si
1877 2101 1955 2164 ergo
1989 2101 2076 2145 nuuc
2109 2080 2233 2162 patitur
2266 2080 2360 2148 Deus

365 2189 489 2244 sonam,
520 2179 553 2230 et
575 2166 673 2230 refert
696 2164 780 2248 quod
803 2165 850 2230 illi
873 2166 959 2230 inter
980 2185 1015 2229 se
1038 2165 1214 2248 agitabant.
1260 2165 1334 2230 Non
1385 2190 1444 2233 nos
1468 2166 1612 2231 exerceri
1634 2165 1754 2230 talibus
1776 2165 1918 2244 insidiis,
1937 2185 2041 2248 aequo
2063 2174 2097 2230 ct
2118 2166 2226 2248 quieto
2249 2168 2361 2232 animo

365 2253 498 2319 dubium
515 2262 564 2318 est
579 2252 656 2332 quin
673 2271 822 2333 proceres
838 2261 871 2316 et
885 2249 1068 2316 sacerdotes
1091 2250 1143 2315 hic
1166 2249 1334 2332 loquentes
1384 2251 1517 2318 ferenda
1540 2259 1590 2316 est
1611 2250 1686 2316 talis
1708 2251 1905 2335 indignitas:
1928 2253 2004 2334 quia
2023 2271 2118 2316 namo
2137 2252 2296 2334 propheta
2316 2253 2361 2318 ab

365 2340 509 2414 inducat,
544 2340 599 2420 qui
628 2336 802 2420 captabant
832 2338 1002 2402 materiam
1031 2336 1203 2402 accusandi
1231 2337 1335 2402 sancti
1385 2339 1448 2404 hoe
1470 2336 1684 2414 incommodo,
1708 2347 1741 2402 et
1762 2337 1803 2402 ab
1830 2338 1891 2402 hac
1920 2338 2069 2402 molestia
2097 2338 2160 2402 luit
2192 2339 2361 2404 immunis.

366 2426 443 2490 viri:
479 2427 599 2489 scimus
632 2425 717 2489 enim
751 2423 828 2506 quid
865 2424 936 2488 fieri
972 2422 1075 2488 soleat
1109 2423 1143 2486 in
1177 2422 1333 2486 eiusmodi
1385 2424 1524 2491 Addunt
1558 2423 1729 2489 Statuamus
1759 2424 1910 2489 ultionem
1941 2428 2083 2489 uvarum
2115 2443 2154 2488 ev
2182 2443 2228 2500 eo,
2266 2427 2361 2507 quasi

367 2508 677 2593 conspirationibus:
711 2509 898 2574 discurrunt
930 2509 1071 2593 gregarii
1102 2507 1267 2584 homines,
1302 2519 1334 2571 et
1387 2531 1466 2576 vero
1489 2509 1556 2575 ulla
1577 2523 1662 2574 esset
1684 2509 1763 2591 ipsis
1793 2509 1971 2574 ulciscendi
2002 2528 2109 2576 causa.
2155 2508 2243 2591 Quid
2271 2511 2361 2575 enim

365 2596 442 2662 hine
475 2596 551 2660 inde
585 2606 788 2678 aucupantur
822 2615 934 2660 omnes
967 2595 1183 2672 ramusculos,
1224 2602 1335 2675 postea
1387 2595 1568 2678 deliquerat
1599 2594 1781 2660 ieremias?
1814 2616 1878 2677 qua
1908 2595 1943 2659 in
1973 2615 2009 2660 re
2041 2597 2128 2678 ipsos
2157 2594 2363 2661 offenderat?

366 2683 529 2758 deserunt,
557 2692 589 2746 et
611 2701 652 2746 ex
675 2703 786 2747 eorum
809 2680 970 2745 deletique
1000 2681 1126 2764 capitur
1154 2679 1335 2746 eonsilium.
1388 2704 1488 2766 quum
1507 2701 1584 2766 ergo
1601 2682 1683 2746 nihil
1700 2681 1788 2765 passi
1804 2689 1913 2748 essent
1926 2681 2075 2758 iniuriae,
2094 2692 2204 2746 tamen
2224 2703 2259 2746 se
2273 2683 2365 2765 ipsos

367 2768 531 2847 Quoniam
553 2788 631 2852 crgo
653 2788 718 2832 non
749 2765 883 2832 decebat
912 2786 1061 2847 proceres
1092 2775 1125 2830 et
1152 2765 1336 2832 sacerdotes
1388 2767 1429 2833 ad
1458 2767 1614 2833 ultionem
1646 2776 1833 2850 provocant.
1885 2764 1953 2832 Sed
1989 2787 2054 2832 non
2083 2767 2203 2832 mirum
2235 2781 2285 2833 est
2313 2769 2365 2834 ita

365 2855 429 2920 ista
451 2854 577 2933 levitas,
600 2866 637 2918 ut
651 2853 857 2931 cursitarent,
880 2862 914 2918 et
929 2853 1132 2935 inquirerent
1147 2872 1188 2917 ex
1203 2851 1335 2934 quibus·
1389 2854 1539 2936 loquutos
1566 2852 1667 2918 luisse
1697 2863 1776 2918 tunc
1805 2853 1932 2935 impios,
1962 2867 1994 2917 et
2018 2853 2081 2917 Dei
2102 2861 2363 2935 contemptores:

367 2942 446 3006 libet
468 2938 573 3004 obviis
601 2937 678 3022 quid
709 2939 842 3003 dixisset
865 2939 1031 3016 Ieremias,
1061 2938 1132 3004 ideo
1163 2938 1253 3019 quasi
1286 2958 1335 3002 sc·
1389 2942 1509 3006 scimus
1532 2939 1619 3003 enim
1644 2949 1680 3003 ut
1696 2939 1935 3004 existimantes
1950 2939 2096 3022 graviter
2117 2938 2213 3016 laedi,
2234 2938 2366 3021 quoties

367 3026 479 3091 dentes
500 3025 553 3091 hie
576 3025 661 3106 loqui
687 3024 773 3102 facit,
804 3025 862 3106 Ite,
890 3025 1045 3106 etrescrte
1062 3023 1105 3089 ad
1125 3045 1198 3090 uos:
1228 3024 1337 3089 deiude
1388 3037 1605 3091 attrectantur
1637 3046 1748 3090 eorum
1779 3024 1925 3090 vulnera.
1976 3025 2062 3088 Nam
2093 3025 2366 3107 reprehensiones

367 3111 582 3176 nuntiabimus
598 3111 673 3194 rapi.
713 3113 773 3174 Est
791 3112 877 3175 enim
899 3111 951 3176 hio
969 3108 1227 3175 subaudiendum
1251 3112 1337 3192 regis
1390 3111 1601 3194 quantumvis
1624 3112 1690 3176 sint
1712 3112 1827 3188 iustae,
1851 3121 1885 3175 et
1906 3109 2117 3187 necessariae,
2141 3111 2290 3175 convicia
2312 3132 2366 3176 rc-

369 3217 497 3271 nomen,
530 3199 605 3277 quia
639 3196 813 3260 relativum
847 3197 978 3276 ponitur
1010 3197 1079 3260 sine
1115 3197 1335 3262 antecedente.
1390 3203 1517 3281 putant.
1561 3196 1651 3263 Hinc
1673 3198 1710 3262 fit
1732 3197 1843 3279 igitur,
1867 3205 1903 3262 ut
1920 3198 2009 3262 furor
2031 3196 2119 3278 ipsos
2137 3193 2178 3260 ad
2201 3196 2364 3262 ultionem

376 3282 481 3347 Venite
510 3283 617 3364 igitur,
648 3287 675 3346 et
696 3283 846 3360 nuntiate,
876 3281 1138 3346 etuumialu'mus
1157 3283 1196 3346 ei.
1242 3282 1337 3346 Nunc
1389 3284 1606 3367 appetendam
1636 3282 1808 3362 accendat,
1838 3303 1938 3364 quum
1969 3292 2080 3347 tamen
2109 3281 2192 3346 nihil
2221 3283 2286 3348 illis
2315 3283 2365 3348 in·

370 3378 519 3432 tenemus
553 3387 617 3449 qua
650 3369 689 3432 de
724 3388 759 3431 re
793 3365 979 3449 expostulet
1010 3366 1183 3446 Ieremias,
1222 3388 1338 3448 nempe
1390 3371 1493 3434 iuriae
1515 3370 1614 3434 luerit
1636 3369 1775 3434 illatum.
1820 3368 1939 3433 Postea
1961 3367 2117 3452 adiungit,

369 3454 456 3537 quod
480 3474 546 3517 non
575 3459 705 3516 tantum
736 3452 855 3518 multos
884 3450 1019 3516 haberet
1052 3452 1160 3518 hostes
1193 3453 1255 3518 sibi
1287 3451 1339 3516 ob-

371 3549 554 3616 trectantes,
583 3538 638 3602 sed
662 3537 744 3620 quod
774 3540 871 3604 ctiam
899 3538 1052 3603 insidiosa
1081 3537 1175 3602 illum
1204 3539 1340 3602 eircum-
1478 3542 1527 3605 11.
1552 3541 1652 3620 Atqui
1675 3538 1810 3605 Ielrvvab
1830 3559 1949 3604 meeum
1975 3543 2124 3621 tauquam
2152 3539 2246 3622 pipus
2271 3538 2367 3621 fortis

370 3627 481 3692 venire
506 3637 672 3706 cuperent.
707 3623 868 3708 Adiungit
883 3625 968 3707 quod
985 3624 1126 3690 deterius
1141 3635 1201 3702 est,
1224 3644 1340 3706 nempe
1392 3626 1461 3711 (aut
1485 3625 1662 3711 terribilis),
1685 3631 1853 3706 propterea
1870 3633 2107 3708 persequutores
2126 3625 2188 3689 mei
2209 3629 2307 3708 rueut,
2336 3630 2367 3690 a

372 3731 438 3776 non
463 3725 589 3776 tantum
613 3711 654 3776 ab
675 3712 846 3786 extraneis,
876 3711 926 3774 vel
950 3713 1005 3793 qui
1028 3710 1135 3793 palam
1158 3719 1252 3775 erant
1280 3710 1340 3773 ini·
1392 3732 1452 3777 aaa
1469 3711 1703 3793 praevalebunt,
1722 3711 1883 3792 pcedepiem
1899 3710 1997 3793 valde,
2019 3711 2096 3792 quia
2114 3731 2176 3775 aaa
2194 3711 2370 3792 macter

370 3799 444 3862 mici
474 3818 508 3862 ss
538 3797 639 3862 luisse
672 3806 740 3860 tam
774 3796 892 3861 iniuste
926 3807 1120 3879 tractatum,
1153 3796 1209 3862 sed
1233 3817 1253 3861 a
1274 3797 1341 3862 suis
1392 3803 1489 3881 apuut
1510 3798 1576 3883 (vel
1600 3819 1666 3862 non
1690 3817 1843 3879 prospera
1870 3796 2019 3863 suecedet
2048 3794 2136 3881 illis),
2165 3796 2369 3878 opprobrium

372 3882 602 3948 familiaribus:
638 3892 756 3947 vocant
778 3883 863 3945 anim
893 3882 1034 3948 Hebraei
1066 3882 1214 3947 homines
1244 3883 1340 3964 pacis,
1391 3884 1511 3951 saeculi
1533 3882 1657 3967 (idest,
1679 3895 1884 3966 perpetuum,
1906 3881 2164 3949 subaudiendum
2184 3894 2243 3964 est,
2266 3881 2369 3968 quod)

372 3969 564 4034 domesticos
587 3981 619 4032 et
641 3969 696 4051 qui
727 3967 891 4033 coniuncti
920 3977 997 4032 sunt
1027 3967 1135 4051 aliqua
1165 3969 1341 4032 necessitu·
1393 3991 1454 4036 uau
1475 3969 1622 4036 oblivioni
1644 3971 1790 4036 tradetur.

372 4055 460 4118 dinc:
491 4054 599 4118 Homo
627 4058 713 4134 pavis
736 4073 836 4130 meae,
867 4053 898 4116 in
923 4073 985 4134 quo
1015 4056 1194 4137 sperabam,
1224 4052 1342 4119 dicitur

372 4142 405 4205 in
434 4141 564 4204 Psalmo
593 4137 657 4224 (41,
690 4141 751 4224 10).
805 4138 869 4206 Sed
900 4139 1043 4221 loquutio
1071 4141 1127 4203 illa
1156 4141 1343 4222 frequenter
1479 4141 1544 4208 Hic
1578 4141 1737 4226 propheta
1764 4140 1915 4206 omnibus
1948 4139 2108 4206 machinis
2139 4138 2275 4223 opponit
2306 4137 2370 4204 Dei

371 4227 520 4290 occurrit.
565 4224 716 4306 Denique
738 4225 899 4311 significat
917 4224 1082 4302 Ieremias,
1106 4247 1169 4291 non
1190 4226 1285 4290 modo
1308 4247 1342 4290 sc
1394 4228 1564 4293 auxilium.
1610 4227 1769 4308 Quamvis
1792 4246 1869 4310 ergo
1892 4225 1931 4290 ab
1955 4247 2020 4290 nna
2043 4235 2135 4307 parte
2156 4225 2238 4290 elam
2262 4225 2372 4308 ipsum

372 4311 525 4376 obrutum
548 4309 783 4393 quodammodo
804 4313 902 4378 luisse
924 4311 1050 4395 ingenti
1077 4312 1168 4393 copia
1191 4312 1342 4390 hostium,
1395 4325 1564 4396 captarent
1587 4311 1750 4396 perfidiosi
1777 4313 1882 4390 amici,
1917 4311 1957 4378 ab
1987 4311 2090 4376 altera
2119 4321 2230 4376 autem
2259 4309 2371 4392 palam

372 4395 430 4461 sed
463 4397 561 4460 luisse
594 4398 692 4462 etiam
733 4395 925 4463 destitutum
959 4396 1000 4461 ab
1032 4395 1183 4462 omnibus
1216 4397 1341 4462 amicis:
1395 4420 1469 4463 cum
1492 4409 1719 4482 oppugnarent
1741 4397 1906 4462 manifesti
1928 4397 2048 4476 hostes,
2070 4417 2138 4461 non
2156 4394 2284 4462 dubitat
2306 4396 2371 4462 sibi

374 4483 450 4564 quia
484 4481 607 4563 perfide
647 4483 753 4563 ipsum
796 4483 986 4565 prodebant.
1041 4481 1131 4546 Dicit
1169 4481 1344 4550 observasse
1397 4486 1430 4549 in
1465 4505 1531 4549 nno
1563 4484 1635 4550 Deo
1669 4486 1748 4550 satis
1782 4485 1850 4548 lore
1878 4482 2043 4566 praesidii.
2088 4481 2133 4548 m
2162 4483 2209 4548 sic
2238 4483 2372 4547 omnino

373 4569 457 4634 latus
477 4588 578 4644 suum,
601 4567 652 4632 vel
676 4567 959 4633 claudicationem:
989 4567 1043 4633 alii
1065 4574 1199 4631 vertunt
1228 4570 1345 4634 contri·
1395 4569 1559 4654 agendum
1588 4582 1647 4646 est,
1678 4571 1804 4653 quoties
1827 4567 1930 4634 Satan
1961 4571 2084 4635 excitat
2112 4568 2284 4650 improbos,
2313 4569 2372 4651 qni

375 4655 510 4718 tionem:
534 4652 590 4716 sed
613 4651 802 4719 claudicatio
817 4653 872 4717 vel
888 4653 1035 4719 debilitas
1058 4653 1160 4736 magis
1183 4659 1343 4720 convenit.
1397 4656 1449 4721 vel
1480 4655 1663 4730 fraudibus,
1688 4656 1740 4720 vel
1770 4668 1881 4738 aperta
1911 4655 2050 4720 saevitia
2078 4674 2138 4719 nos
2168 4665 2371 4738 oppugnent,

374 4740 421 4807 Et
441 4739 632 4820 metaphora
655 4739 734 4804 haee
761 4739 858 4803 etiam
887 4740 1053 4821 aptissima
1079 4753 1145 4806 est:
1175 4738 1304 4805 ducitur
1326 4763 1345 4805 a
1397 4753 1433 4808 ut
1451 4742 1495 4808 sit
1513 4755 1590 4806 tunc
1612 4741 1704 4806 nobis
1723 4742 1829 4806 instar
1849 4743 1934 4804 muri
1952 4740 2077 4818 abenei,
2097 4738 2372 4824 quemadmodum

375 4826 495 4890 latere:
518 4825 697 4907 quiantem
715 4824 767 4889 vel
785 4823 979 4904 claudicant,
1004 4826 1056 4891 vel
1078 4845 1156 4908 prae
1179 4824 1345 4891 debilitate
1397 4828 1583 4911 loquuntur,
1607 4846 1691 4891 unus
1714 4827 1814 4892 Dens.
1859 4825 1926 4892 Sed
1948 4827 2054 4909 primo
2076 4825 2287 4892 statuendum
2310 4839 2372 4902 est,

376 4912 541 4992 vacillant,
570 4911 617 4974 illi
638 4909 797 4976 inclinent
826 4931 912 4976 nune
941 4911 976 4974 in
1003 4933 1104 4976 unum
1134 4912 1228 4991 latus,
1258 4932 1346 4977 nnnc
1397 4935 1472 4980 aum
1506 4923 1594 4978 stare
1626 4933 1645 4975 a
1673 4922 1763 4995 parte
1793 4921 1913 4977 nostra.
1957 4912 2072 4995 Neque
2106 4913 2193 4977 enlm
2223 4909 2372 4995 potentia

374 4996 409 5060 in
432 4997 528 5062 aliud.
562 4997 616 5062 Ita
634 4995 710 5063 dicit
726 4995 881 5061 Ieremias
903 5016 935 5060 se
951 4997 1050 5078 fuisse
1071 4997 1272 5063 observatum.
1309 4998 1347 5063 Si
1399 5000 1461 5065 Dei
1483 4997 1524 5062 ad
1548 5020 1606 5063 nos
1629 4997 1819 5062 animandos
1843 4997 2019 5080 quidquam
2042 4997 2174 5080 valeret,
2197 4999 2260 5064 nisi
2283 5019 2371 5064 esse·

373 5083 461 5164 farte,
482 5082 645 5165 inquiunt,
667 5087 755 5148 erret.
790 5081 914 5148 lterum
933 5083 1068 5163 suscipit
1089 5082 1220 5148 illorum
1242 5104 1348 5166 perso
1400 5106 1470 5150 mus
1489 5082 1614 5148 lundati
1637 5085 1670 5148 in
1690 5084 1751 5151 hoc
1770 5083 1935 5166 principio,
1957 5105 2075 5168 nempe
2090 5083 2185 5150 illum
2201 5083 2372 5150 nobiscnm

375 5188 472 5233 nam:
494 5167 584 5251 Erpa
599 5168 793 5235 observemus
807 5189 849 5233 au
864 5169 1012 5234 claudicet
1033 5168 1079 5232 vel
1100 5169 1221 5234 aberret
1242 5189 1263 5234 a
1284 5171 1347 5248 via,
1398 5183 1496 5236 stare.
1541 5168 1712 5250 Quomodo
1735 5183 1844 5235 autem
1866 5170 1992 5252 conpri
2009 5169 2126 5236 debeat
2145 5171 2225 5236 haee
2243 5169 2372 5248 fiducia,

376 5254 470 5319 etita
487 5255 731 5336 praevaleamus
751 5255 788 5320 ei.
821 5253 972 5335 Denique
995 5275 1035 5318 ex
1058 5253 1110 5318 bis
1132 5253 1238 5320 verbis
1261 5255 1348 5320 eolli-
1400 5257 1497 5340 paulo
1521 5265 1593 5339 post
1616 5255 1806 5322 videbimus.
1842 5255 1931 5322 Dicit
1946 5261 2189 5340 persequutores
2210 5276 2284 5322 suos
2305 5257 2373 5320 rui-

376 5339 495 5424 gimns,
518 5361 585 5405 non
603 5343 699 5407 modo
714 5340 889 5408 crudeliter
905 5345 1061 5405 vexatum
1079 5337 1179 5406 luisse
1197 5346 1347 5408 sanetum
1401 5349 1497 5422 turos,
1526 5347 1560 5407 ut
1588 5361 1652 5408 uou
1674 5342 1886 5424 praevaleant,
1919 5341 1973 5408 sed
1995 5343 2169 5426 pudefimt.
2212 5341 2375 5408 Videmus
