5118 6136
374 447 439 513 635
1185 441 1572 512 PRAELIICTIONIIS
2315 441 2380 506 636

374 636 494 702 iterum
517 643 685 717 exsurgat,
714 639 748 697 et
769 630 835 696 illio
857 629 1007 714 fulgeant
1028 651 1141 696 omnes
1163 630 1229 696 Dei
1249 634 1348 698 bens·
1402 653 1444 698 ex
1461 633 1590 716 populo,
1609 632 1727 699 deinde
1749 634 1908 700 adaram
1925 652 1990 699 esee
2006 631 2231 700 dominatorem
2247 631 2380 698 emto

374 721 544 788 dictiones.
588 717 753 799 Quoniam
782 725 890 782 autem
919 716 1063 798 undique
1091 716 1261 782 eoelesiam
1291 718 1347 783 ob·
1401 718 1514 799 ipsios.
1549 719 1668 785 Exitus
1690 719 1744 783 hio
1767 739 1831 784 non
1851 718 1948 784 debet
1968 717 2072 800 aooipi
2093 737 2153 799 pro
2218 737 2319 792 ressu,
2341 737 2379 782 so

372 806 485 873 sidant
516 804 613 870 multi
647 804 776 882 hostes,
813 812 847 868 et
877 801 1023 867 diabolus
1057 803 1145 867 omni
1179 825 1222 868 ex
1255 815 1349 886 parts
1401 804 1430 868 si
1447 825 1507 869 rex
1525 805 1589 869 alio
1607 809 1694 870 esset
1717 805 1865 871 abiturus
1887 803 1946 871 sed
1963 804 2054 869 exire
2076 811 2194 868 tantun
2218 823 2271 868 em
2293 803 2380 867 valet

375 911 506 975 semper
533 890 658 956 exaltat
687 899 794 954 motus
824 887 949 970 aliquos
976 896 1009 952 et
1031 888 1152 968 turbas,
1186 888 1349 954 diseamus
1402 908 1440 954 ao
1462 888 1602 972 prodire.
1647 890 1759 955 Exibit
1780 911 1861 973 ergo,
1891 889 1952 955 hoo
1975 900 2038 968 est,
2069 887 2200 953 tandem
2232 897 2379 971 emerget

375 989 408 1044 et
425 978 487 1042 hoo
505 975 682 1042 seeundum
701 975 884 1040 membrum
903 973 1092 1056 adiungere,
1110 994 1228 1058 nempe
1240 974 1348 1040 Deum
1401 975 1580 1041 dominator
1607 997 1623 1040 e
1650 977 1752 1042 medio
1781 976 1901 1058 pepedi.
1957 974 2127 1055 Quomodo
2160 973 2223 1040 hoo
2255 975 2379 1039 laetum

375 1066 443 1130 fore
464 1062 628 1129 vindioem
656 1059 767 1142 populi
789 1059 857 1124 aui:
886 1059 933 1123 ita
955 1067 1120 1141 uteunque
1143 1072 1230 1125 totus
1253 1082 1349 1125 mun·
1403 1061 1503 1125 luerit
1522 1062 1604 1126 satis
1626 1067 1740 1126 notum
1759 1073 1817 1127 est.
1851 1059 1916 1128 Sed
1937 1062 2039 1125 Isaiae
2062 1059 2271 1143 praedixerat
2292 1057 2380 1140 quod

375 1150 437 1215 dus
454 1159 590 1214 oonetnr
609 1149 749 1230 gratiam
768 1146 837 1210 eius
854 1143 980 1210 oaloare
997 1145 1057 1210 sub
1076 1143 1221 1226 pedibus,
1243 1148 1348 1229 ipsum
1403 1147 1456 1211 bio
1485 1148 1657 1212 oonlirmat
1686 1147 1756 1212 eius
1784 1167 1958 1214 suooessor.
2006 1146 2096 1212 Dioit
2124 1146 2214 1212 enim
2242 1165 2313 1227 sap.
2339 1147 2377 1208 ll

375 1247 486 1301 tamen
510 1254 577 1298 non
599 1253 772 1317 passurum
795 1241 831 1295 ut
847 1230 1027 1313 quidquam
1050 1232 1223 1314 profitiant
1240 1233 1274 1296 in
1290 1252 1349 1297 auo
1403 1231 1448 1316 (v.
1470 1231 1515 1316 ll:
1540 1233 1585 1297 Et
1606 1232 1708 1297 exibit
1730 1233 1880 1299 suroulus
1902 1254 1921 1297 e
1943 1231 2052 1296 radies
2074 1230 2152 1313 Isai,
2176 1230 2228 1296 vel
2251 1242 2378 1306 trunoo,

375 1323 496 1402 furore,
526 1318 601 1401 quia
623 1319 657 1382 in
679 1338 779 1382 manu
809 1318 878 1382 eius
900 1326 950 1380 est
973 1338 1038 1381 non
1061 1327 1191 1381 tantum
1220 1337 1348 1401 oompe·
1404 1323 1437 1382 et
1461 1317 1590 1400 virgula
1611 1317 1765 1383 aseendet
1787 1339 1806 1382 e
1828 1317 1936 1384 radiae
1964 1316 2091 1383 arboris
2113 1319 2201 1382 eius:
2231 1316 2380 1380 nominat

376 1426 467 1474 seere
496 1407 643 1489 ipsorum
673 1404 826 1486 impetus,
855 1402 911 1468 sed
935 1423 1068 1485 prorsus
1094 1423 1149 1467 eos
1170 1402 1287 1481 delere,
1318 1411 1350 1466 et
1403 1403 1471 1468 illio
1493 1403 1625 1468 domum
1648 1403 1725 1478 Issi,
1748 1423 1832 1486 quae
1855 1406 1986 1486 privata
2007 1412 2093 1466 erat:
2123 1411 2251 1484 poterat
2273 1400 2378 1483 splen·

377 1501 479 1558 totam
502 1511 613 1556 eorum
637 1493 834 1554 memoriam.
867 1487 940 1554 Hos
958 1489 1045 1552 enim
1065 1487 1350 1570 comprehenditur
1405 1488 1529 1554 didiore
1558 1489 1663 1572 elogio
1691 1489 1921 1555 sommendare
1956 1489 2096 1572 gratiam
2125 1486 2231 1564 illam,
2265 1488 2292 1552 si
2324 1507 2378 1568 po-

377 1581 438 1645 sub
460 1577 558 1646 verbo
582 1575 744 1642 visitandi.
788 1575 908 1640 Postea
930 1574 1085 1656 sequitur,
1404 1576 1524 1640 suisset
1547 1596 1665 1640 nomen
1689 1573 1845 1641 Doridis:
1880 1575 1937 1640 sed
1959 1575 2036 1658 quia
2058 1585 2135 1637 tune
2157 1572 2285 1638 nullom
2309 1583 2380 1637 erat

1404 1680 1559 1743 regnum,
1588 1662 1661 1726 ideo
1693 1660 1787 1740 dioit,
1821 1659 2094 1744 quemadmodum
2116 1657 2229 1723 David
2259 1657 2380 1741 prodiit

463 1749 516 1814 21.
545 1746 590 1812 Et
610 1747 669 1812 erit
688 1745 783 1829 fortis
803 1747 870 1810 dos
893 1743 959 1830 (vel
983 1744 1187 1830 magnifious)
1210 1746 1250 1811 ab
1272 1746 1350 1829 ipso,
1403 1766 1445 1811 ex
1467 1746 1570 1811 oanlis
1590 1747 1702 1812 ovium
1725 1768 1826 1829 quum
1854 1758 1940 1812 esset
1969 1743 2123 1830 ignobilia
2153 1744 2304 1821 rostious,
2335 1745 2381 1808 ita

377 1841 406 1901 et
426 1835 601 1899 domimwr
629 1833 699 1897 οιίιε
727 1851 743 1896 e
768 1830 870 1897 medio
898 1831 966 1896 etos
994 1831 1099 1909 seibr't,
1129 1835 1156 1896 et
1185 1833 1351 1914 appropio-
1376 1876 1379 1921 t
1404 1831 1504 1897 etiam
1527 1832 1691 1896 Dominus
1717 1833 1845 1898 attollet
1875 1833 2043 1898 suroulum
2065 1850 2084 1895 e
2106 1845 2232 1908 brunae,
2262 1851 2303 1894 ex
2327 1851 2380 1893 ar·

376 1941 476 2004 quare
492 1940 563 1985 eom
579 1919 708 2001 faeiem,
728 1921 757 1981 et
774 1917 894 1983 accedet
911 1917 954 1982 od
967 1937 1024 1982 ma
1060 1916 1146 1982 Nam
1166 1915 1231 2001 (vel
1250 1917 1351 2003 uerte)
1403 1919 1482 1983 bore
1516 1919 1635 1984 exeisa.
1693 1917 1853 1985 Videmus
1889 1937 1968 2002 ergo
2005 1936 2069 1998 quo
2106 1937 2203 1981 sensu
2240 1915 2381 1996 aooipiat

376 2009 524 2089 quanam
542 2003 666 2086 hirqui
683 2003 817 2084 applicet
837 2000 914 2087 (vel,
939 2003 994 2086 qni
1012 2001 1159 2087 adaptet)
1180 2023 1233 2069 eor
1247 2024 1349 2086 suum,
1376 2035 1378 2049 =
1404 2004 1560 2068 Ieremias
1595 2004 1730 2070 verbum
1763 2003 1920 2079 exeundi,
1953 2004 2030 2087 quia
2060 2002 2213 2066 Christus
2247 2001 2382 2065 emersit

376 2099 413 2158 ut
440 2090 565 2157 socedat
596 2090 640 2155 ad
667 2089 740 2154 me?
772 2087 843 2174 (alii
872 2100 1020 2166 vertunt,
1054 2088 1109 2171 qui
1142 2088 1263 2154 allioiat
1295 2111 1351 2155 eor
1404 2099 1534 2172 praeter
1555 2089 1740 2172 opinionem
1769 2088 1950 2167 hominum,
1979 2099 2013 2153 et
2034 2089 2167 2152 emersit
2189 2085 2284 2168 quasi
2306 2106 2381 2150 sur·

378 2196 488 2244 suum:
512 2175 658 2242 dieamus
680 2184 794 2258 postea
816 2173 856 2238 de
878 2173 1000 2260 sensu),
1021 2175 1097 2241 dieii
1119 2173 1264 2240 louvet.
1405 2186 1498 2259 geret
1520 2175 1670 2241 suroulus
1693 2184 1767 2257 post
1787 2175 1936 2240 arborem
1959 2174 2112 2248 exeiaam,
2136 2193 2239 2255 quum
2257 2170 2381 2238 soilioet

1404 2260 1496 2324 nulla
1528 2270 1615 2326 esset
1646 2261 1770 2343 speeies
1802 2259 1972 2344 dignitatis
2005 2281 2038 2324 rn
2074 2259 2204 2342 populo.
2259 2258 2382 2323 Postea

462 2349 538 2414 Non
561 2345 696 2412 dubium
725 2349 776 2411 est
804 2346 883 2428 quin
912 2345 966 2410 hie
995 2345 1141 2428 pluribus
1164 2347 1270 2412 verbis
1293 2367 1349 2411 ex·
1402 2345 1503 2426 addit,
1526 2344 1795 2430 appropinquare
1816 2366 1886 2412 eum
1905 2347 2034 2428 fatiam,
2065 2350 2094 2410 et
2115 2343 2234 2410 meet
2255 2343 2299 2409 ad
2320 2363 2379 2407 me.

378 2437 476 2520 plioet
503 2431 664 2517 propheta
693 2431 776 2514 quod
804 2451 911 2515 nuper
940 2430 1023 2496 dixit
1052 2429 1092 2496 de
1118 2430 1270 2497 eeclesiae
1299 2432 1350 2496 in·
1402 2432 1477 2498 Hoo
1505 2432 1558 2497 vel
1587 2432 1629 2497 ad
1658 2445 1755 2516 eaput
1783 2433 1938 2516 restringi
1967 2441 2085 2514 potest,
2115 2429 2170 2494 vel
2201 2429 2241 2494 ad
2272 2436 2380 2494 totum

378 2523 588 2588 stauratione.
620 2517 706 2582 Nam
729 2517 849 2582 seimus
867 2517 914 2581 ita
932 2516 1069 2581 Iudaeos
1091 2517 1188 2581 fnisse
1210 2517 1350 2594 edootos,
1403 2537 1520 2601 eorpus
1553 2516 1704 2583 extendi:
1742 2526 1776 2582 et
1808 2518 1890 2584 haee
1921 2516 2067 2584 seeundo
2100 2515 2261 2597 expositio
2294 2513 2379 2578 mibi

379 2619 415 2672 ut
437 2605 594 2670 deberent
615 2612 717 2668 totam
739 2601 857 2666 salutis
877 2602 1030 2668 fiduoiam
1051 2621 1208 2682 reponere
1229 2604 1263 2666 in
1287 2602 1352 2667 Da·
1403 2604 1508 2687 magis
1538 2604 1701 2684 probatur.
1746 2603 1832 2668 Nam
1862 2603 2001 2686 populos
2030 2601 2096 2666 fuit
2124 2601 2181 2665 din
2207 2600 2299 2683 quasi
2328 2620 2379 2664 re·

378 2691 463 2766 vide,
493 2709 611 2772 nempe
637 2688 673 2751 in
696 2707 782 2770 rege,
811 2708 906 2770 quem
929 2687 1020 2751 Dens
1048 2687 1115 2752 illis
1143 2689 1351 2771 praeieeerat.
1403 2700 1510 2754 motus
1528 2709 1548 2752 a
1565 2697 1739 2772 oonspeotu
1756 2687 1831 2768 Dei,
1855 2690 2046 2772 quantisper
2067 2685 2192 2754 soilieet
2215 2684 2380 2750 exsulavit

377 2780 468 2862 Ergo
490 2774 644 2842 eoelesiae
666 2773 812 2854 ielioitas,
835 2783 868 2837 et
886 2773 973 2838 salus
991 2792 1121 2856 semper
1138 2774 1275 2838 fundato
1291 2775 1352 2839 luit
1404 2796 1424 2839 a
1442 2775 1557 2858 patria
1592 2775 1684 2840 Deus
1704 2793 1781 2857 ergo
1803 2774 1963 2858 adiungit,
1985 2775 2101 2839 iterum
2121 2771 2381 2854 appropinquare

378 2865 413 2929 in
436 2883 523 2944 rege,
553 2880 617 2943 qao
645 2859 774 2924 sublato
803 2871 911 2925 aetum
940 2863 1011 2923 erat
1040 2858 1081 2923 de
1107 2857 1180 2942 ipsa
1207 2859 1352 2939 eoelesia,
1405 2879 1476 2925 eom
1502 2860 1635 2942 foetum,
1670 2865 1699 2924 et
1719 2859 1840 2926 decedet
1867 2861 1910 2925 ad
1931 2880 1990 2924 me
2034 2858 2073 2924 si
2096 2860 2170 2940 quis
2198 2867 2310 2922 tamen
2340 2854 2379 2920 de

378 2950 476 3016 siouti
499 2947 622 3013 dieitur
641 2943 807 3030 (Lament.
825 2945 855 3024 4,
870 2944 935 3031 20),
958 2944 1112 3011 Christus
1135 2944 1294 3023 dominus,
1318 2947 1351 3010 in
1403 2948 1509 3029 eapite
1531 2947 1611 3027 ipso,
1634 2945 1696 3011 hoo
1718 2955 1768 3010 est
1790 2945 1830 3010 de
1852 2966 1929 3029 rege
1952 2943 2164 3026 interpretari
2187 2942 2290 3019 malit,
2314 2962 2378 3006 non

378 3036 473 3102 onina
502 3033 620 3116 spiritu
651 3040 723 3096 erat
750 3030 885 3114 spiritus
915 3040 1036 3096 noster.
1080 3031 1169 3113 Ergo
1195 3032 1235 3096 ab
1258 3032 1352 3096 initio
1404 3029 1573 3098 contendo.
1624 3031 1790 3096 Dooemnr
1822 3041 1932 3096 autem
1966 3052 2009 3096 ex
2037 3030 2099 3094 hoe
2131 3027 2216 3106 loeo,
2250 3027 2380 3110 quoties

379 3139 509 3202 semper
540 3118 632 3183 Deus
668 3116 774 3181 voluit
812 3117 969 3199 populum
1006 3126 1168 3182 attentum
1205 3137 1277 3183 esse
1311 3117 1352 3184 ad
1404 3117 1497 3183 Deus
1520 3116 1560 3181 de
1582 3117 1788 3182 restitutione
1816 3117 1971 3182 eooissiae
1997 3115 2098 3181 verba
2126 3114 2218 3190 feeit,
2253 3113 2379 3194 quoties

379 3225 510 3288 regem,
539 3201 676 3267 atinde
703 3201 878 3284 penderet:
910 3222 978 3267 non
1000 3203 1078 3284 quia
1099 3201 1210 3268 David
1239 3211 1352 3284 potue·
1405 3203 1594 3286 pronuntiet
1611 3224 1646 3268 se
1664 3202 1734 3266 fore
1753 3201 1845 3268 nobis
1863 3201 2070 3280 exorabilem,
2094 3199 2234 3283 denique
2251 3198 2379 3281 quoties

379 3291 425 3356 rit
453 3299 569 3370 suapte
597 3289 720 3352 virtute
748 3287 905 3370 populum
935 3308 1076 3370 servare,
1106 3288 1160 3352 sed
1192 3296 1353 3370 quatenus
1405 3309 1464 3352 nos
1486 3287 1528 3353 ad
1550 3309 1640 3370 spem
1663 3287 1790 3372 gratiae
1812 3297 1845 3352 et
1866 3289 1983 3353 salutis
2008 3286 2143 3365 invitat,
2172 3305 2303 3368 semper
2324 3283 2379 3348 do·

379 3376 530 3460 gestabat
551 3373 676 3438 Christi
704 3391 879 3454 personam
909 3372 969 3437 snb
991 3374 1107 3455 ligura.
1151 3373 1260 3439 Hodie
1287 3395 1352 3439 non
1405 3375 1481 3440 bere
1504 3394 1563 3438 nos
1585 3375 1620 3437 in
1643 3373 1814 3439 Christum
1838 3375 2006 3456 respieere,
2036 3371 2113 3456 qaia
2135 3372 2198 3437 nisi
2220 3371 2263 3436 ad
2285 3369 2380 3434 illum

379 3461 540 3528 habemus
569 3469 738 3523 terrenum
768 3479 893 3542 regem,
924 3458 978 3540 qui
1008 3459 1050 3522 sit
1073 3456 1198 3524 Christi
1226 3460 1351 3542 imago:
1404 3459 1577 3543 dirigimus
1597 3479 1711 3525 omnes
1738 3479 1854 3526 sensus
1882 3468 2012 3524 nostros
2041 3473 2238 3524 evanesoent
2266 3476 2383 3522 ornnes

379 3547 437 3614 sed
461 3545 614 3612 Christus
643 3564 703 3626 par
725 3565 760 3609 se
782 3543 950 3610 eoelesiam
973 3542 1128 3610 vividoat.
1174 3545 1266 3609 'I'nuo
1295 3565 1352 3609 eu·
1404 3546 1643 3627 promissiones,
1666 3565 1750 3627 quos
1772 3566 1839 3609 non
1863 3551 2000 3626 possunt
2022 3543 2099 3609 alibi
2117 3563 2189 3609 esse
2207 3550 2307 3607 ratae.
2339 3541 2382 3606 In

380 3643 447 3698 tem
470 3629 551 3696 illud
574 3630 638 3694 fuit
658 3627 842 3707 umbratile,
864 3628 950 3712 qnod
968 3638 1118 3694 rexerat
1136 3630 1355 3712 quasianima
1405 3630 1537 3697 Christo
1559 3631 1648 3694 enim
1670 3641 1750 3697 sunt
1772 3631 1882 3696 Etiam
1905 3642 1938 3695 et
1959 3629 2079 3707 Amen,
2104 3626 2383 3711 quamadmodum

379 3717 563 3786 eommunis
584 3715 680 3780 vitae.
713 3714 759 3779 Et
778 3721 875 3779 antea
897 3714 1050 3794 vidimus,
1072 3736 1172 3798 quum
1196 3715 1355 3798 propbeta
1405 3714 1483 3780 dioit
1512 3714 1635 3780 Paulus
1664 3717 1694 3781 2.
1724 3716 1765 3780 ad
1793 3716 1869 3781 Cor.
1902 3716 1930 3781 1.
1953 3736 2021 3799 oap.
2050 3713 2095 3800 (v.
2124 3713 2163 3778 19
2189 3712 2262 3798 sq).
2314 3711 2384 3779 Sed

380 3802 520 3869 ludaeos
542 3801 583 3865 ad
605 3821 697 3886 spem
720 3799 840 3865 bonam
868 3801 1028 3866 animaret
1058 3801 1262 3883 proposuisse
1285 3801 1354 3867 Da·
1406 3800 1559 3884 quoniam
1579 3802 1659 3866 haee
1677 3802 1826 3867 doctrina
1844 3803 1975 3886 saepius
1992 3801 2135 3866 ooourrit
2152 3800 2188 3865 in
2204 3798 2385 3881 prophetis,

381 3886 507 3964 eidem,
540 3897 654 3970 postea
685 3885 791 3951 filium
824 3885 975 3952 Davidis.
1032 3885 1155 3951 Eadem
1188 3898 1238 3952 est
1271 3888 1355 3953 ratio
1404 3887 1488 3952 mihi
1511 3887 1592 3952 satis
1612 3897 1663 3952 eat
1682 3886 1769 3968 quod
1787 3886 1864 3952 alibi
1881 3887 1986 3952 fusius
2004 3885 2145 3952 traotari
2166 3906 2255 3952 nuno
2278 3885 2387 3950 obiter

381 3974 480 4040 huius
501 3973 573 4038 looi.
610 3971 710 4051 Dioit,
731 3973 792 4038 erit
810 3971 903 4052 fortis
923 3973 1000 4055 elas,
1025 3972 1075 4036 vel
1095 3973 1296 4054 magnificus,
1317 3993 1355 4039 ee
1406 3973 1636 4056 perstringere.
1669 3973 1841 4053 Quantum
1863 3973 1904 4038 ad
1922 3973 2099 4038 meandum
2123 3979 2249 4054 partem
2269 3992 2386 4036 versus

379 4061 457 4144 ipso.
509 4059 594 4122 Nam
626 4057 770 4122 tenenda
802 4067 851 4122 est
883 4056 1024 4122 eonditio
1057 4057 1168 4123 miseri
1201 4059 1290 4123 illius
1323 4068 1355 4123 et
1406 4059 1516 4140 aliqua
1538 4069 1588 4124 est
1610 4059 1816 4142 ambiguitas.
1863 4059 1950 4124 Nom
1979 4059 2053 4140 qrrt'e
2074 4057 2126 4122 bio
2146 4058 2221 4139 iate,
2250 4056 2387 4139 ponitur

379 4145 560 4212 aelamitosi
598 4142 756 4225 temporis
793 4163 895 4226 quum
931 4143 1021 4208 Deus
1055 4141 1190 4208 abstulit
1224 4163 1354 4210 omnem
1406 4144 1529 4227 duplex
1552 4165 1730 4226 pronomen
1755 4145 2050 4210 demonstrativum
2073 4156 2117 4225 nt,
2142 4154 2209 4220 ton,
2231 4143 2387 4225 quisnam

380 4231 490 4314 gaudii
520 4229 708 4305 materiam,
742 4251 782 4292 ex
813 4249 877 4311 quo
907 4227 1049 4311 privavit
1079 4227 1236 4311 populum
1266 4230 1355 4294 omni
1406 4231 1477 4294 iste.
1522 4230 1653 4309 Postea,
1679 4243 1755 4309 att,
1782 4237 1899 4312 optorto
1919 4251 1972 4296 eor
1993 4249 2103 4294 otum:
2131 4241 2196 4305 nott
2219 4229 2388 4312 signifieat

380 4316 439 4380 illa
461 4316 632 4397 dignitate,
655 4334 719 4396 qua
741 4315 846 4379 luerat
867 4324 1013 4379 ornatus.
1056 4313 1199 4379 Perinde
1220 4325 1272 4381 est
1293 4315 1355 4398 igi·
1407 4314 1471 4379 lide
1494 4315 1621 4380 iubere:
1649 4316 1704 4380 sed
1728 4317 1892 4399 signifieat
1914 4317 2012 4381 etism
2035 4325 2159 4398 aptare,
2184 4313 2237 4379 vel
2259 4334 2387 4379 aeoom-

380 4412 435 4466 tur
455 4422 493 4466 ao
511 4400 539 4465 si
557 4401 765 4483 promitteret
782 4399 939 4465 Ieremias
961 4401 1230 4465 resurrectionem
1255 4420 1355 4483 quum
1408 4398 1557 4476 modare,
1592 4401 1644 4465 vel
1678 4403 1834 4466 formare:
1874 4399 2051 4484 aliquando
2084 4399 2250 4483 signifieat
2282 4419 2390 4465 suave

380 4485 495 4552 Iudaei
517 4485 640 4550 similes
662 4499 773 4550 essent
795 4486 933 4550 mortuis
951 4485 984 4550 in
1002 4485 1126 4550 exsilio.
1161 4485 1357 4550 Condiderat
1408 4485 1555 4550 reddere.
1599 4486 1691 4550 Haeo
1720 4488 1803 4552 ratio
1829 4497 1880 4552 est
1902 4509 1960 4552 our
1981 4485 2116 4569 quidam
2145 4484 2390 4560 transtulerint,

381 4573 473 4724 pugn}
492 4591 567 4670 spes
590 4568 737 4720 pubblioae
767 4571 884 4636 salutis
912 4592 990 4669 rege
1018 4570 1146 4720 agolito.
1191 4571 1358 4721 Ergqehiq
1408 4571 1491 4722 cllldrris
1514 4571 1636 4722 alligat
1650 4573 2002 4723 ῗοὶὦὲιῖιιιὲῌοῗοα
2023 4573 2184 4721 arlliungit,
2207 4577 2242 4636 ut
2263 4571 2392 4722 oolpedot

379 4679 456 4724 tue
505 4676 593 4739 ipsos
646 4675 706 4720 ene
739 4676 886 4739 sperare,
921 4677 999 4738 ana
1065 4675 1195 4721 omrnus
1229 4676 1270 4738 po
1305 4677 1343 4721 ra
1471 4677 1529 4736 me,
1672 4679 1687 4721 e
1790 4708 1797 4724 .
1870 4681 1916 4723 ιιι
1963 4679 2027 4724 uno
2061 4677 2155 4722 oonm
2177 4679 2249 4722 esse
2271 4679 2290 4722 o
2313 4677 2390 4722 sou-

380 4743 456 4808 illos
485 4741 632 4806 exaitare
655 4761 673 4804 e
695 4750 801 4807 morte
823 4742 857 4806 in
881 4743 993 4807 eitam.
1038 4743 1083 4806 Et
1105 4751 1192 4806 oerte
1215 4740 1280 4806 fuit
1301 4743 1357 4806 ad·
1408 4763 1492 4820 rum,
1521 4751 1555 4807 et
1576 4742 1648 4808 ideo
1671 4755 1839 4826 torquetur
1860 4744 1895 4809 in
1918 4744 2064 4810 diuersas
2086 4751 2196 4826 partes
2218 4743 2260 4809 ab
2282 4743 2391 4808 inter·

380 4829 541 4895 mirabilis
564 4827 761 4893 resurreetio
784 4849 859 4894 oum
877 4827 993 4892 Iudaei
1015 4829 1049 4892 in
1069 4828 1208 4908 patriam
1235 4829 1358 4893 reversi
1409 4828 1565 4911 pratibus.
1611 4828 1754 4909 Quidam
1778 4828 1818 4894 de
1840 4829 1974 4895 Christo
2003 4829 2183 4910 aooipinnt,
2214 4828 2302 4911 quod
2330 4827 2393 4892 ille

381 4925 470 4992 sunt,
493 4921 666 4996 postquam
689 4912 754 4977 illis
777 4921 891 4995 aperta
911 4913 975 4977 fnit
996 4914 1103 4978 ianua.
1142 4913 1250 4978 Erant
1271 4914 1358 4978 enim
1410 4935 1496 4979 nnus
1519 4926 1635 4995 sponte
1657 4917 1830 4981 neeessarit
1852 4916 1894 4982 ad
1917 4925 2054 4999 patrem.
2088 4913 2157 4979 Alii
2179 4924 2289 4980 autem
2311 4913 2395 4978 sub-

381 5001 475 5082 qnasi
505 5000 540 5063 in
569 4997 713 5063 alienum
744 4997 855 5063 orbem
886 4999 993 5064 traeti.
1037 4998 1166 5063 Deinde
1195 5000 1269 5081 quis
1298 5020 1359 5063 un·
1411 4997 1550 5064 andiunt
1580 5001 1778 5084 negativam,
1811 5002 1905 5083 quasi
1934 5000 2059 5067 dietum
2087 5009 2183 5083 esset,
2218 4999 2394 5068 neminem

382 5105 480 5166 quam
504 5093 651 5165 putasset
671 5104 766 5167 posse
789 5091 838 5147 tot
859 5082 1028 5149 obstaoula
1056 5083 1226 5168 perfringi,
1257 5105 1358 5167 quum
1410 5105 1465 5148 oor
1488 5105 1582 5149 suurn
1605 5097 1728 5168 aptare,
1752 5095 1788 5151 ut
1810 5085 1850 5151 ad
1872 5087 1980 5152 Deum
2003 5086 2142 5152 aooedat
2186 5084 2256 5150 Alii
2277 5084 2395 5151 horta·

382 5169 543 5235 Chaldaei
564 5190 667 5252 nsque
689 5170 723 5235 in
746 5169 904 5235 Iudaeam
932 5169 1202 5234 dominarentur?
1233 5170 1360 5234 nullum
1410 5172 1479 5235 tire
1500 5171 1623 5254 legunt,
1646 5172 1807 5252 Quisnam
1825 5183 1875 5238 est
1893 5174 1954 5238 iate
1973 5172 2030 5255 qui
2047 5193 2103 5238 oor
2121 5192 2217 5238 suum
2235 5170 2394 5255 applioet,

381 5267 469 5320 oerte
502 5255 665 5339 retugium
695 5267 767 5320 erat
796 5255 925 5320 miseris
956 5253 1136 5320 exsulibus.
1182 5255 1271 5340 Ergo
1294 5275 1359 5320 non
1411 5260 1450 5320 ut
1473 5256 1604 5322 onomat
1627 5257 1667 5322 ad
1691 5259 1767 5323 me?
1800 5257 1927 5323 Verum
1951 5259 1979 5322 si
2002 5257 2198 5323 admirative
2227 5256 2259 5322 le
2304 5278 2396 5335 mus,

381 5341 505 5407 trustra
527 5339 582 5406 hio
603 5349 744 5407 testatur
760 5341 918 5406 Ieremias
938 5340 1059 5423 sertor,
1084 5339 1134 5405 vei
1156 5361 1268 5424 regem
1290 5339 1360 5406 fore
1412 5341 1466 5407 hio
1487 5341 1576 5407 solus
1598 5363 1713 5410 sensus
1735 5345 1898 5428 genuinus
1920 5345 1982 5409 erit
2004 5364 2076 5409 meo
2098 5342 2228 5409 indioio.
2303 5346 2397 5410 eaoio
