5158 6124
356 440 421 506 435
1164 435 1552 504 Pttfflnsohlottus
2294 439 2359 506 436

358 636 468 695 autem
491 627 553 692 hoo
575 627 692 692 melius
709 634 829 708 pateat,
853 624 1031 691 tenendum
1050 633 1101 690 est
1118 623 1200 689 illud
1219 625 1333 706 Masis,
1384 623 1521 689 silerent
1535 635 1693 708 tanquam
1709 626 1807 692 rebus
1822 628 1904 692 bene
1919 627 2116 709 oompositis,
2131 647 2230 709 quum
2251 637 2360 693 tamen

358 733 478 795 nempe
500 732 571 778 esse
593 712 666 778 Deo
687 731 747 776 sua
768 729 905 777 meana:
936 711 993 776 sed
1024 731 1238 792 quaeeunque
1267 719 1333 774 tra·
1386 730 1451 773 non
1475 710 1572 775 modo
1594 712 1784 795 vulgaribus
1807 711 1935 778 deliotis
1958 713 2079 778 offendi
2102 712 2272 790 deberent,
2302 715 2358 780 sed

359 798 429 864 dite
452 808 532 864 sunt
561 799 596 864 in
626 799 714 881 lege,
747 807 895 879 speetare
928 796 968 860 ad
999 817 1077 878 nos,
1111 800 1144 861 et
1177 794 1219 861 ad
1250 796 1334 860 filios
1387 805 1479 860 tanta
1499 794 1659 862 seelerum
1690 799 1856 881 congerie,
1880 800 1957 880 quia
1978 799 2101 864 seilioet
2130 799 2269 880 populus
2292 819 2357 864 non

359 894 498 950 nostros.
543 883 620 949 Non
642 892 694 948 est
716 883 817 966 igitur
838 902 897 964 per
919 882 1040 947 multas
1061 882 1216 965 ambages
1239 901 1334 963 quae·
1386 901 1452 945 uno
1475 901 1594 964 genere
1615 881 1787 961 duntaxat,
1809 882 1866 948 sed
1888 885 1922 948 iu
1945 883 2097 949 omnibus
2120 885 2267 966 partibus
2289 905 2358 950 sese

360 969 509 1048 rendum,
532 969 682 1052 quisnam
705 970 749 1032 sit
770 987 869 1032 verus
881 966 945 1032 Dei
963 967 1135 1050 propbeta.
1170 965 1224 1031 Illi
1246 968 1333 1032 enim
1385 969 1596 1047 prostituerat
1625 967 1666 1032 ed
1695 981 1917 1051 oontemptum
1947 968 2011 1033 Dei
2039 979 2073 1034 et
2099 969 2191 1054 legis.
2238 970 2359 1036 Postea

360 1063 455 1120 extra
470 1055 725 1120 ooutroversiam
743 1053 847 1117 audiri
866 1062 1034 1117 merentur
1046 1064 1202 1135 tanquam
1215 1051 1335 1136 angeli,
1386 1054 1541 1134 sequitur,

361 1139 417 1222 qui
445 1139 558 1206 fideles
586 1147 665 1205 sunt
692 1138 773 1222 legis
801 1138 1013 1220 interpretes:
1050 1139 1106 1220 qui
1136 1147 1245 1202 autem
1275 1157 1335 1202 nos

361 1224 528 1290 abduount
549 1247 569 1289 a
589 1225 672 1309 lege,
695 1243 808 1290 seeure
830 1236 863 1288 et
886 1223 1039 1288 audaeter
1057 1222 1224 1289 reiieieudi
1247 1233 1333 1287 sunt.
1471 1255 1513 1322 23
1545 1257 1600 1320 An
1622 1257 1749 1324 Deme
1809 1259 1882 1323 oin
1903 1278 1945 1323 uo
1967 1280 2020 1325 eo
2051 1261 2127 1326 dicu
2148 1259 2309 1326 smum
2332 1265 2360 1327 d

361 1308 428 1376 Sed
452 1309 598 1375 definitio
620 1309 719 1375 simul
742 1309 884 1374 tenenda
905 1318 956 1373 est
977 1329 1078 1391 quum
1101 1309 1188 1388 dioit,
1211 1307 1336 1372 Reverti
1385 1361 1446 1407 mm
1467 1306 1557 1408 De‘us
1578 1363 1594 1408 e
1615 1279 1847 1426 low-„quw
1884 1279 1903 1342 q
1981 1281 2029 1345 θ’
2291 1309 2297 1326 '

358 1396 502 1477 fecissent
518 1395 670 1478 populum
691 1415 793 1460 merem
815 1416 834 1459 α
856 1395 911 1458 vio
927 1415 988 1460 erto
1001 1394 1097 1476 molo,
1119 1399 1148 1459 el
1168 1414 1190 1458 a
1211 1393 1335 1458 melitio
1790 1393 1796 1408 '

360 1482 535 1548 eittdiemm
555 1501 693 1546 suorum
737 1480 823 1545 Nam
854 1481 974 1545 seimus
1004 1480 1160 1561 pessimos
1190 1497 1335 1560 quosque
1411 1539 1417 1552 ,
1471 1453 1522 1518 24·
1546 1454 1601 1518 ²1²⁸
1618 1453 1814 1554 “limera
1842 1455 1893 1520 υἷ’
1925 1455 1960 1520 te
1990 1455 2131 1535 mimi
2159 1461 2186 1522 α
2214 1476 2269 1542 09⁰
2297 1478 2359 1524 Μ

361 1577 513 1716 {reterre
540 1566 714 1632 obtendere
744 1586 926 1630 sermonem
949 1564 1031 1630 Dei:
1063 1564 1334 1648 quemadmodum
1385 1539 1491 1604 videbO
1512 1559 1592 1619 Μ’»
1619 1540 1696 1606 Μ
1718 1539 1881 1606 [dmm-⁹
1906 1561 1950 1605 Μ
1978 1563 2039 1608 “tm
2066 1543 2162 1608 coelos
2187 1547 2215 1608 tl
2242 1547 2388 1658 teram·

364 1651 458 1753 ‚⁰di‘?
480 1653 626 1752 papistee
641 1651 790 1751 qqemvis
804 1651 1040 1716 inebriaverint
1055 1658 1159 1714 totum
1174 1629 1335 1749 mundism
1385 1624 1504 1708 iml'lwr
1528 1624 1604 1690 ‘3²⁹⁶ss
1626 1625 1787 1692 leitilai?

361 1735 1335 1905 idigispiioepihrdiit’pltisotiqfltiatmtaiiimglenseieeidguldtetisseeitviib
1471 1820 1619 1885 Primum
1655 1821 1709 1886 hie
1741 1821 1866 1887 exoutit
1893 1821 2074 1905 hypocritis
2107 1843 2183 1890 suas
2222 1824 2358 1907 delitias,

360 1908 463 1972 verbo
485 1908 558 1984 Dei,
581 1909 673 1973 addit
694 1907 866 1990 speoialem
891 1917 1012 1981 notam,
1036 1926 1154 1987 nempe
1171 1906 1257 1988 quod
1279 1905 1335 1970 illa
1387 1907 1540 1987 quoniam
1565 1906 1636 1970 ideo
1660 1906 1834 1988 torpebant
1855 1907 1891 1971 in
1914 1907 2011 1984 vitiis,
2042 1908 2128 1990 quod
2151 1920 2302 1992 putarent
2324 1933 2360 1977 se

362 2005 411 2059 est
433 1992 498 2057 Dei
521 1993 679 2070 doetrine,
710 2013 792 2075 quae
813 1991 979 2071 aedifioat,
1009 2013 1091 2074 quae
1112 1992 1273 2072 instituit,
1303 2003 1335 2056 et
1386 1990 1621 2073 quodammodo
1650 2011 1744 2072 posse
1770 1992 1916 2057 oblinere
1942 1993 2050 2058 oeulos
2081 1994 2161 2059 Deo.
2207 1996 2281 2061 Non
2312 1998 2359 2062 ita

362 2080 482 2143 formet
505 2079 654 2144 homines
678 2077 718 2141 ed
742 2079 991 2160 poenitentiam,
1024 2076 1064 2142 ed
1087 2077 1237 2142 timorem
1260 2077 1334 2156 Dei,
1387 2075 1515 2158 quidem
1540 2077 1667 2158 loquuti
1689 2086 1784 2142 sunt:
1806 2078 1863 2143 sed
1882 2098 2049 2160 nunquam
2067 2087 2159 2144 tante
2177 2084 2360 2146 essetosei·

361 2164 458 2230 siouti
481 2164 605 2229 Paulus
626 2164 705 2229 dioit
727 2165 926 2244 seripturam
957 2183 1028 2227 esse
1051 2161 1163 2227 utilem
1185 2161 1227 2248 (2.
1250 2163 1334 2227 uim.
1387 2163 1489 2226 tantia
1511 2163 1544 2226 in
1570 2162 1773 2241 bominibus,
1803 2164 1831 2227 si
1854 2165 2002 2245 persuasi
2025 2175 2150 2243 essent,
2181 2167 2252 2231 Deo
2274 2167 2357 2232 nihil

363 2248 479 2334 3‚16).
525 2249 607 2314 Vult
629 2250 716 2314 enim
747 2249 808 2313 hoe
832 2249 930 2312 verbo
959 2267 1135 2331 eoarguere
1165 2269 1334 2330 perversos
1387 2267 1457 2312 esse
1480 2246 1721 2322 absoonditum,
1752 2247 1809 2312 sed
1833 2248 1939 2330 ipsum
1962 2259 2137 2332 penetrare
2163 2250 2203 2314 sd
2227 2253 2360 2318 intimos

360 2334 1334 2503 ltlttttt‘lttltllt‘ttttllt”llll”titt
1386 2333 2129 2501 ἓῗῗὲἒὲιέἶθὲῗὶἓῗῗέῗί3ξὲἰὲᾞὲιίἳῖἓέ
2146 2338 2361 2504 little?

1048 2467 1055 2496 l
1586 2468 1593 2498 i

362 2527 458 2571 aures
491 2514 620 2569 tantum
656 2513 827 2587 passerent
856 2525 911 2568 eas
941 2503 1115 2568 titillando.
1170 2503 1333 2584 Quoniam
1387 2513 1445 2568 tas.
1492 2502 1529 2568 Si
1552 2523 1630 2587 ergo
1653 2501 1716 2568 hoe
1736 2504 1876 2570 infixum
1900 2514 1987 2569 esset
2015 2506 2160 2570 omnium
2196 2508 2358 2590 sordibus,

361 2611 439 2676 ergo
461 2599 542 2656 tuno
563 2592 658 2655 multi
682 2590 892 2654 ostentationi
921 2588 1028 2671 potius
1056 2609 1151 2672 quam
1185 2588 1333 2654 aedifica·
1386 2597 1473 2653 oerte
1491 2589 1613 2655 maiore
1631 2591 1816 2655 reverentia
1830 2611 1902 2655 sese
1917 2589 1990 2655 Deo
2008 2592 2216 2671 suhiieerent,
2239 2593 2358 2658 deinde

362 2677 442 2740 tioni
465 2697 595 2760 operam
620 2674 754 2750 dabant,
786 2674 911 2739 Paulus
939 2673 1018 2738 dioit
1046 2675 1240 2757 seripturum
1263 2696 1334 2740 esse
1386 2685 1643 2755 expavesosrent
1665 2674 1706 2739 ed
1729 2673 1799 2740 eius
1821 2677 1937 2740 minas.
1983 2677 2073 2758 Ergo
2095 2697 2194 2759 quum
2218 2688 2284 2742 tam
2307 2701 2358 2744 se-

361 2762 488 2844 utilem,
518 2769 553 2826 et
575 2761 646 2827 ideo
668 2760 818 2844 eonspuit
840 2760 998 2825 adversus
1020 2780 1133 2824 omnes
1162 2762 1334 2842 expositio·
1386 2780 1462 2824 eure
1484 2771 1644 2841 torpeant,
1666 2761 1814 2842 sequitur
1829 2761 1918 2842 ipsos
1940 2763 2114 2845 imaginari
2130 2762 2235 2827 Deum
2258 2763 2359 2829 hebe-

361 2868 429 2927 ues,
461 2849 495 2912 in
529 2847 647 2930 quibus
677 2846 767 2910 nulla
795 2855 844 2910 est
875 2845 1007 2910 utilitas.
1053 2843 1109 2911 Sia
1142 2847 1238 2910 etiam
1273 2847 1334 2912 hoo
1386 2848 1469 2918 tem,
1503 2854 1537 2908 et
1570 2846 1623 2927 qui
1658 2855 1785 2910 tantum
1814 2857 1909 2912 ourat
1936 2868 2019 2929 quae
2052 2848 2234 2930 propinqua
2263 2860 2357 2915 sunt:

360 2934 429 3000 loeo
457 2933 618 3016 propheta
648 2933 737 2996 huno
769 2941 895 2996 reatum
925 2952 995 2996 esse
1027 2951 1123 2996 usum
1153 2932 1333 3012 seripturae
1386 2929 1659 3013 quemadmodum
1682 2931 1711 2996 si
1741 2931 1815 3014 quis
1845 2931 2040 3014 lippitudine
2067 2931 2209 3016 laboret,
2241 2936 2358 3017 poterit

360 3027 395 3084 et
418 3019 600 3102 legitimum
625 3017 843 3096 demonstrat,
872 3016 901 3080 si
925 3016 1073 3082 homines
1096 3027 1334 3083 revoeentura
1385 3016 1514 3099 quidem
1539 3015 1599 3081 hoo
1623 3015 1673 3081 vel
1697 3015 1778 3080 illud
1802 3017 1956 3100 aspicere,
1978 3039 2077 3100 quum
2101 3019 2236 3102 propius
2259 3020 2359 3086 luerit

361 3106 415 3169 via
437 3125 497 3168 sua
520 3104 616 3169 mala.
661 3103 725 3167 Est
746 3102 877 3185 quidem
900 3102 1103 3185 syneedoohe
1132 3103 1166 3167 in
1196 3103 1257 3168 heo
1285 3105 1331 3168 lo·
1385 3101 1565 3167 admotum:
1590 3101 1737 3166 sednon
1761 3103 1881 3184 poterit
1903 3103 2017 3168 videre
2039 3125 2123 3187 quae
2145 3105 2258 3186 prooul
2280 3115 2358 3171 sunt

361 3189 526 3271 quutione,
547 3189 623 3269 quia
640 3188 668 3252 si
686 3192 816 3252 tantum
829 3186 998 3251 hortemur
1009 3185 1157 3252 homines
1169 3188 1209 3252 od
1223 3191 1332 3271 poenid
1385 3198 1519 3253 remote.
1564 3187 1676 3252 'Palem
1699 3187 1803 3271 igitur
1826 3185 1934 3252 Deum
1965 3190 2131 3255 somnient
2159 3189 2358 3273 hypporitae,

361 3272 508 3349 tentiam,
522 3293 586 3336 non
597 3291 738 3354 magnus
749 3273 814 3336 erit
826 3272 1005 3354 proieotus:
1019 3283 1053 3335 et
1066 3272 1127 3338 hoo
1139 3283 1223 3337 esset
1236 3276 1333 3339 muti·
1385 3274 1441 3355 qui
1468 3293 1559 3337 more
1587 3272 1759 3338 hominum
1789 3272 1842 3338 vel
1872 3273 2063 3352 oonniveat,
2099 3274 2151 3340 vel
2185 3277 2356 3354 oaeoutiat,

359 3356 439 3434 lum,
457 3358 533 3439 quia
550 3357 768 3438 poenitentiae
787 3355 935 3421 doetrina
957 3355 1054 3438 friget
1068 3357 1188 3438 absque
1204 3357 1275 3436 lide,
1299 3369 1334 3424 et
1384 3357 1440 3423 vel
1462 3357 1586 3423 saltem,
1608 3378 1676 3423 non
1704 3367 1833 3435 uernat,
1867 3358 1931 3424 nisi
1961 3379 2044 3441 quae
2072 3359 2199 3443 palpari
2232 3361 2358 3443 possint

360 3442 482 3524 absque
502 3441 708 3508 invoeatione
731 3442 872 3505 nominis
895 3441 967 3506 Dei.
1009 3438 1075 3506 Sed
1098 3441 1257 3524 propheta
1279 3445 1332 3509 hio
1385 3442 1543 3507 manibus.
1587 3444 1684 3510 Nune
1702 3465 1780 3528 ergo
1803 3452 1952 3508 tenemus
1973 3443 2146 3511 eonsilium
2169 3446 2356 3529 prophetae,

360 3528 466 3594 noluit
488 3525 643 3625 singulas
660 3537 769 3626 partes
791 3546 891 3590 sanae
912 3533 946 3590 et
975 3525 1064 3593 utilis
1093 3525 1257 3593 doetrinae
1280 3548 1331 3591 re·
1384 3547 1482 3609 quum
1506 3526 1597 3595 Deus
1619 3536 1761 3594 testatur
1782 3549 1817 3594 ss
1839 3529 1947 3594 Deum
1970 3551 2040 3596 esse
2061 3551 2081 3596 e
2103 3530 2288 3614 longinquo.

360 3623 621 3764 (disiisserii‘soiitiir
639 3611 753 3778 iiiiii
772 3611 1051 3762 {quglrelqeigqleerqsa
1062 3611 1331 3764 (diritehrrfflriuiiirii
1468 3698 1525 3763 Art
1545 3697 1637 3764 Dera
1658 3717 1675 3762 e
1697 3700 1877 3781 propinquo
1905 3719 1958 3782 epo
1985 3719 2070 3782 ιιιιι,
2099 3700 2175 3767 dieit
2194 3700 2356 3766 Isbooolt?

359 3794 446 3851 esset
466 3787 546 3866 ipsis
568 3783 758 3850 aedificandi
781 3781 935 3864 studium,
959 3783 1035 3866 quie
1047 3782 1202 3848 videbunt
1220 3785 1331 3849 omnia
1382 3787 1410 3848 el
1431 3801 1492 3846 non
1514 3781 1605 3848 Deus
1626 3804 1642 3847 e
1663 3782 1857 3866 loginquo?
1888 3785 1943 3850 Art
1964 3784 2069 3850 latebit
2094 3787 2147 3852 eir
2167 3787 2202 3852 itt
2222 3787 2359 3852 tenebris

359 3889 491 3952 pessum
513 3872 572 3946 ire,
596 3870 751 3935 videbant
773 3867 896 3933 seelera
918 3869 1037 3948 passim
1061 3871 1212 3951 grosseti,
1240 3869 1330 3934 vide·
1382 3865 1428 3953 (in
1452 3867 1612 3953 latibulis)
1633 3873 1661 3933 et
1682 3888 1734 3952 epo
1755 3889 1815 3934 eon
1836 3868 1942 3935 videbo
1963 3890 2043 3950 eum,
2064 3869 2128 3934 hoo
2149 3881 2208 3949 est,
2232 3883 2269 3935 ut
2291 3893 2358 3938 non

359 3953 438 4019 bant
467 3955 656 4020 horribilem
679 3955 743 4020 Dei
769 3963 1009 4034 oontemptum:
1042 3954 1266 4020 oeeoutiebant
1287 3955 1328 4020 ad
1382 3953 1510 4020 videam
1534 3975 1619 4032 eum,
1642 3955 1717 4020 dieii
1735 3954 1899 4020 Iehooob?
1922 3957 2039 4022 Aaron
2059 3955 2175 4020 eoelum
2197 3961 2358 4022 etterrm

352 4041 434 4106 haee
455 4044 575 4105 omnia.
620 4041 710 4123 Ergo
732 4041 810 4105 hine
833 4037 926 4104 laeile
949 4037 1056 4122 oolligi
1079 4041 1193 4121 potuit,
1221 4061 1329 4123 neque
1381 4059 1434 4124 eqo
1457 4039 1579 4124 irnplee,
1601 4040 1676 4105 dieii
1691 4039 1853 4106 lehooob?
1876 4040 1939 4106 Hie
1962 4042 2070 4106 aerius
2091 4041 2262 4107 invehitur
2283 4061 2359 4124 pro-

353 4127 494 4192 fideliter
516 4127 605 4210 ipsos
626 4144 758 4208 operam
782 4145 874 4190 suam
897 4124 970 4189 Deo
991 4123 1196 4206 impendere,
1224 4148 1329 4208 neque
1381 4125 1481 4207 pheta
1503 4135 1618 4190 eontra
1640 4125 1838 4210 hypoeritas,
1867 4127 1923 4208 qui
1945 4127 2108 4209 putabant
2129 4147 2163 4191 ss
2185 4126 2276 4192 nullo
2300 4148 2358 4192 ne·

353 4213 453 4294 probe
475 4211 614 4278 salutem
636 4210 792 4275 eoelesiae
814 4229 945 4276 ourare:
976 4209 1053 4290 quia
1081 4211 1127 4274 ita
1149 4211 1329 4292 prodebant
1382 4213 1469 4293 gotio
1492 4230 1564 4276 oum
1588 4211 1660 4276 Deo
1682 4221 1914 4294 transeaturos,
1935 4211 2208 4294 quemadmodum
2227 4233 2358 4294 semper

354 4299 490 4362 miseras
512 4298 649 4374 animas,
679 4296 795 4379 quihus
819 4294 973 4360 videbant
994 4294 1120 4359 instare
1150 4297 1328 4362 interitum.
1382 4294 1506 4360 leoiunt
1538 4296 1599 4360 sibi
1632 4296 1760 4361 delitias
1789 4298 1824 4360 iu
1854 4298 1922 4361 suis
1952 4297 2104 4379 peoeatis.
2158 4297 2231 4362 Etsi
2265 4298 2356 4362 enim

353 4384 518 4447 Tenemus
550 4391 629 4466 ergo
663 4401 750 4447 nuno
792 4389 894 4444 totum
933 4379 1111 4462 prophetae
1149 4380 1327 4446 eonsilium.
1381 4399 1510 4461 semper
1530 4381 1658 4446 animos
1680 4381 2028 4464 ooeupatpriueipium
2047 4381 2137 4459 illud,
2160 4381 2269 4446 Deum
2286 4403 2357 4448 esse

354 4469 429 4533 Non
452 4468 586 4532 dubium
609 4476 719 4531 autem
742 4477 800 4545 est,
828 4466 907 4546 quin
936 4467 1008 4532 oioe
1033 4464 1138 4530 molae
1167 4466 1330 4530 addiderit
1382 4463 1498 4528 muudi
1526 4467 1680 4541 iudioem,
1715 4477 1749 4532 et
1778 4485 1888 4532 eoram
1917 4487 1954 4532 eo
1983 4467 2143 4532 rationem
2182 4467 2356 4550 aliquando

353 4554 511 4621 molitiem
532 4554 725 4635 stadiorum,
761 4564 796 4617 ut
825 4552 929 4633 magis
958 4551 1123 4633 detegeret
1145 4550 1327 4615 soeordiam
1382 4548 1579 4615 reddendam
1603 4571 1689 4616 esse:
1715 4559 1828 4634 postea
1843 4561 1952 4618 temen
1976 4551 2222 4637 tergiversando
2244 4552 2355 4618 existi·

354 4661 484 4717 eorum,
513 4639 568 4721 qui
591 4640 624 4703 in
648 4647 739 4702 tanta
761 4637 952 4701 neeessitate
975 4635 1131 4718 silebant,
1162 4644 1196 4699 et
1217 4657 1327 4701 mane·
1382 4645 1474 4700 mant
1494 4656 1530 4701 se
1551 4635 1694 4718 elapsos,
1724 4646 1762 4702 ut
1782 4636 1874 4702 Deus
1901 4638 1981 4720 ipsis
2001 4638 2158 4721 iguoseat.
2204 4638 2356 4720 Denique

353 4728 434 4795 bant
445 4726 572 4810 ignavi:
596 4724 771 4805 aliquando
782 4741 863 4803 opus
874 4721 937 4784 erit
949 4720 1101 4786 medioori
1114 4721 1326 4786 eorreetioue:
1381 4719 1515 4787 solenne
1547 4729 1599 4786 est
1631 4721 1809 4805 hypoeritis
1841 4743 1916 4788 eum
1950 4722 2023 4788 Deo
2056 4724 2148 4804 quasi
2186 4723 2357 4804 pueriliter

354 4814 410 4880 sed
434 4814 487 4878 ubi
512 4810 653 4893 populus
683 4807 744 4872 sibi
773 4806 921 4890 permisit
950 4810 1131 4871 extremam
1163 4805 1328 4871 lieentiam
1380 4805 1501 4872 ludere.
1551 4805 1624 4872 Hae
1654 4807 1779 4872 ratione
1809 4807 1961 4872 irascitur
1991 4807 2084 4872 Deus
2114 4817 2230 4872 eontra
2256 4809 2355 4892 ipsos,

354 4899 525 4980 malorum,
558 4895 612 4960 ubi
635 4893 815 4976 impunitas
837 4892 947 4955 omnia
968 4901 1120 4975 oeeupet,
1151 4891 1207 4956 ubi
1229 4892 1327 4957 etiam
1381 4891 1885 4976 etpronuntiatselongealium
1901 4913 2084 4975 essequam
2100 4892 2219 4974 ipsiim
2266 4895 2355 4958 'nen-

354 4983 437 5048 tales
466 4991 544 5047 sunt
572 4978 779 5062 eorruptelae
808 4978 842 5040 in
872 4977 1037 5040 eommuui
1065 4979 1150 5056 vita,
1178 4987 1216 5041 ut
1244 4977 1328 5040 nihil
1381 4985 1443 5042 tur.
1476 4976 1563 5041 Nam
1579 4978 1656 5041 dum
1679 4978 1727 5042 ita
1748 4979 2005 5044 seeonstituuut
2026 4977 2174 5058 arbitros,
2196 4983 2234 5042 ut
2279 4999 2355 5044 eum

353 5089 487 5151 prorsus
516 5077 647 5132 maneat
673 5065 856 5146 integrum,
893 5062 922 5126 si
951 5072 1055 5127 essset
1092 5071 1125 5126 et
1152 5063 1329 5128 eonstriota
1380 5061 1558 5126 subiioiant
1586 5062 1652 5127 suis
1680 5062 1824 5148 legibus,
1859 5064 1989 5146 fingunt
2021 5062 2129 5146 ipsum
2157 5083 2228 5128 esse
2261 5065 2355 5146 quasi

355 5155 397 5218 sit
418 5153 533 5236 lingua
562 5153 718 5224 duotoris,
749 5168 857 5213 nonne
886 5148 1005 5211 merito
1035 5146 1160 5212 diestur
1187 5148 1328 5232 ignavus
1381 5145 1546 5226 hebetem,
1573 5155 1607 5212 et
1629 5148 1712 5213 nihil
1736 5149 1862 5231 videre,
1890 5148 1944 5213 vel
1970 5169 2097 5234 parum.
2141 5149 2232 5214 Dioit
2255 5149 2357 5234 igitur

355 5237 454 5314 oanis,
478 5248 512 5304 et
533 5237 668 5303 mutus?
694 5235 752 5302 Sie
773 5235 871 5298 etiam
895 5231 1054 5315 propheta
1077 5241 1255 5316 exaggerat
1276 5253 1327 5296 so·
1380 5251 1413 5296 se
1444 5251 1506 5298 noo
1540 5252 1604 5298 esse
1626 5233 1732 5300 Deum
1763 5255 1779 5300 e
1806 5234 2000 5316 propinquo,
2039 5235 2093 5300 sed
2131 5253 2147 5298 e
2180 5234 2355 5317 loegiaque.

354 5324 512 5401 eordiam,
542 5325 635 5389 ouius
665 5324 718 5388 hio
748 5327 879 5387 eeousat
906 5318 1004 5384 falsos
1038 5316 1203 5393 doctores,
1241 5317 1327 5399 quod
1380 5316 1448 5381 Alii
1477 5317 1625 5382 referunt
1653 5319 1693 5384 ad
1722 5327 1869 5401 tempus,
1898 5321 1991 5401 quasi
2021 5327 2158 5402 negaret
2184 5341 2219 5384 se
2251 5341 2357 5402 nuper
