<?xml version="1.0" encoding="UTF-8"?>
<!DOCTYPE html PUBLIC "-//W3C//DTD XHTML 1.0 Transitional//EN"
    "http://www.w3.org/TR/xhtml1/DTD/xhtml1-transitional.dtd">
<html xmlns="http://www.w3.org/1999/xhtml" xml:lang="en" lang="en">
 <head>
  <title>
</title>
<meta http-equiv="Content-Type" content="text/html;charset=utf-8" />
  <meta name='ocr-system' content='tesseract 3.04.00' />
  <meta name='ocr-capabilities' content='ocr_page ocr_carea ocr_par ocr_line ocrx_word'/>
</head>
<body>
  <div class='ocr_page' id='page_1' title='image "./corpusreformato14melagoog_0108.png"; bbox 0 0 5134 6124; ppageno 0'>
   <div class='ocr_carea' id='block_1_1' title="bbox 223 450 2223 536">
    <p class='ocr_par' dir='ltr' id='par_1_1' title="bbox 223 450 2223 536">
     <span class='ocr_line' id='line_1_1' title="bbox 223 450 2223 536; baseline 0.005 -22"><span class='ocrx_word' id='word_1_1' title='bbox 223 450 284 536; x_wconf 73' lang='grc' dir='ltr'><strong>ιιι</strong></span> <span class='ocrx_word' id='word_1_2' title='bbox 928 457 978 523; x_wconf 79' lang='grc' dir='ltr'><strong>ιιι</strong></span> <span class='ocrx_word' id='word_1_3' title='bbox 1003 457 1253 524; x_wconf 70' lang='lat' dir='ltr'><strong>Ianuarius.</strong></span> <span class='ocrx_word' id='word_1_4' title='bbox 1298 456 1397 523; x_wconf 75' lang='lat' dir='ltr'><strong>css.</strong></span> <span class='ocrx_word' id='word_1_5' title='bbox 1419 457 1516 524; x_wconf 75' lang='lat' dir='ltr'><strong>xlv,</strong></span> <span class='ocrx_word' id='word_1_6' title='bbox 2161 461 2223 526; x_wconf 77' lang='lat' dir='ltr'><strong>rae</strong></span> 
     </span>
    </p>
   </div>
   <div class='ocr_carea' id='block_1_2' title="bbox 215 645 2224 5278">
    <p class='ocr_par' dir='ltr' id='par_1_2' title="bbox 215 645 2224 5278">
     <span class='ocr_line' id='line_1_2' title="bbox 220 645 2223 799; baseline -0.001 -84"><span class='ocrx_word' id='word_1_7' title='bbox 220 648 402 736; x_wconf 71' lang='lat' dir='ltr'><strong>panadium</strong></span> <span class='ocrx_word' id='word_1_8' title='bbox 430 667 468 714; x_wconf 82' lang='lat' dir='ltr'><strong>ecc</strong></span> <span class='ocrx_word' id='word_1_9' title='bbox 488 647 607 727; x_wconf 81' lang='lat' dir='ltr'><strong>itinere,</strong></span> <span class='ocrx_word' id='word_1_10' title='bbox 635 650 669 710; x_wconf 83' lang='lat' dir='ltr'><strong>ut</strong></span> <span class='ocrx_word' id='word_1_11' title='bbox 690 651 805 712; x_wconf 75' lang='lat' dir='ltr'><strong>motem</strong></span> <span class='ocrx_word' id='word_1_12' title='bbox 826 645 1005 730; x_wconf 79' lang='lat' dir='ltr'><strong>trcueipct?</strong></span> <span class='ocrx_word' id='word_1_13' title='bbox 1050 645 1117 711; x_wconf 91' lang='lat' dir='ltr'><strong>Hic</strong></span> <span class='ocrx_word' id='word_1_14' title='bbox 1139 667 1196 710; x_wconf 89' lang='lat' dir='ltr'><strong>no·</strong></span> <span class='ocrx_word' id='word_1_15' title='bbox 1335 649 1387 713; x_wconf 92' lang='grc'><strong>10.</strong></span> <span class='ocrx_word' id='word_1_16' title='bbox 1412 647 1465 713; x_wconf 78' lang='lat' dir='ltr'><strong>Sic</strong></span> <span class='ocrx_word' id='word_1_17' title='bbox 1486 648 1561 714; x_wconf 76' lang='lat' dir='ltr'><strong>dicit</strong></span> <span class='ocrx_word' id='word_1_18' title='bbox 1584 645 1722 712; x_wconf 80' lang='lat' dir='ltr'><strong>leboceb</strong></span> <span class='ocrx_word' id='word_1_19' title='bbox 1744 647 1786 712; x_wconf 88' lang='lat' dir='ltr'><strong>ad</strong></span> <span class='ocrx_word' id='word_1_20' title='bbox 1802 647 1955 728; x_wconf 75' lang='lat' dir='ltr'><strong>poputum</strong></span> <span class='ocrx_word' id='word_1_21' title='bbox 1978 647 2058 715; x_wconf 81' lang='lat' dir='ltr'><strong>bunc</strong></span> <span class='ocrx_word' id='word_1_22' title='bbox 2080 647 2157 799; x_wconf 47' lang='lat' dir='ltr'><strong>gel,</strong></span> <span class='ocrx_word' id='word_1_23' title='bbox 2183 649 2223 714; x_wconf 90' lang='lat' dir='ltr'><strong>de</strong></span> 
     </span>
     <span class='ocr_line' id='line_1_3' title="bbox 222 719 2223 824; baseline 0 -23"><span class='ocrx_word' id='word_1_24' title='bbox 222 733 322 801; x_wconf 89' lang='lat' dir='ltr'><strong>tanda</strong></span> <span class='ocrx_word' id='word_1_25' title='bbox 351 744 401 801; x_wconf 91' lang='lat' dir='ltr'><strong>est</strong></span> <span class='ocrx_word' id='word_1_26' title='bbox 430 733 605 799; x_wconf 77' lang='lat' dir='ltr'><strong>antithesis</strong></span> <span class='ocrx_word' id='word_1_27' title='bbox 634 733 721 798; x_wconf 90' lang='lat' dir='ltr'><strong>inter</strong></span> <span class='ocrx_word' id='word_1_28' title='bbox 750 730 998 798; x_wconf 89' lang='lat' dir='ltr'><strong>similitudinem</strong></span> <span class='ocrx_word' id='word_1_29' title='bbox 1021 733 1196 824; x_wconf 86' lang='lat' dir='ltr'><strong>peregrini,</strong></span> <span class='ocrx_word' id='word_1_30' title='bbox 1247 734 1365 817; x_wconf 91' lang='lat' dir='ltr'><strong>populo</strong></span> <span class='ocrx_word' id='word_1_31' title='bbox 1388 733 1459 812; x_wconf 89' lang='lat' dir='ltr'><strong>hoe,</strong></span> <span class='ocrx_word' id='word_1_32' title='bbox 1486 719 1504 800; x_wconf 68' lang='grc'>5</span> <span class='ocrx_word' id='word_1_33' title='bbox 1528 745 1701 816; x_wconf 87' lang='lat' dir='ltr'><strong>utrumqne</strong></span> <span class='ocrx_word' id='word_1_34' title='bbox 1723 732 1908 818; x_wconf 85' lang='lat' dir='ltr'><strong>signifieat),</strong></span> <span class='ocrx_word' id='word_1_35' title='bbox 1938 733 2024 799; x_wconf 69' lang='lat' dir='ltr'><strong>Siara</strong></span> <span class='ocrx_word' id='word_1_36' title='bbox 2046 736 2081 801; x_wconf 83' lang='lat' dir='ltr'><strong>di</strong></span> <span class='ocrx_word' id='word_1_37' title='bbox 2110 740 2223 800; x_wconf 75' lang='lat' dir='ltr'><strong>cernat</strong></span> 
     </span>
     <span class='ocr_line' id='line_1_4' title="bbox 221 817 2224 906; baseline -0.001 -18"><span class='ocrx_word' id='word_1_38' title='bbox 221 829 255 889; x_wconf 92' lang='lat' dir='ltr'><strong>et</strong></span> <span class='ocrx_word' id='word_1_39' title='bbox 286 821 374 886; x_wconf 90' lang='lat' dir='ltr'><strong>inter</strong></span> <span class='ocrx_word' id='word_1_40' title='bbox 406 827 598 904; x_wconf 89' lang='lat' dir='ltr'><strong>perpetuam</strong></span> <span class='ocrx_word' id='word_1_41' title='bbox 631 819 818 896; x_wconf 84' lang='lat' dir='ltr'><strong>stationem,</strong></span> <span class='ocrx_word' id='word_1_42' title='bbox 853 817 894 883; x_wconf 92' lang='lat' dir='ltr'><strong>de</strong></span> <span class='ocrx_word' id='word_1_43' title='bbox 923 837 987 901; x_wconf 85' lang='lat' dir='ltr'><strong>qna</strong></span> <span class='ocrx_word' id='word_1_44' title='bbox 1017 827 1131 902; x_wconf 91' lang='lat' dir='ltr'><strong>postea</strong></span> <span class='ocrx_word' id='word_1_45' title='bbox 1153 817 1195 882; x_wconf 93' lang='lat' dir='ltr'><strong>lo·</strong></span> <span class='ocrx_word' id='word_1_46' title='bbox 1247 820 1290 886; x_wconf 85' lang='lat' dir='ltr'><strong>ed</strong></span> <span class='ocrx_word' id='word_1_47' title='bbox 1311 821 1490 903; x_wconf 81' lang='lat' dir='ltr'><strong>cepeadum</strong></span> <span class='ocrx_word' id='word_1_48' title='bbox 1516 818 1591 905; x_wconf 90' lang='lat' dir='ltr'><strong>(hoe</strong></span> <span class='ocrx_word' id='word_1_49' title='bbox 1614 829 1672 894; x_wconf 90' lang='lat' dir='ltr'><strong>est,</strong></span> <span class='ocrx_word' id='word_1_50' title='bbox 1701 819 1786 884; x_wconf 90' lang='lat' dir='ltr'><strong>sieut</strong></span> <span class='ocrx_word' id='word_1_51' title='bbox 1807 832 1960 884; x_wconf 90' lang='lat' dir='ltr'><strong>amarunt</strong></span> <span class='ocrx_word' id='word_1_52' title='bbox 1981 820 2111 906; x_wconf 89' lang='lat' dir='ltr'><strong>vagari)</strong></span> <span class='ocrx_word' id='word_1_53' title='bbox 2126 821 2224 903; x_wconf 79' lang='lat' dir='ltr'><strong>pedae</strong></span> 
     </span>
     <span class='ocr_line' id='line_1_5' title="bbox 221 903 2223 991; baseline -0.001 -17"><span class='ocrx_word' id='word_1_54' title='bbox 221 909 343 991; x_wconf 84' lang='lat' dir='ltr'><strong>quitur.</strong></span> <span class='ocrx_word' id='word_1_55' title='bbox 389 905 530 972; x_wconf 85' lang='lat' dir='ltr'><strong>Volebat</strong></span> <span class='ocrx_word' id='word_1_56' title='bbox 558 905 647 970; x_wconf 93' lang='lat' dir='ltr'><strong>enim</strong></span> <span class='ocrx_word' id='word_1_57' title='bbox 670 905 762 970; x_wconf 88' lang='lat' dir='ltr'><strong>Dens</strong></span> <span class='ocrx_word' id='word_1_58' title='bbox 790 925 907 969; x_wconf 87' lang='lat' dir='ltr'><strong>nomen</strong></span> <span class='ocrx_word' id='word_1_59' title='bbox 931 924 1026 969; x_wconf 90' lang='lat' dir='ltr'><strong>suum</strong></span> <span class='ocrx_word' id='word_1_60' title='bbox 1050 905 1195 970; x_wconf 89' lang='lat' dir='ltr'><strong>invocari</strong></span> <span class='ocrx_word' id='word_1_61' title='bbox 1246 925 1322 970; x_wconf 75' lang='lat' dir='ltr'><strong>acce</strong></span> <span class='ocrx_word' id='word_1_62' title='bbox 1351 925 1413 972; x_wconf 79' lang='lat' dir='ltr'><strong>aon</strong></span> <span class='ocrx_word' id='word_1_63' title='bbox 1441 905 1650 982; x_wconf 73' lang='lat' dir='ltr'><strong>cohibuerunt,</strong></span> <span class='ocrx_word' id='word_1_64' title='bbox 1681 904 1750 970; x_wconf 78' lang='lat' dir='ltr'><strong>idco</strong></span> <span class='ocrx_word' id='word_1_65' title='bbox 1774 903 1911 970; x_wconf 70' lang='lat' dir='ltr'><strong>laceat</strong></span> <span class='ocrx_word' id='word_1_66' title='bbox 1937 924 2000 970; x_wconf 83' lang='lat' dir='ltr'><strong>nort</strong></span> <span class='ocrx_word' id='word_1_67' title='bbox 2019 905 2142 988; x_wconf 80' lang='lat' dir='ltr'><strong>placuit</strong></span> <span class='ocrx_word' id='word_1_68' title='bbox 2161 905 2223 973; x_wconf 79' lang='lat' dir='ltr'><strong>eibi</strong></span> 
     </span>
     <span class='ocr_line' id='line_1_6' title="bbox 220 989 2224 1076; baseline -0.002 -16"><span class='ocrx_word' id='word_1_69' title='bbox 220 995 255 1060; x_wconf 90' lang='lat' dir='ltr'><strong>in</strong></span> <span class='ocrx_word' id='word_1_70' title='bbox 285 990 416 1059; x_wconf 90' lang='lat' dir='ltr'><strong>Iudaea.</strong></span> <span class='ocrx_word' id='word_1_71' title='bbox 467 991 556 1076; x_wconf 81' lang='lat' dir='ltr'><strong>Ergo</strong></span> <span class='ocrx_word' id='word_1_72' title='bbox 590 1011 720 1056; x_wconf 89' lang='lat' dir='ltr'><strong>neeesse</strong></span> <span class='ocrx_word' id='word_1_73' title='bbox 753 1001 823 1054; x_wconf 88' lang='lat' dir='ltr'><strong>orat</strong></span> <span class='ocrx_word' id='word_1_74' title='bbox 856 989 923 1055; x_wconf 92' lang='lat' dir='ltr'><strong>illie</strong></span> <span class='ocrx_word' id='word_1_75' title='bbox 952 990 1095 1055; x_wconf 88' lang='lat' dir='ltr'><strong>residere</strong></span> <span class='ocrx_word' id='word_1_76' title='bbox 1125 991 1196 1054; x_wconf 88' lang='lat' dir='ltr'><strong>eius</strong></span> <span class='ocrx_word' id='word_1_77' title='bbox 1246 993 1281 1056; x_wconf 80' lang='lat' dir='ltr'><strong>ire</strong></span> <span class='ocrx_word' id='word_1_78' title='bbox 1297 991 1371 1069; x_wconf 83' lang='lat' dir='ltr'><strong>illie,</strong></span> <span class='ocrx_word' id='word_1_79' title='bbox 1390 1011 1470 1056; x_wconf 79' lang='lat' dir='ltr'><strong>nunc</strong></span> <span class='ocrx_word' id='word_1_80' title='bbox 1479 989 1691 1058; x_wconf 81' lang='lat' dir='ltr'><strong>recordabitur</strong></span> <span class='ocrx_word' id='word_1_81' title='bbox 1702 991 1906 1072; x_wconf 79' lang='lat' dir='ltr'><strong>iniquitatum</strong></span> <span class='ocrx_word' id='word_1_82' title='bbox 1917 1011 2032 1072; x_wconf 70' lang='lat' dir='ltr'><strong>mam,</strong></span> <span class='ocrx_word' id='word_1_83' title='bbox 2048 997 2075 1057; x_wconf 89' lang='lat' dir='ltr'><strong>ct</strong></span> <span class='ocrx_word' id='word_1_84' title='bbox 2086 991 2224 1058; x_wconf 76' lang='lat' dir='ltr'><strong>visitabit</strong></span> 
     </span>
     <span class='ocr_line' id='line_1_7' title="bbox 221 1075 1544 1165; baseline -0.001 -21"><span class='ocrx_word' id='word_1_85' title='bbox 221 1080 379 1165; x_wconf 88' lang='lat' dir='ltr'><strong>gratiam,</strong></span> <span class='ocrx_word' id='word_1_86' title='bbox 417 1084 450 1143; x_wconf 95' lang='lat' dir='ltr'><strong>et</strong></span> <span class='ocrx_word' id='word_1_87' title='bbox 489 1077 561 1143; x_wconf 89' lang='lat' dir='ltr'><strong>ideo</strong></span> <span class='ocrx_word' id='word_1_88' title='bbox 600 1085 722 1140; x_wconf 88' lang='lat' dir='ltr'><strong>terram</strong></span> <span class='ocrx_word' id='word_1_89' title='bbox 755 1076 847 1141; x_wconf 90' lang='lat' dir='ltr'><strong>illam</strong></span> <span class='ocrx_word' id='word_1_90' title='bbox 880 1076 1019 1141; x_wconf 87' lang='lat' dir='ltr'><strong>vocabat</strong></span> <span class='ocrx_word' id='word_1_91' title='bbox 1053 1075 1195 1158; x_wconf 88' lang='lat' dir='ltr'><strong>quietem</strong></span> <span class='ocrx_word' id='word_1_92' title='bbox 1242 1082 1370 1159; x_wconf 80' lang='lat' dir='ltr'><strong>peccata</strong></span> <span class='ocrx_word' id='word_1_93' title='bbox 1392 1078 1544 1159; x_wconf 73' lang='lat' dir='ltr'><strong>ipsorum.</strong></span> 
     </span>
     <span class='ocr_line' id='line_1_8' title="bbox 221 1161 1195 1246; baseline -0.008 -14"><span class='ocrx_word' id='word_1_94' title='bbox 221 1183 329 1232; x_wconf 88' lang='lat' dir='ltr'><strong>suam:</strong></span> <span class='ocrx_word' id='word_1_95' title='bbox 361 1162 478 1229; x_wconf 89' lang='lat' dir='ltr'><strong>deiude</strong></span> <span class='ocrx_word' id='word_1_96' title='bbox 507 1161 673 1246; x_wconf 88' lang='lat' dir='ltr'><strong>pollicitus</strong></span> <span class='ocrx_word' id='word_1_97' title='bbox 704 1162 808 1227; x_wconf 86' lang='lat' dir='ltr'><strong>iuerat</strong></span> <span class='ocrx_word' id='word_1_98' title='bbox 838 1183 897 1245; x_wconf 90' lang='lat' dir='ltr'><strong>per</strong></span> <span class='ocrx_word' id='word_1_99' title='bbox 920 1161 1036 1227; x_wconf 81' lang='lat' dir='ltr'><strong>Mosen</strong></span> <span class='ocrx_word' id='word_1_100' title='bbox 1064 1181 1099 1226; x_wconf 92' lang='lat' dir='ltr'><strong>se</strong></span> <span class='ocrx_word' id='word_1_101' title='bbox 1128 1162 1195 1224; x_wconf 86' lang='lat' dir='ltr'><strong>iore</strong></span> 
     </span>
     <span class='ocr_line' id='line_1_9' title="bbox 221 1246 2222 1334; baseline -0.002 -17"><span class='ocrx_word' id='word_1_102' title='bbox 221 1271 350 1334; x_wconf 91' lang='lat' dir='ltr'><strong>semper</strong></span> <span class='ocrx_word' id='word_1_103' title='bbox 380 1251 415 1314; x_wconf 93' lang='lat' dir='ltr'><strong>in</strong></span> <span class='ocrx_word' id='word_1_104' title='bbox 449 1247 556 1314; x_wconf 91' lang='lat' dir='ltr'><strong>medio</strong></span> <span class='ocrx_word' id='word_1_105' title='bbox 593 1247 713 1330; x_wconf 91' lang='lat' dir='ltr'><strong>populi.</strong></span> <span class='ocrx_word' id='word_1_106' title='bbox 770 1247 838 1313; x_wconf 91' lang='lat' dir='ltr'><strong>Nec</strong></span> <span class='ocrx_word' id='word_1_107' title='bbox 869 1247 1002 1313; x_wconf 90' lang='lat' dir='ltr'><strong>dubium</strong></span> <span class='ocrx_word' id='word_1_108' title='bbox 1036 1256 1085 1312; x_wconf 90' lang='lat' dir='ltr'><strong>est</strong></span> <span class='ocrx_word' id='word_1_109' title='bbox 1118 1246 1196 1328; x_wconf 90' lang='lat' dir='ltr'><strong>quin</strong></span> <span class='ocrx_word' id='word_1_110' title='bbox 1333 1247 1547 1331; x_wconf 80' lang='lat' dir='ltr'><strong>Prosequitur</strong></span> <span class='ocrx_word' id='word_1_111' title='bbox 1569 1249 1725 1315; x_wconf 83' lang='lat' dir='ltr'><strong>Ieremias</strong></span> <span class='ocrx_word' id='word_1_112' title='bbox 1748 1251 1885 1317; x_wconf 89' lang='lat' dir='ltr'><strong>eandem</strong></span> <span class='ocrx_word' id='word_1_113' title='bbox 1915 1252 2132 1316; x_wconf 89' lang='lat' dir='ltr'><strong>sententiam:</strong></span> <span class='ocrx_word' id='word_1_114' title='bbox 2164 1248 2222 1315; x_wconf 89' lang='lat' dir='ltr'><strong>sed</strong></span> 
     </span>
     <span class='ocr_line' id='line_1_10' title="bbox 220 1331 2221 1421; baseline -0.002 -18"><span class='ocrx_word' id='word_1_115' title='bbox 220 1336 382 1421; x_wconf 89' lang='lat' dir='ltr'><strong>propheta</strong></span> <span class='ocrx_word' id='word_1_116' title='bbox 409 1335 587 1419; x_wconf 84' lang='lat' dir='ltr'><strong>sumpserit</strong></span> <span class='ocrx_word' id='word_1_117' title='bbox 615 1354 656 1398; x_wconf 88' lang='lat' dir='ltr'><strong>ex</strong></span> <span class='ocrx_word' id='word_1_118' title='bbox 687 1334 758 1418; x_wconf 90' lang='lat' dir='ltr'><strong>lege</strong></span> <span class='ocrx_word' id='word_1_119' title='bbox 786 1332 872 1416; x_wconf 89' lang='lat' dir='ltr'><strong>quod</strong></span> <span class='ocrx_word' id='word_1_120' title='bbox 904 1334 957 1398; x_wconf 90' lang='lat' dir='ltr'><strong>hie</strong></span> <span class='ocrx_word' id='word_1_121' title='bbox 984 1333 1115 1411; x_wconf 90' lang='lat' dir='ltr'><strong>recitat,</strong></span> <span class='ocrx_word' id='word_1_122' title='bbox 1147 1331 1197 1395; x_wconf 73' lang='lat' dir='ltr'><strong>Te</strong></span> <span class='ocrx_word' id='word_1_123' title='bbox 1247 1335 1382 1415; x_wconf 91' lang='lat' dir='ltr'><strong>propius</strong></span> <span class='ocrx_word' id='word_1_124' title='bbox 1411 1342 1509 1418; x_wconf 88' lang='lat' dir='ltr'><strong>urget</strong></span> <span class='ocrx_word' id='word_1_125' title='bbox 1537 1334 1692 1412; x_wconf 88' lang='lat' dir='ltr'><strong>Iudaeos,</strong></span> <span class='ocrx_word' id='word_1_126' title='bbox 1726 1345 1759 1401; x_wconf 90' lang='lat' dir='ltr'><strong>et</strong></span> <span class='ocrx_word' id='word_1_127' title='bbox 1788 1336 1931 1402; x_wconf 86' lang='lat' dir='ltr'><strong>ostendit</strong></span> <span class='ocrx_word' id='word_1_128' title='bbox 1956 1355 2117 1421; x_wconf 87' lang='lat' dir='ltr'><strong>quaenam</strong></span> <span class='ocrx_word' id='word_1_129' title='bbox 2151 1335 2221 1400; x_wconf 87' lang='lat' dir='ltr'><strong>iue-</strong></span> 
     </span>
     <span class='ocr_line' id='line_1_11' title="bbox 221 1418 2221 1508; baseline -0.002 -19"><span class='ocrx_word' id='word_1_130' title='bbox 221 1445 254 1490; x_wconf 84' lang='lat' dir='ltr'><strong>ee</strong></span> <span class='ocrx_word' id='word_1_131' title='bbox 281 1423 317 1487; x_wconf 79' lang='lat' dir='ltr'><strong>ia</strong></span> <span class='ocrx_word' id='word_1_132' title='bbox 344 1421 444 1488; x_wconf 83' lang='lat' dir='ltr'><strong>medio</strong></span> <span class='ocrx_word' id='word_1_133' title='bbox 471 1421 572 1486; x_wconf 72' lang='lat' dir='ltr'><strong>aceba&#39;</strong></span> <span class='ocrx_word' id='word_1_134' title='bbox 593 1418 739 1497; x_wconf 81' lang='lat' dir='ltr'><strong>Iebovcb,</strong></span> <span class='ocrx_word' id='word_1_135' title='bbox 769 1439 878 1484; x_wconf 74' lang='lat' dir='ltr'><strong>omnen</strong></span> <span class='ocrx_word' id='word_1_136' title='bbox 907 1423 996 1484; x_wconf 80' lang='lat' dir='ltr'><strong>tuum</strong></span> <span class='ocrx_word' id='word_1_137' title='bbox 1023 1420 1195 1484; x_wconf 80' lang='lat' dir='ltr'><strong>invocatam</strong></span> <span class='ocrx_word' id='word_1_138' title='bbox 1248 1421 1315 1484; x_wconf 88' lang='lat' dir='ltr'><strong>rint</strong></span> <span class='ocrx_word' id='word_1_139' title='bbox 1337 1437 1449 1484; x_wconf 90' lang='lat' dir='ltr'><strong>eorum</strong></span> <span class='ocrx_word' id='word_1_140' title='bbox 1474 1431 1612 1504; x_wconf 87' lang='lat' dir='ltr'><strong>peccata.</strong></span> <span class='ocrx_word' id='word_1_141' title='bbox 1658 1422 1749 1487; x_wconf 90' lang='lat' dir='ltr'><strong>Dicit</strong></span> <span class='ocrx_word' id='word_1_142' title='bbox 1771 1423 1873 1508; x_wconf 85' lang='lat' dir='ltr'><strong>igitur</strong></span> <span class='ocrx_word' id='word_1_143' title='bbox 1895 1423 1996 1488; x_wconf 80' lang='lat' dir='ltr'><strong>luisse</strong></span> <span class='ocrx_word' id='word_1_144' title='bbox 2027 1421 2152 1487; x_wconf 89' lang='lat' dir='ltr'><strong>deditos</strong></span> <span class='ocrx_word' id='word_1_145' title='bbox 2174 1421 2221 1485; x_wconf 91' lang='lat' dir='ltr'><strong>le·</strong></span> 
     </span>
     <span class='ocr_line' id='line_1_12' title="bbox 221 1493 2222 1592; baseline -0.002 -18"><span class='ocrx_word' id='word_1_146' title='bbox 221 1515 266 1575; x_wconf 85' lang='lat' dir='ltr'><strong>est</strong></span> <span class='ocrx_word' id='word_1_147' title='bbox 292 1527 388 1589; x_wconf 80' lang='lat' dir='ltr'><strong>super</strong></span> <span class='ocrx_word' id='word_1_148' title='bbox 414 1525 480 1572; x_wconf 80' lang='lat' dir='ltr'><strong>noe.</strong></span> <span class='ocrx_word' id='word_1_149' title='bbox 525 1505 754 1572; x_wconf 81' lang='lat' dir='ltr'><strong>Ratiocinatur</strong></span> <span class='ocrx_word' id='word_1_150' title='bbox 782 1505 886 1588; x_wconf 89' lang='lat' dir='ltr'><strong>igitur</strong></span> <span class='ocrx_word' id='word_1_151' title='bbox 914 1505 955 1569; x_wconf 88' lang='lat' dir='ltr'><strong>ab</strong></span> <span class='ocrx_word' id='word_1_152' title='bbox 978 1503 1128 1581; x_wconf 88' lang='lat' dir='ltr'><strong>absurdo,</strong></span> <span class='ocrx_word' id='word_1_153' title='bbox 1160 1508 1196 1567; x_wconf 88' lang='lat' dir='ltr'><strong>ut</strong></span> <span class='ocrx_word' id='word_1_154' title='bbox 1249 1505 1364 1570; x_wconf 87' lang='lat' dir='ltr'><strong>vitati:</strong></span> <span class='ocrx_word' id='word_1_155' title='bbox 1387 1508 1443 1572; x_wconf 90' lang='lat' dir='ltr'><strong>sed</strong></span> <span class='ocrx_word' id='word_1_156' title='bbox 1467 1526 1566 1590; x_wconf 87' lang='lat' dir='ltr'><strong>quern</strong></span> <span class='ocrx_word' id='word_1_157' title='bbox 1590 1507 1669 1574; x_wconf 90' lang='lat' dir='ltr'><strong>dieit</strong></span> <span class='ocrx_word' id='word_1_158' title='bbox 1691 1493 1770 1586; x_wconf 65' lang='lat' dir='ltr'><strong>ritib,</strong></span> <span class='ocrx_word' id='word_1_159' title='bbox 1802 1507 1886 1592; x_wconf 90' lang='lat' dir='ltr'><strong>quod</strong></span> <span class='ocrx_word' id='word_1_160' title='bbox 1915 1507 2109 1573; x_wconf 79' lang='lat' dir='ltr'><strong>tantundem</strong></span> <span class='ocrx_word' id='word_1_161' title='bbox 2132 1506 2222 1573; x_wconf 88' lang='lat' dir='ltr'><strong>valet</strong></span> 
     </span>
     <span class='ocr_line' id='line_1_13' title="bbox 221 1588 2219 1677; baseline -0.001 -18"><span class='ocrx_word' id='word_1_162' title='bbox 221 1595 351 1659; x_wconf 90' lang='lat' dir='ltr'><strong>veniam</strong></span> <span class='ocrx_word' id='word_1_163' title='bbox 382 1590 496 1657; x_wconf 88' lang='lat' dir='ltr'><strong>aDeo</strong></span> <span class='ocrx_word' id='word_1_164' title='bbox 523 1593 686 1674; x_wconf 90' lang='lat' dir='ltr'><strong>impetret,</strong></span> <span class='ocrx_word' id='word_1_165' title='bbox 715 1591 791 1674; x_wconf 89' lang='lat' dir='ltr'><strong>quia</strong></span> <span class='ocrx_word' id='word_1_166' title='bbox 815 1591 843 1656; x_wconf 88' lang='lat' dir='ltr'><strong>si</strong></span> <span class='ocrx_word' id='word_1_167' title='bbox 866 1602 952 1656; x_wconf 91' lang='lat' dir='ltr'><strong>esset</strong></span> <span class='ocrx_word' id='word_1_168' title='bbox 973 1588 1194 1667; x_wconf 88' lang='lat' dir='ltr'><strong>inexorabilis,</strong></span> <span class='ocrx_word' id='word_1_169' title='bbox 1248 1605 1362 1674; x_wconf 89' lang='lat' dir='ltr'><strong>atque,</strong></span> <span class='ocrx_word' id='word_1_170' title='bbox 1395 1591 1447 1657; x_wconf 86' lang='lat' dir='ltr'><strong>Ad</strong></span> <span class='ocrx_word' id='word_1_171' title='bbox 1482 1613 1517 1659; x_wconf 91' lang='lat' dir='ltr'><strong>se</strong></span> <span class='ocrx_word' id='word_1_172' title='bbox 1551 1593 1766 1674; x_wconf 89' lang='lat' dir='ltr'><strong>movendum,</strong></span> <span class='ocrx_word' id='word_1_173' title='bbox 1801 1613 1866 1658; x_wconf 92' lang='lat' dir='ltr'><strong>non</strong></span> <span class='ocrx_word' id='word_1_174' title='bbox 1900 1593 2032 1660; x_wconf 90' lang='lat' dir='ltr'><strong>dubium</strong></span> <span class='ocrx_word' id='word_1_175' title='bbox 2061 1603 2112 1659; x_wconf 90' lang='lat' dir='ltr'><strong>est</strong></span> <span class='ocrx_word' id='word_1_176' title='bbox 2142 1593 2219 1677; x_wconf 91' lang='lat' dir='ltr'><strong>quin</strong></span> 
     </span>
     <span class='ocr_line' id='line_1_14' title="bbox 220 1674 2222 1763; baseline -0.001 -17"><span class='ocrx_word' id='word_1_177' title='bbox 220 1678 430 1746; x_wconf 88' lang='lat' dir='ltr'><strong>intercideret</strong></span> <span class='ocrx_word' id='word_1_178' title='bbox 458 1697 496 1743; x_wconf 90' lang='lat' dir='ltr'><strong>ae</strong></span> <span class='ocrx_word' id='word_1_179' title='bbox 525 1677 647 1760; x_wconf 89' lang='lat' dir='ltr'><strong>periret</strong></span> <span class='ocrx_word' id='word_1_180' title='bbox 669 1675 781 1742; x_wconf 83' lang='lat' dir='ltr'><strong>foedus</strong></span> <span class='ocrx_word' id='word_1_181' title='bbox 803 1677 892 1759; x_wconf 88' lang='lat' dir='ltr'><strong>ipsis,</strong></span> <span class='ocrx_word' id='word_1_182' title='bbox 918 1675 1004 1760; x_wconf 87' lang='lat' dir='ltr'><strong>quod</strong></span> <span class='ocrx_word' id='word_1_183' title='bbox 1027 1685 1059 1740; x_wconf 88' lang='lat' dir='ltr'><strong>et</strong></span> <span class='ocrx_word' id='word_1_184' title='bbox 1081 1674 1195 1741; x_wconf 90' lang='lat' dir='ltr'><strong>abeur-</strong></span> <span class='ocrx_word' id='word_1_185' title='bbox 1248 1677 1333 1742; x_wconf 89' lang='lat' dir='ltr'><strong>hanc</strong></span> <span class='ocrx_word' id='word_1_186' title='bbox 1365 1677 1533 1744; x_wconf 89' lang='lat' dir='ltr'><strong>levitatem</strong></span> <span class='ocrx_word' id='word_1_187' title='bbox 1567 1687 1709 1763; x_wconf 90' lang='lat' dir='ltr'><strong>opponat</strong></span> <span class='ocrx_word' id='word_1_188' title='bbox 1743 1680 1861 1762; x_wconf 89' lang='lat' dir='ltr'><strong>quieti,</strong></span> <span class='ocrx_word' id='word_1_189' title='bbox 1900 1679 1939 1745; x_wconf 89' lang='lat' dir='ltr'><strong>de</strong></span> <span class='ocrx_word' id='word_1_190' title='bbox 1979 1699 2045 1762; x_wconf 87' lang='lat' dir='ltr'><strong>qua</strong></span> <span class='ocrx_word' id='word_1_191' title='bbox 2077 1678 2222 1762; x_wconf 91' lang='lat' dir='ltr'><strong>loquitur</strong></span> 
     </span>
     <span class='ocr_line' id='line_1_15' title="bbox 222 1761 2220 1851; baseline 0 -21"><span class='ocrx_word' id='word_1_192' title='bbox 222 1765 299 1831; x_wconf 88' lang='lat' dir='ltr'><strong>dum</strong></span> <span class='ocrx_word' id='word_1_193' title='bbox 321 1773 402 1842; x_wconf 87' lang='lat' dir='ltr'><strong>erat,</strong></span> <span class='ocrx_word' id='word_1_194' title='bbox 426 1771 458 1828; x_wconf 88' lang='lat' dir='ltr'><strong>et</strong></span> <span class='ocrx_word' id='word_1_195' title='bbox 480 1763 572 1828; x_wconf 91' lang='lat' dir='ltr'><strong>nullo</strong></span> <span class='ocrx_word' id='word_1_196' title='bbox 595 1761 691 1827; x_wconf 90' lang='lat' dir='ltr'><strong>modo</strong></span> <span class='ocrx_word' id='word_1_197' title='bbox 713 1763 811 1827; x_wconf 88' lang='lat' dir='ltr'><strong>etiam</strong></span> <span class='ocrx_word' id='word_1_198' title='bbox 836 1767 964 1845; x_wconf 88' lang='lat' dir='ltr'><strong>poteret</strong></span> <span class='ocrx_word' id='word_1_199' title='bbox 986 1762 1066 1826; x_wconf 90' lang='lat' dir='ltr'><strong>fieri.</strong></span> <span class='ocrx_word' id='word_1_200' title='bbox 1107 1762 1196 1826; x_wconf 93' lang='lat' dir='ltr'><strong>Dieit</strong></span> <span class='ocrx_word' id='word_1_201' title='bbox 1246 1762 1350 1828; x_wconf 86' lang='lat' dir='ltr'><strong>Isaiae</strong></span> <span class='ocrx_word' id='word_1_202' title='bbox 1373 1765 1479 1846; x_wconf 90' lang='lat' dir='ltr'><strong>eapite</strong></span> <span class='ocrx_word' id='word_1_203' title='bbox 1509 1765 1676 1850; x_wconf 89' lang='lat' dir='ltr'><strong>trigesimo</strong></span> <span class='ocrx_word' id='word_1_204' title='bbox 1705 1765 1750 1851; x_wconf 86' lang='lat' dir='ltr'><strong>(v.</strong></span> <span class='ocrx_word' id='word_1_205' title='bbox 1775 1764 1846 1851; x_wconf 85' lang='lat'><strong>15),</strong></span> <span class='ocrx_word' id='word_1_206' title='bbox 1876 1785 1977 1846; x_wconf 88' lang='lat' dir='ltr'><strong>quum</strong></span> <span class='ocrx_word' id='word_1_207' title='bbox 2007 1765 2101 1846; x_wconf 87' lang='lat' dir='ltr'><strong>dicit,</strong></span> <span class='ocrx_word' id='word_1_208' title='bbox 2135 1765 2220 1830; x_wconf 81' lang='lat' dir='ltr'><strong>lloee</strong></span> 
     </span>
     <span class='ocr_line' id='line_1_16' title="bbox 221 1847 2221 1936; baseline -0.002 -20"><span class='ocrx_word' id='word_1_209' title='bbox 221 1872 308 1936; x_wconf 88' lang='lat' dir='ltr'><strong>ergo,</strong></span> <span class='ocrx_word' id='word_1_210' title='bbox 331 1849 485 1926; x_wconf 88' lang='lat' dir='ltr'><strong>Domine,</strong></span> <span class='ocrx_word' id='word_1_211' title='bbox 508 1869 605 1932; x_wconf 78' lang='lat' dir='ltr'><strong>quare</strong></span> <span class='ocrx_word' id='word_1_212' title='bbox 625 1867 707 1914; x_wconf 83' lang='lat' dir='ltr'><strong>essee</strong></span> <span class='ocrx_word' id='word_1_213' title='bbox 727 1848 821 1930; x_wconf 82' lang='lat' dir='ltr'><strong>quasi</strong></span> <span class='ocrx_word' id='word_1_214' title='bbox 836 1849 1034 1932; x_wconf 75' lang='lat' dir='ltr'><strong>peregrinus,</strong></span> <span class='ocrx_word' id='word_1_215' title='bbox 1058 1849 1196 1928; x_wconf 82' lang='lat' dir='ltr'><strong>etqaesi</strong></span> <span class='ocrx_word' id='word_1_216' title='bbox 1247 1847 1411 1914; x_wconf 90' lang='lat' dir='ltr'><strong>Dominus</strong></span> <span class='ocrx_word' id='word_1_217' title='bbox 1431 1849 1521 1916; x_wconf 91' lang='lat' dir='ltr'><strong>vobis</strong></span> <span class='ocrx_word' id='word_1_218' title='bbox 1545 1864 1770 1933; x_wconf 86' lang='lat' dir='ltr'><strong>praeceperat,</strong></span> <span class='ocrx_word' id='word_1_219' title='bbox 1804 1853 1839 1915; x_wconf 92' lang='lat' dir='ltr'><strong>iu</strong></span> <span class='ocrx_word' id='word_1_220' title='bbox 1866 1851 2081 1916; x_wconf 83' lang='lat' dir='ltr'><strong>conversione</strong></span> <span class='ocrx_word' id='word_1_221' title='bbox 2110 1859 2143 1914; x_wconf 89' lang='lat' dir='ltr'><strong>et</strong></span> <span class='ocrx_word' id='word_1_222' title='bbox 2163 1869 2221 1933; x_wconf 89' lang='lat' dir='ltr'><strong>spe</strong></span> 
     </span>
     <span class='ocr_line' id='line_1_17' title="bbox 220 1933 2219 2020; baseline -0.003 -17"><span class='ocrx_word' id='word_1_223' title='bbox 220 1938 329 2014; x_wconf 63' lang='lat' dir='ltr'><strong>cim,</strong></span> <span class='ocrx_word' id='word_1_224' title='bbox 352 1936 409 2018; x_wconf 82' lang='lat' dir='ltr'><strong>qai</strong></span> <span class='ocrx_word' id='word_1_225' title='bbox 429 1940 550 2001; x_wconf 72' lang='lat' dir='ltr'><strong>tantm</strong></span> <span class='ocrx_word' id='word_1_226' title='bbox 564 1938 647 2000; x_wconf 83' lang='lat' dir='ltr'><strong>nocte</strong></span> <span class='ocrx_word' id='word_1_227' title='bbox 660 1954 727 2000; x_wconf 81' lang='lat' dir='ltr'><strong>aaa</strong></span> <span class='ocrx_word' id='word_1_228' title='bbox 741 1935 865 2015; x_wconf 66' lang='lat' dir='ltr'><strong>quaeri</strong></span> <span class='ocrx_word' id='word_1_229' title='bbox 879 1933 1060 2014; x_wconf 76' lang='lat' dir='ltr'><strong>hospitium,</strong></span> <span class='ocrx_word' id='word_1_230' title='bbox 1083 1943 1195 2016; x_wconf 89' lang='lat' dir='ltr'><strong>postea</strong></span> <span class='ocrx_word' id='word_1_231' title='bbox 1248 1935 1310 1998; x_wconf 88' lang='lat' dir='ltr'><strong>erit</strong></span> <span class='ocrx_word' id='word_1_232' title='bbox 1332 1935 1487 2001; x_wconf 83' lang='lat' dir='ltr'><strong>fortitudo</strong></span> <span class='ocrx_word' id='word_1_233' title='bbox 1509 1947 1625 2014; x_wconf 88' lang='lat' dir='ltr'><strong>vestra,</strong></span> <span class='ocrx_word' id='word_1_234' title='bbox 1654 1938 1687 2002; x_wconf 91' lang='lat' dir='ltr'><strong>in</strong></span> <span class='ocrx_word' id='word_1_235' title='bbox 1711 1938 1829 2020; x_wconf 86' lang='lat' dir='ltr'><strong>quiete,</strong></span> <span class='ocrx_word' id='word_1_236' title='bbox 1858 1937 1892 2001; x_wconf 92' lang='lat' dir='ltr'><strong>in</strong></span> <span class='ocrx_word' id='word_1_237' title='bbox 1921 1937 2097 2020; x_wconf 86' lang='lat' dir='ltr'><strong>tranquillo</strong></span> <span class='ocrx_word' id='word_1_238' title='bbox 2122 1945 2219 2001; x_wconf 90' lang='lat' dir='ltr'><strong>statu.</strong></span> 
     </span>
     <span class='ocr_line' id='line_1_18' title="bbox 220 2017 2219 2107; baseline -0.002 -18"><span class='ocrx_word' id='word_1_239' title='bbox 220 2023 359 2089; x_wconf 87' lang='lat' dir='ltr'><strong>ulterius</strong></span> <span class='ocrx_word' id='word_1_240' title='bbox 391 2019 522 2104; x_wconf 84' lang='lat' dir='ltr'><strong>porgit?</strong></span> <span class='ocrx_word' id='word_1_241' title='bbox 575 2017 684 2096; x_wconf 90' lang='lat' dir='ltr'><strong>Deus,</strong></span> <span class='ocrx_word' id='word_1_242' title='bbox 718 2019 992 2102; x_wconf 89' lang='lat' dir='ltr'><strong>quomadmodum</strong></span> <span class='ocrx_word' id='word_1_243' title='bbox 1021 2020 1088 2084; x_wconf 90' lang='lat' dir='ltr'><strong>iam</strong></span> <span class='ocrx_word' id='word_1_244' title='bbox 1116 2017 1195 2096; x_wconf 85' lang='lat' dir='ltr'><strong>dixi,</strong></span> <span class='ocrx_word' id='word_1_245' title='bbox 1248 2019 1387 2086; x_wconf 82' lang='lat' dir='ltr'><strong>Volebat</strong></span> <span class='ocrx_word' id='word_1_246' title='bbox 1409 2022 1510 2105; x_wconf 88' lang='lat' dir='ltr'><strong>igitur</strong></span> <span class='ocrx_word' id='word_1_247' title='bbox 1531 2021 1670 2089; x_wconf 88' lang='lat' dir='ltr'><strong>Iudaeos</strong></span> <span class='ocrx_word' id='word_1_248' title='bbox 1691 2043 1756 2088; x_wconf 91' lang='lat' dir='ltr'><strong>non</strong></span> <span class='ocrx_word' id='word_1_249' title='bbox 1780 2023 1903 2107; x_wconf 86' lang='lat' dir='ltr'><strong>agitare</strong></span> <span class='ocrx_word' id='word_1_250' title='bbox 1926 2023 2056 2087; x_wconf 88' lang='lat' dir='ltr'><strong>diversa</strong></span> <span class='ocrx_word' id='word_1_251' title='bbox 2073 2021 2219 2098; x_wconf 86' lang='lat' dir='ltr'><strong>consilia,</strong></span> 
     </span>
     <span class='ocr_line' id='line_1_19' title="bbox 220 2104 2219 2192; baseline -0.002 -19"><span class='ocrx_word' id='word_1_252' title='bbox 220 2109 413 2192; x_wconf 87' lang='lat' dir='ltr'><strong>promiserat</strong></span> <span class='ocrx_word' id='word_1_253' title='bbox 436 2107 498 2171; x_wconf 92' lang='lat' dir='ltr'><strong>sibi</strong></span> <span class='ocrx_word' id='word_1_254' title='bbox 521 2107 589 2171; x_wconf 83' lang='lat' dir='ltr'><strong>fore</strong></span> <span class='ocrx_word' id='word_1_255' title='bbox 612 2114 779 2170; x_wconf 90' lang='lat' dir='ltr'><strong>aeternam</strong></span> <span class='ocrx_word' id='word_1_256' title='bbox 801 2106 944 2188; x_wconf 89' lang='lat' dir='ltr'><strong>quietem</strong></span> <span class='ocrx_word' id='word_1_257' title='bbox 969 2105 1003 2170; x_wconf 92' lang='lat' dir='ltr'><strong>in</strong></span> <span class='ocrx_word' id='word_1_258' title='bbox 1026 2113 1114 2171; x_wconf 89' lang='lat' dir='ltr'><strong>terra</strong></span> <span class='ocrx_word' id='word_1_259' title='bbox 1129 2104 1195 2181; x_wconf 91' lang='lat' dir='ltr'><strong>illa,</strong></span> <span class='ocrx_word' id='word_1_260' title='bbox 1247 2126 1351 2188; x_wconf 90' lang='lat' dir='ltr'><strong>neque</strong></span> <span class='ocrx_word' id='word_1_261' title='bbox 1372 2109 1495 2190; x_wconf 89' lang='lat' dir='ltr'><strong>raptari</strong></span> <span class='ocrx_word' id='word_1_262' title='bbox 1520 2109 1583 2172; x_wconf 91' lang='lat' dir='ltr'><strong>hue</strong></span> <span class='ocrx_word' id='word_1_263' title='bbox 1612 2116 1645 2173; x_wconf 92' lang='lat' dir='ltr'><strong>et</strong></span> <span class='ocrx_word' id='word_1_264' title='bbox 1673 2107 1767 2186; x_wconf 88' lang='lat' dir='ltr'><strong>illue,</strong></span> <span class='ocrx_word' id='word_1_265' title='bbox 1802 2128 1904 2192; x_wconf 90' lang='lat' dir='ltr'><strong>quum</strong></span> <span class='ocrx_word' id='word_1_266' title='bbox 1934 2108 2056 2191; x_wconf 88' lang='lat' dir='ltr'><strong>aliquid</strong></span> <span class='ocrx_word' id='word_1_267' title='bbox 2084 2106 2219 2191; x_wconf 89' lang='lat' dir='ltr'><strong>periculi</strong></span> 
     </span>
     <span class='ocr_line' id='line_1_20' title="bbox 220 2191 2220 2278; baseline -0.002 -20"><span class='ocrx_word' id='word_1_268' title='bbox 220 2194 418 2278; x_wconf 87' lang='lat' dir='ltr'><strong>promiserat</strong></span> <span class='ocrx_word' id='word_1_269' title='bbox 437 2214 471 2258; x_wconf 92' lang='lat' dir='ltr'><strong>se</strong></span> <span class='ocrx_word' id='word_1_270' title='bbox 486 2194 554 2257; x_wconf 85' lang='lat' dir='ltr'><strong>fore</strong></span> <span class='ocrx_word' id='word_1_271' title='bbox 569 2193 603 2257; x_wconf 94' lang='lat' dir='ltr'><strong>in</strong></span> <span class='ocrx_word' id='word_1_272' title='bbox 619 2192 727 2256; x_wconf 88' lang='lat' dir='ltr'><strong>Deum</strong></span> <span class='ocrx_word' id='word_1_273' title='bbox 744 2191 881 2274; x_wconf 91' lang='lat' dir='ltr'><strong>populo:</strong></span> <span class='ocrx_word' id='word_1_274' title='bbox 905 2191 966 2256; x_wconf 91' lang='lat' dir='ltr'><strong>hoe</strong></span> <span class='ocrx_word' id='word_1_275' title='bbox 980 2211 1058 2274; x_wconf 90' lang='lat' dir='ltr'><strong>ergo</strong></span> <span class='ocrx_word' id='word_1_276' title='bbox 1073 2191 1196 2256; x_wconf 86' lang='lat' dir='ltr'><strong>foederi</strong></span> <span class='ocrx_word' id='word_1_277' title='bbox 1247 2192 1406 2258; x_wconf 87' lang='lat' dir='ltr'><strong>instabat:</strong></span> <span class='ocrx_word' id='word_1_278' title='bbox 1441 2193 1497 2258; x_wconf 91' lang='lat' dir='ltr'><strong>sed</strong></span> <span class='ocrx_word' id='word_1_279' title='bbox 1519 2204 1708 2276; x_wconf 89' lang='lat' dir='ltr'><strong>exspectare</strong></span> <span class='ocrx_word' id='word_1_280' title='bbox 1729 2193 1806 2259; x_wconf 91' lang='lat' dir='ltr'><strong>dum</strong></span> <span class='ocrx_word' id='word_1_281' title='bbox 1829 2197 1898 2274; x_wconf 89' lang='lat' dir='ltr'><strong>ipse</strong></span> <span class='ocrx_word' id='word_1_282' title='bbox 1920 2193 1985 2259; x_wconf 91' lang='lat' dir='ltr'><strong>illie</strong></span> <span class='ocrx_word' id='word_1_283' title='bbox 2007 2205 2220 2270; x_wconf 88' lang='lat' dir='ltr'><strong>succurreret,</strong></span> 
     </span>
     <span class='ocr_line' id='line_1_21' title="bbox 220 2276 2220 2364; baseline -0.002 -19"><span class='ocrx_word' id='word_1_284' title='bbox 220 2301 285 2345; x_wconf 90' lang='lat' dir='ltr'><strong>non</strong></span> <span class='ocrx_word' id='word_1_285' title='bbox 308 2277 500 2362; x_wconf 88' lang='lat' dir='ltr'><strong>quadrabat,</strong></span> <span class='ocrx_word' id='word_1_286' title='bbox 525 2277 553 2342; x_wconf 93' lang='lat' dir='ltr'><strong>si</strong></span> <span class='ocrx_word' id='word_1_287' title='bbox 569 2276 662 2342; x_wconf 86' lang='lat' dir='ltr'><strong>Deus</strong></span> <span class='ocrx_word' id='word_1_288' title='bbox 680 2277 850 2342; x_wconf 87' lang='lat' dir='ltr'><strong>transisset</strong></span> <span class='ocrx_word' id='word_1_289' title='bbox 869 2297 927 2358; x_wconf 92' lang='lat' dir='ltr'><strong>per</strong></span> <span class='ocrx_word' id='word_1_290' title='bbox 943 2285 1073 2341; x_wconf 89' lang='lat' dir='ltr'><strong>terram.</strong></span> <span class='ocrx_word' id='word_1_291' title='bbox 1106 2276 1196 2360; x_wconf 81' lang='lat' dir='ltr'><strong>Ergo</strong></span> <span class='ocrx_word' id='word_1_292' title='bbox 1247 2279 1520 2360; x_wconf 90' lang='lat' dir='ltr'><strong>quemadmodum</strong></span> <span class='ocrx_word' id='word_1_293' title='bbox 1562 2282 1767 2363; x_wconf 88' lang='lat' dir='ltr'><strong>promiserat.</strong></span> <span class='ocrx_word' id='word_1_294' title='bbox 1823 2280 1921 2345; x_wconf 88' lang='lat' dir='ltr'><strong>Nunc</strong></span> <span class='ocrx_word' id='word_1_295' title='bbox 1953 2301 2030 2364; x_wconf 89' lang='lat' dir='ltr'><strong>ergo</strong></span> <span class='ocrx_word' id='word_1_296' title='bbox 2063 2279 2220 2343; x_wconf 80' lang='lat' dir='ltr'><strong>ieremias</strong></span> 
     </span>
     <span class='ocr_line' id='line_1_22' title="bbox 220 2361 2220 2450; baseline -0.002 -20"><span class='ocrx_word' id='word_1_297' title='bbox 220 2363 494 2448; x_wconf 86' lang='lat' dir='ltr'><strong>quemadmodem</strong></span> <span class='ocrx_word' id='word_1_298' title='bbox 520 2362 597 2428; x_wconf 88' lang='lat' dir='ltr'><strong>olim</strong></span> <span class='ocrx_word' id='word_1_299' title='bbox 622 2361 812 2429; x_wconf 79' lang='lat' dir='ltr'><strong>defenderat</strong></span> <span class='ocrx_word' id='word_1_300' title='bbox 832 2362 982 2439; x_wconf 86' lang='lat' dir='ltr'><strong>Iudaees,</strong></span> <span class='ocrx_word' id='word_1_301' title='bbox 1012 2367 1045 2426; x_wconf 93' lang='lat' dir='ltr'><strong>et</strong></span> <span class='ocrx_word' id='word_1_302' title='bbox 1068 2382 1196 2444; x_wconf 85' lang='lat' dir='ltr'><strong>semper</strong></span> <span class='ocrx_word' id='word_1_303' title='bbox 1246 2383 1358 2428; x_wconf 89' lang='lat' dir='ltr'><strong>eorum</strong></span> <span class='ocrx_word' id='word_1_304' title='bbox 1382 2364 1548 2430; x_wconf 88' lang='lat' dir='ltr'><strong>levitatem</strong></span> <span class='ocrx_word' id='word_1_305' title='bbox 1578 2377 1724 2441; x_wconf 89' lang='lat' dir='ltr'><strong>accuset,</strong></span> <span class='ocrx_word' id='word_1_306' title='bbox 1758 2366 1842 2450; x_wconf 92' lang='lat' dir='ltr'><strong>quod</strong></span> <span class='ocrx_word' id='word_1_307' title='bbox 1873 2386 1938 2429; x_wconf 91' lang='lat' dir='ltr'><strong>non</strong></span> <span class='ocrx_word' id='word_1_308' title='bbox 1969 2365 2134 2448; x_wconf 86' lang='lat' dir='ltr'><strong>potuerint</strong></span> <span class='ocrx_word' id='word_1_309' title='bbox 2156 2363 2220 2427; x_wconf 92' lang='lat' dir='ltr'><strong>Dei</strong></span> 
     </span>
     <span class='ocr_line' id='line_1_23' title="bbox 220 2447 2219 2534; baseline -0.003 -17"><span class='ocrx_word' id='word_1_310' title='bbox 220 2452 327 2517; x_wconf 85' lang='lat' dir='ltr'><strong>salvos</strong></span> <span class='ocrx_word' id='word_1_311' title='bbox 343 2457 441 2534; x_wconf 89' lang='lat' dir='ltr'><strong>atque</strong></span> <span class='ocrx_word' id='word_1_312' title='bbox 456 2449 636 2515; x_wconf 88' lang='lat' dir='ltr'><strong>incolumes</strong></span> <span class='ocrx_word' id='word_1_313' title='bbox 651 2450 866 2530; x_wconf 78' lang='lat' dir='ltr'><strong>praestiterat,</strong></span> <span class='ocrx_word' id='word_1_314' title='bbox 882 2449 980 2513; x_wconf 89' lang='lat' dir='ltr'><strong>etiam</strong></span> <span class='ocrx_word' id='word_1_315' title='bbox 997 2447 1031 2511; x_wconf 91' lang='lat' dir='ltr'><strong>in</strong></span> <span class='ocrx_word' id='word_1_316' title='bbox 1044 2448 1196 2513; x_wconf 88' lang='lat' dir='ltr'><strong>maximis</strong></span> <span class='ocrx_word' id='word_1_317' title='bbox 1247 2449 1369 2514; x_wconf 88' lang='lat' dir='ltr'><strong>auxilio</strong></span> <span class='ocrx_word' id='word_1_318' title='bbox 1391 2451 1475 2530; x_wconf 83' lang='lat' dir='ltr'><strong>freti,</strong></span> <span class='ocrx_word' id='word_1_319' title='bbox 1497 2450 1631 2516; x_wconf 91' lang='lat' dir='ltr'><strong>stabiles</strong></span> <span class='ocrx_word' id='word_1_320' title='bbox 1649 2471 1783 2516; x_wconf 89' lang='lat' dir='ltr'><strong>manere</strong></span> <span class='ocrx_word' id='word_1_321' title='bbox 1797 2452 1832 2516; x_wconf 93' lang='lat' dir='ltr'><strong>in</strong></span> <span class='ocrx_word' id='word_1_322' title='bbox 1849 2453 2022 2534; x_wconf 88' lang='lat' dir='ltr'><strong>proposito,</strong></span> <span class='ocrx_word' id='word_1_323' title='bbox 2046 2449 2101 2516; x_wconf 91' lang='lat' dir='ltr'><strong>sed</strong></span> <span class='ocrx_word' id='word_1_324' title='bbox 2117 2448 2219 2513; x_wconf 90' lang='lat' dir='ltr'><strong>curei-</strong></span> 
     </span>
     <span class='ocr_line' id='line_1_24' title="bbox 219 2532 2220 2621; baseline -0.001 -20"><span class='ocrx_word' id='word_1_325' title='bbox 219 2535 389 2621; x_wconf 88' lang='lat' dir='ltr'><strong>periculis:</strong></span> <span class='ocrx_word' id='word_1_326' title='bbox 420 2535 466 2600; x_wconf 88' lang='lat' dir='ltr'><strong>ita</strong></span> <span class='ocrx_word' id='word_1_327' title='bbox 496 2554 585 2600; x_wconf 86' lang='lat' dir='ltr'><strong>nune</strong></span> <span class='ocrx_word' id='word_1_328' title='bbox 607 2532 686 2601; x_wconf 92' lang='lat' dir='ltr'><strong>dieit</strong></span> <span class='ocrx_word' id='word_1_329' title='bbox 708 2533 867 2617; x_wconf 89' lang='lat' dir='ltr'><strong>propheta</strong></span> <span class='ocrx_word' id='word_1_330' title='bbox 888 2553 1026 2616; x_wconf 89' lang='lat' dir='ltr'><strong>aequum</strong></span> <span class='ocrx_word' id='word_1_331' title='bbox 1050 2553 1131 2612; x_wconf 88' lang='lat' dir='ltr'><strong>esee,</strong></span> <span class='ocrx_word' id='word_1_332' title='bbox 1160 2549 1195 2597; x_wconf 90' lang='lat' dir='ltr'><strong>ut</strong></span> <span class='ocrx_word' id='word_1_333' title='bbox 1246 2535 1390 2602; x_wconf 87' lang='lat' dir='ltr'><strong>taverint</strong></span> <span class='ocrx_word' id='word_1_334' title='bbox 1412 2535 1452 2601; x_wconf 89' lang='lat' dir='ltr'><strong>ad</strong></span> <span class='ocrx_word' id='word_1_335' title='bbox 1476 2556 1560 2601; x_wconf 89' lang='lat' dir='ltr'><strong>vana</strong></span> <span class='ocrx_word' id='word_1_336' title='bbox 1582 2536 1722 2602; x_wconf 86' lang='lat' dir='ltr'><strong>auxilia:</strong></span> <span class='ocrx_word' id='word_1_337' title='bbox 1745 2536 1862 2602; x_wconf 87' lang='lat' dir='ltr'><strong>deinde</strong></span> <span class='ocrx_word' id='word_1_338' title='bbox 1885 2539 1993 2602; x_wconf 81' lang='lat' dir='ltr'><strong>fervor</strong></span> <span class='ocrx_word' id='word_1_339' title='bbox 2015 2536 2069 2600; x_wconf 91' lang='lat' dir='ltr'><strong>ille</strong></span> <span class='ocrx_word' id='word_1_340' title='bbox 2086 2533 2220 2600; x_wconf 92' lang='lat' dir='ltr'><strong>diaboli·</strong></span> 
     </span>
     <span class='ocr_line' id='line_1_25' title="bbox 220 2618 2221 2706; baseline -0.002 -18"><span class='ocrx_word' id='word_1_341' title='bbox 220 2623 281 2689; x_wconf 92' lang='lat' dir='ltr'><strong>sibi</strong></span> <span class='ocrx_word' id='word_1_342' title='bbox 304 2629 443 2701; x_wconf 90' lang='lat' dir='ltr'><strong>constet,</strong></span> <span class='ocrx_word' id='word_1_343' title='bbox 470 2641 508 2686; x_wconf 91' lang='lat' dir='ltr'><strong>ae</strong></span> <span class='ocrx_word' id='word_1_344' title='bbox 530 2627 663 2686; x_wconf 89' lang='lat' dir='ltr'><strong>maneat</strong></span> <span class='ocrx_word' id='word_1_345' title='bbox 685 2640 811 2702; x_wconf 89' lang='lat' dir='ltr'><strong>semper</strong></span> <span class='ocrx_word' id='word_1_346' title='bbox 834 2620 885 2684; x_wconf 90' lang='lat' dir='ltr'><strong>sui</strong></span> <span class='ocrx_word' id='word_1_347' title='bbox 907 2618 1034 2684; x_wconf 88' lang='lat' dir='ltr'><strong>similis.</strong></span> <span class='ocrx_word' id='word_1_348' title='bbox 1079 2618 1193 2699; x_wconf 76' lang='lat' dir='ltr'><strong>Quan·</strong></span> <span class='ocrx_word' id='word_1_349' title='bbox 1246 2641 1303 2687; x_wconf 89' lang='lat' dir='ltr'><strong>eus</strong></span> <span class='ocrx_word' id='word_1_350' title='bbox 1336 2631 1408 2704; x_wconf 91' lang='lat' dir='ltr'><strong>poet</strong></span> <span class='ocrx_word' id='word_1_351' title='bbox 1441 2621 1529 2687; x_wconf 87' lang='lat' dir='ltr'><strong>idola</strong></span> <span class='ocrx_word' id='word_1_352' title='bbox 1561 2623 1649 2688; x_wconf 90' lang='lat' dir='ltr'><strong>isos</strong></span> <span class='ocrx_word' id='word_1_353' title='bbox 1682 2624 1843 2706; x_wconf 87' lang='lat' dir='ltr'><strong>rapuerit,</strong></span> <span class='ocrx_word' id='word_1_354' title='bbox 1878 2621 2151 2706; x_wconf 89' lang='lat' dir='ltr'><strong>quomadmodum</strong></span> <span class='ocrx_word' id='word_1_355' title='bbox 2187 2626 2221 2684; x_wconf 89' lang='lat' dir='ltr'><strong>et</strong></span> 
     </span>
     <span class='ocr_line' id='line_1_26' title="bbox 220 2644 2218 2794; baseline -0.002 -20"><span class='ocrx_word' id='word_1_356' title='bbox 220 2717 291 2774; x_wconf 91' lang='lat' dir='ltr'><strong>tum</strong></span> <span class='ocrx_word' id='word_1_357' title='bbox 315 2707 433 2772; x_wconf 88' lang='lat' dir='ltr'><strong>attinet</strong></span> <span class='ocrx_word' id='word_1_358' title='bbox 455 2706 496 2770; x_wconf 89' lang='lat' dir='ltr'><strong>ad</strong></span> <span class='ocrx_word' id='word_1_359' title='bbox 520 2713 709 2789; x_wconf 90' lang='lat' dir='ltr'><strong>sequentem</strong></span> <span class='ocrx_word' id='word_1_360' title='bbox 734 2726 874 2788; x_wconf 89' lang='lat' dir='ltr'><strong>versum,</strong></span> <span class='ocrx_word' id='word_1_361' title='bbox 901 2705 1195 2787; x_wconf 63' lang='lat' dir='ltr'><strong>coercereque</strong></span> <span class='ocrx_word' id='word_1_362' title='bbox 1245 2706 1321 2771; x_wconf 91' lang='lat' dir='ltr'><strong>alibi</strong></span> <span class='ocrx_word' id='word_1_363' title='bbox 1346 2706 1424 2771; x_wconf 89' lang='lat' dir='ltr'><strong>dicit</strong></span> <span class='ocrx_word' id='word_1_364' title='bbox 1446 2707 1548 2773; x_wconf 86' lang='lat' dir='ltr'><strong>Isaiae</strong></span> <span class='ocrx_word' id='word_1_365' title='bbox 1571 2644 1635 2794; x_wconf 64' lang='lat' dir='ltr'><strong>lli,</strong></span> <span class='ocrx_word' id='word_1_366' title='bbox 1659 2707 1730 2792; x_wconf 83' lang='lat'><strong>15),</strong></span> <span class='ocrx_word' id='word_1_367' title='bbox 1758 2708 1920 2792; x_wconf 84' lang='lat' dir='ltr'><strong>Patigaeti</strong></span> <span class='ocrx_word' id='word_1_368' title='bbox 1944 2717 1977 2772; x_wconf 90' lang='lat' dir='ltr'><strong>te</strong></span> <span class='ocrx_word' id='word_1_369' title='bbox 1999 2709 2035 2772; x_wconf 91' lang='lat' dir='ltr'><strong>in</strong></span> <span class='ocrx_word' id='word_1_370' title='bbox 2058 2709 2120 2772; x_wconf 92' lang='lat' dir='ltr'><strong>viis</strong></span> <span class='ocrx_word' id='word_1_371' title='bbox 2142 2706 2218 2780; x_wconf 89' lang='lat' dir='ltr'><strong>tuis,</strong></span> 
     </span>
     <span class='ocr_line' id='line_1_27' title="bbox 219 2790 2220 2878; baseline -0.002 -19"><span class='ocrx_word' id='word_1_372' title='bbox 219 2795 270 2859; x_wconf 82' lang='lat' dir='ltr'><strong>vir</strong></span> <span class='ocrx_word' id='word_1_373' title='bbox 293 2792 449 2872; x_wconf 75' lang='lat' dir='ltr'><strong>cdoaitrte,</strong></span> <span class='ocrx_word' id='word_1_374' title='bbox 472 2792 524 2858; x_wconf 90' lang='lat' dir='ltr'><strong>vel</strong></span> <span class='ocrx_word' id='word_1_375' title='bbox 547 2790 706 2856; x_wconf 85' lang='lat' dir='ltr'><strong>territus?</strong></span> <span class='ocrx_word' id='word_1_376' title='bbox 730 2810 791 2874; x_wconf 90' lang='lat' dir='ltr'><strong>ego</strong></span> <span class='ocrx_word' id='word_1_377' title='bbox 813 2791 963 2856; x_wconf 89' lang='lat' dir='ltr'><strong>territum</strong></span> <span class='ocrx_word' id='word_1_378' title='bbox 987 2791 1111 2875; x_wconf 88' lang='lat' dir='ltr'><strong>accipio</strong></span> <span class='ocrx_word' id='word_1_379' title='bbox 1133 2810 1192 2874; x_wconf 91' lang='lat' dir='ltr'><strong>pro</strong></span> <span class='ocrx_word' id='word_1_380' title='bbox 1245 2802 1278 2857; x_wconf 91' lang='lat' dir='ltr'><strong>et</strong></span> <span class='ocrx_word' id='word_1_381' title='bbox 1300 2792 1420 2876; x_wconf 90' lang='lat' dir='ltr'><strong>absque</strong></span> <span class='ocrx_word' id='word_1_382' title='bbox 1442 2796 1598 2878; x_wconf 84' lang='lat' dir='ltr'><strong>profectu.</strong></span> <span class='ocrx_word' id='word_1_383' title='bbox 1643 2795 1688 2857; x_wconf 79' lang='lat' dir='ltr'><strong>ltu</strong></span> <span class='ocrx_word' id='word_1_384' title='bbox 1712 2795 1791 2859; x_wconf 92' lang='lat' dir='ltr'><strong>haee</strong></span> <span class='ocrx_word' id='word_1_385' title='bbox 1815 2793 1960 2859; x_wconf 90' lang='lat' dir='ltr'><strong>doctrina</strong></span> <span class='ocrx_word' id='word_1_386' title='bbox 1990 2814 2086 2876; x_wconf 90' lang='lat' dir='ltr'><strong>saepe</strong></span> <span class='ocrx_word' id='word_1_387' title='bbox 2108 2809 2220 2857; x_wconf 85' lang='lat' dir='ltr'><strong>oecur-</strong></span> 
     </span>
     <span class='ocr_line' id='line_1_28' title="bbox 219 2875 2220 2963; baseline -0.002 -19"><span class='ocrx_word' id='word_1_388' title='bbox 219 2879 352 2944; x_wconf 89' lang='lat' dir='ltr'><strong>homine</strong></span> <span class='ocrx_word' id='word_1_389' title='bbox 390 2876 558 2962; x_wconf 84' lang='lat' dir='ltr'><strong>sylvestri,</strong></span> <span class='ocrx_word' id='word_1_390' title='bbox 598 2875 869 2959; x_wconf 90' lang='lat' dir='ltr'><strong>quemadmodum</strong></span> <span class='ocrx_word' id='word_1_391' title='bbox 904 2877 933 2941; x_wconf 93' lang='lat' dir='ltr'><strong>si</strong></span> <span class='ocrx_word' id='word_1_392' title='bbox 966 2877 1039 2959; x_wconf 87' lang='lat' dir='ltr'><strong>quie</strong></span> <span class='ocrx_word' id='word_1_393' title='bbox 1073 2875 1195 2941; x_wconf 88' lang='lat' dir='ltr'><strong>diceret</strong></span> <span class='ocrx_word' id='word_1_394' title='bbox 1246 2877 1290 2941; x_wconf 89' lang='lat' dir='ltr'><strong>rit</strong></span> <span class='ocrx_word' id='word_1_395' title='bbox 1320 2879 1406 2960; x_wconf 91' lang='lat' dir='ltr'><strong>apud</strong></span> <span class='ocrx_word' id='word_1_396' title='bbox 1437 2879 1630 2962; x_wconf 90' lang='lat' dir='ltr'><strong>prophetas:</strong></span> <span class='ocrx_word' id='word_1_397' title='bbox 1665 2879 1751 2963; x_wconf 87' lang='lat' dir='ltr'><strong>qaod</strong></span> <span class='ocrx_word' id='word_1_398' title='bbox 1785 2879 1909 2945; x_wconf 89' lang='lat' dir='ltr'><strong>seilicet</strong></span> <span class='ocrx_word' id='word_1_399' title='bbox 1941 2879 2064 2943; x_wconf 84' lang='lat' dir='ltr'><strong>luerint</strong></span> <span class='ocrx_word' id='word_1_400' title='bbox 2096 2877 2220 2942; x_wconf 88' lang='lat' dir='ltr'><strong>similes</strong></span> 
     </span>
     <span class='ocr_line' id='line_1_29' title="bbox 218 2961 2220 3048; baseline -0.001 -19"><span class='ocrx_word' id='word_1_401' title='bbox 218 2972 332 3030; x_wconf 89' lang='lat' dir='ltr'><strong>nostra</strong></span> <span class='ocrx_word' id='word_1_402' title='bbox 353 2963 476 3046; x_wconf 83' lang='lat' dir='ltr'><strong>lingua,</strong></span> <span class='ocrx_word' id='word_1_403' title='bbox 499 2962 618 3028; x_wconf 76' lang='lat' dir='ltr'><strong>homere</strong></span> <span class='ocrx_word' id='word_1_404' title='bbox 635 2982 780 3046; x_wconf 78' lang='lat' dir='ltr'><strong>eaaoepe.</strong></span> <span class='ocrx_word' id='word_1_405' title='bbox 825 2961 946 3028; x_wconf 90' lang='lat' dir='ltr'><strong>Postea</strong></span> <span class='ocrx_word' id='word_1_406' title='bbox 967 2961 1068 3042; x_wconf 88' lang='lat' dir='ltr'><strong>addit,</strong></span> <span class='ocrx_word' id='word_1_407' title='bbox 1094 2962 1194 3044; x_wconf 75' lang='lat' dir='ltr'><strong>Quasi</strong></span> <span class='ocrx_word' id='word_1_408' title='bbox 1245 2965 1341 3047; x_wconf 89' lang='lat' dir='ltr'><strong>vagis</strong></span> <span class='ocrx_word' id='word_1_409' title='bbox 1362 2965 1608 3044; x_wconf 88' lang='lat' dir='ltr'><strong>meretrieibae,</strong></span> <span class='ocrx_word' id='word_1_410' title='bbox 1642 2985 1725 3047; x_wconf 89' lang='lat' dir='ltr'><strong>quae</strong></span> <span class='ocrx_word' id='word_1_411' title='bbox 1744 2964 1821 3029; x_wconf 89' lang='lat' dir='ltr'><strong>hinc</strong></span> <span class='ocrx_word' id='word_1_412' title='bbox 1849 2963 1926 3029; x_wconf 87' lang='lat' dir='ltr'><strong>inde</strong></span> <span class='ocrx_word' id='word_1_413' title='bbox 1949 2971 2112 3048; x_wconf 89' lang='lat' dir='ltr'><strong>quaerunt</strong></span> <span class='ocrx_word' id='word_1_414' title='bbox 2133 2983 2220 3028; x_wconf 92' lang='lat' dir='ltr'><strong>seor·</strong></span> 
     </span>
     <span class='ocr_line' id='line_1_30' title="bbox 218 3047 2220 3136; baseline -0 -21"><span class='ocrx_word' id='word_1_415' title='bbox 218 3051 313 3134; x_wconf 78' lang='lat' dir='ltr'><strong>pipere</strong></span> <span class='ocrx_word' id='word_1_416' title='bbox 344 3049 402 3132; x_wconf 71' lang='lat' dir='ltr'><strong>quc·</strong></span> <span class='ocrx_word' id='word_1_417' title='bbox 433 3068 494 3114; x_wconf 79' lang='lat' dir='ltr'><strong>aon</strong></span> <span class='ocrx_word' id='word_1_418' title='bbox 521 3053 621 3132; x_wconf 79' lang='lat' dir='ltr'><strong>potest</strong></span> <span class='ocrx_word' id='word_1_419' title='bbox 652 3069 792 3131; x_wconf 65' lang='lat' dir='ltr'><strong>severe,</strong></span> <span class='ocrx_word' id='word_1_420' title='bbox 827 3047 889 3113; x_wconf 91' lang='lat' dir='ltr'><strong>hee</strong></span> <span class='ocrx_word' id='word_1_421' title='bbox 921 3056 987 3128; x_wconf 91' lang='lat' dir='ltr'><strong>est,</strong></span> <span class='ocrx_word' id='word_1_422' title='bbox 1020 3047 1194 3113; x_wconf 87' lang='lat' dir='ltr'><strong>auxiliator</strong></span> <span class='ocrx_word' id='word_1_423' title='bbox 1246 3057 1376 3114; x_wconf 85' lang='lat' dir='ltr'><strong>tutores.</strong></span> <span class='ocrx_word' id='word_1_424' title='bbox 1421 3049 1505 3115; x_wconf 90' lang='lat' dir='ltr'><strong>Nam</strong></span> <span class='ocrx_word' id='word_1_425' title='bbox 1528 3069 1647 3136; x_wconf 88' lang='lat' dir='ltr'><strong>magna</strong></span> <span class='ocrx_word' id='word_1_426' title='bbox 1673 3049 1867 3116; x_wconf 88' lang='lat' dir='ltr'><strong>constabant</strong></span> <span class='ocrx_word' id='word_1_427' title='bbox 1890 3050 1956 3115; x_wconf 91' lang='lat' dir='ltr'><strong>illis</strong></span> <span class='ocrx_word' id='word_1_428' title='bbox 1985 3047 2118 3114; x_wconf 81' lang='lat' dir='ltr'><strong>foedera</strong></span> <span class='ocrx_word' id='word_1_429' title='bbox 2145 3068 2220 3114; x_wconf 91' lang='lat' dir='ltr'><strong>eum</strong></span> 
     </span>
     <span class='ocr_line' id='line_1_31' title="bbox 219 3133 2220 3219; baseline -0.001 -17"><span class='ocrx_word' id='word_1_430' title='bbox 219 3138 387 3212; x_wconf 86' lang='lat' dir='ltr'><strong>robustus,</strong></span> <span class='ocrx_word' id='word_1_431' title='bbox 422 3133 477 3200; x_wconf 90' lang='lat' dir='ltr'><strong>sed</strong></span> <span class='ocrx_word' id='word_1_432' title='bbox 511 3133 635 3200; x_wconf 90' lang='lat' dir='ltr'><strong>nullius</strong></span> <span class='ocrx_word' id='word_1_433' title='bbox 664 3133 806 3200; x_wconf 87' lang='lat' dir='ltr'><strong>consilii:</strong></span> <span class='ocrx_word' id='word_1_434' title='bbox 841 3134 895 3216; x_wconf 89' lang='lat' dir='ltr'><strong>qui</strong></span> <span class='ocrx_word' id='word_1_435' title='bbox 930 3133 1033 3198; x_wconf 85' lang='lat' dir='ltr'><strong>iertnr</strong></span> <span class='ocrx_word' id='word_1_436' title='bbox 1063 3134 1191 3216; x_wconf 90' lang='lat' dir='ltr'><strong>quidem</strong></span> <span class='ocrx_word' id='word_1_437' title='bbox 1246 3134 1421 3219; x_wconf 82' lang='lat' dir='ltr'><strong>Aegyptiis</strong></span> <span class='ocrx_word' id='word_1_438' title='bbox 1443 3147 1477 3200; x_wconf 90' lang='lat' dir='ltr'><strong>et</strong></span> <span class='ocrx_word' id='word_1_439' title='bbox 1499 3135 1690 3202; x_wconf 80' lang='lat' dir='ltr'><strong>Chaldaeis:</strong></span> <span class='ocrx_word' id='word_1_440' title='bbox 1721 3146 1754 3200; x_wconf 92' lang='lat' dir='ltr'><strong>et</strong></span> <span class='ocrx_word' id='word_1_441' title='bbox 1775 3143 1886 3201; x_wconf 88' lang='lat' dir='ltr'><strong>tamen</strong></span> <span class='ocrx_word' id='word_1_442' title='bbox 1911 3135 2011 3201; x_wconf 90' lang='lat' dir='ltr'><strong>nullis</strong></span> <span class='ocrx_word' id='word_1_443' title='bbox 2035 3134 2220 3219; x_wconf 90' lang='lat' dir='ltr'><strong>sumptibus</strong></span> 
     </span>
     <span class='ocr_line' id='line_1_32' title="bbox 218 3218 2219 3306; baseline -0.001 -18"><span class='ocrx_word' id='word_1_444' title='bbox 218 3241 339 3306; x_wconf 89' lang='lat' dir='ltr'><strong>magno</strong></span> <span class='ocrx_word' id='word_1_445' title='bbox 360 3221 496 3305; x_wconf 89' lang='lat' dir='ltr'><strong>impetu,</strong></span> <span class='ocrx_word' id='word_1_446' title='bbox 519 3220 578 3285; x_wconf 89' lang='lat' dir='ltr'><strong>sed</strong></span> <span class='ocrx_word' id='word_1_447' title='bbox 600 3219 717 3299; x_wconf 82' lang='lat' dir='ltr'><strong>deficit,</strong></span> <span class='ocrx_word' id='word_1_448' title='bbox 740 3221 815 3303; x_wconf 88' lang='lat' dir='ltr'><strong>quia</strong></span> <span class='ocrx_word' id='word_1_449' title='bbox 837 3218 1003 3303; x_wconf 81' lang='lat' dir='ltr'><strong>frangitur</strong></span> <span class='ocrx_word' id='word_1_450' title='bbox 1021 3241 1081 3286; x_wconf 89' lang='lat' dir='ltr'><strong>sua</strong></span> <span class='ocrx_word' id='word_1_451' title='bbox 1098 3220 1191 3285; x_wconf 89' lang='lat' dir='ltr'><strong>mole.</strong></span> <span class='ocrx_word' id='word_1_452' title='bbox 1245 3221 1432 3302; x_wconf 86' lang='lat' dir='ltr'><strong>parcebant.</strong></span> <span class='ocrx_word' id='word_1_453' title='bbox 1464 3221 1622 3288; x_wconf 89' lang='lat' dir='ltr'><strong>Poterant</strong></span> <span class='ocrx_word' id='word_1_454' title='bbox 1644 3221 1810 3304; x_wconf 89' lang='lat' dir='ltr'><strong>tranquilli</strong></span> <span class='ocrx_word' id='word_1_455' title='bbox 1833 3233 2021 3304; x_wconf 87' lang='lat' dir='ltr'><strong>exspectare</strong></span> <span class='ocrx_word' id='word_1_456' title='bbox 2037 3219 2102 3285; x_wconf 90' lang='lat' dir='ltr'><strong>Dei</strong></span> <span class='ocrx_word' id='word_1_457' title='bbox 2125 3220 2219 3286; x_wconf 87' lang='lat' dir='ltr'><strong>anxi·</strong></span> 
     </span>
     <span class='ocr_line' id='line_1_33' title="bbox 218 3303 2220 3390; baseline -0 -18"><span class='ocrx_word' id='word_1_458' title='bbox 218 3307 271 3373; x_wconf 87' lang='lat' dir='ltr'><strong>Ita</strong></span> <span class='ocrx_word' id='word_1_459' title='bbox 293 3307 392 3372; x_wconf 89' lang='lat' dir='ltr'><strong>etiam</strong></span> <span class='ocrx_word' id='word_1_460' title='bbox 415 3305 493 3372; x_wconf 90' lang='lat' dir='ltr'><strong>dicit</strong></span> <span class='ocrx_word' id='word_1_461' title='bbox 511 3305 671 3389; x_wconf 89' lang='lat' dir='ltr'><strong>propheta</strong></span> <span class='ocrx_word' id='word_1_462' title='bbox 686 3306 748 3371; x_wconf 93' lang='lat' dir='ltr'><strong>hoe</strong></span> <span class='ocrx_word' id='word_1_463' title='bbox 764 3326 830 3370; x_wconf 91' lang='lat' dir='ltr'><strong>non</strong></span> <span class='ocrx_word' id='word_1_464' title='bbox 845 3305 914 3369; x_wconf 89' lang='lat' dir='ltr'><strong>iore</strong></span> <span class='ocrx_word' id='word_1_465' title='bbox 929 3313 1193 3386; x_wconf 89' lang='lat' dir='ltr'><strong>consentaneum,</strong></span> <span class='ocrx_word' id='word_1_466' title='bbox 1245 3303 1335 3384; x_wconf 89' lang='lat' dir='ltr'><strong>lium,</strong></span> <span class='ocrx_word' id='word_1_467' title='bbox 1357 3306 1442 3390; x_wconf 88' lang='lat' dir='ltr'><strong>quod</strong></span> <span class='ocrx_word' id='word_1_468' title='bbox 1466 3308 1664 3390; x_wconf 87' lang='lat' dir='ltr'><strong>promissum</strong></span> <span class='ocrx_word' id='word_1_469' title='bbox 1686 3306 1804 3373; x_wconf 86' lang='lat' dir='ltr'><strong>fuerat.</strong></span> <span class='ocrx_word' id='word_1_470' title='bbox 1850 3307 1947 3372; x_wconf 90' lang='lat' dir='ltr'><strong>Nune</strong></span> <span class='ocrx_word' id='word_1_471' title='bbox 1970 3327 2047 3390; x_wconf 88' lang='lat' dir='ltr'><strong>ergo</strong></span> <span class='ocrx_word' id='word_1_472' title='bbox 2069 3317 2220 3371; x_wconf 89' lang='lat' dir='ltr'><strong>tenemus</strong></span> 
     </span>
     <span class='ocr_line' id='line_1_34' title="bbox 218 3390 2219 3477; baseline -0.001 -19"><span class='ocrx_word' id='word_1_473' title='bbox 218 3395 245 3458; x_wconf 94' lang='lat' dir='ltr'><strong>ei</strong></span> <span class='ocrx_word' id='word_1_474' title='bbox 267 3391 359 3458; x_wconf 91' lang='lat' dir='ltr'><strong>Deus</strong></span> <span class='ocrx_word' id='word_1_475' title='bbox 389 3390 431 3458; x_wconf 90' lang='lat' dir='ltr'><strong>sit</strong></span> <span class='ocrx_word' id='word_1_476' title='bbox 458 3401 615 3475; x_wconf 86' lang='lat' dir='ltr'><strong>tanquam</strong></span> <span class='ocrx_word' id='word_1_477' title='bbox 638 3390 732 3476; x_wconf 87' lang='lat' dir='ltr'><strong>gigas</strong></span> <span class='ocrx_word' id='word_1_478' title='bbox 755 3391 973 3467; x_wconf 86' lang='lat' dir='ltr'><strong>turbulentus,</strong></span> <span class='ocrx_word' id='word_1_479' title='bbox 1003 3392 1058 3474; x_wconf 91' lang='lat' dir='ltr'><strong>qui</strong></span> <span class='ocrx_word' id='word_1_480' title='bbox 1085 3393 1194 3474; x_wconf 86' lang='lat' dir='ltr'><strong>cupiat</strong></span> <span class='ocrx_word' id='word_1_481' title='bbox 1245 3391 1417 3457; x_wconf 89' lang='lat' dir='ltr'><strong>eonsilium</strong></span> <span class='ocrx_word' id='word_1_482' title='bbox 1440 3394 1629 3476; x_wconf 88' lang='lat' dir='ltr'><strong>prophetae,</strong></span> <span class='ocrx_word' id='word_1_483' title='bbox 1652 3414 1751 3477; x_wconf 91' lang='lat' dir='ltr'><strong>quum</strong></span> <span class='ocrx_word' id='word_1_484' title='bbox 1774 3392 1852 3459; x_wconf 90' lang='lat' dir='ltr'><strong>dicit</strong></span> <span class='ocrx_word' id='word_1_485' title='bbox 1867 3393 2219 3474; x_wconf 77' lang='lat' dir='ltr'><strong>eoedileut&#39;seemotem,</strong></span> 
     </span>
     <span class='ocr_line' id='line_1_35' title="bbox 217 3474 2218 3563; baseline -0.002 -19"><span class='ocrx_word' id='word_1_486' title='bbox 217 3479 349 3563; x_wconf 89' lang='lat' dir='ltr'><strong>quidem</strong></span> <span class='ocrx_word' id='word_1_487' title='bbox 366 3497 466 3562; x_wconf 56' lang='lat' dir='ltr'><strong>=opem</strong></span> <span class='ocrx_word' id='word_1_488' title='bbox 490 3478 584 3556; x_wconf 79' lang='lat' dir='ltr'><strong>serre,</strong></span> <span class='ocrx_word' id='word_1_489' title='bbox 606 3477 663 3542; x_wconf 89' lang='lat' dir='ltr'><strong>sed</strong></span> <span class='ocrx_word' id='word_1_490' title='bbox 686 3474 914 3560; x_wconf 85' lang='lat' dir='ltr'><strong>nequidquam.</strong></span> <span class='ocrx_word' id='word_1_491' title='bbox 952 3476 998 3541; x_wconf 81' lang='lat' dir='ltr'><strong>Et</strong></span> <span class='ocrx_word' id='word_1_492' title='bbox 1020 3487 1193 3561; x_wconf 89' lang='lat' dir='ltr'><strong>postquam</strong></span> <span class='ocrx_word' id='word_1_493' title='bbox 1245 3476 1298 3543; x_wconf 87' lang='lat' dir='ltr'><strong>vel</strong></span> <span class='ocrx_word' id='word_1_494' title='bbox 1331 3478 1606 3562; x_wconf 87' lang='lat' dir='ltr'><strong>inquietudinem,</strong></span> <span class='ocrx_word' id='word_1_495' title='bbox 1647 3483 1675 3544; x_wconf 83' lang='lat' dir='ltr'><strong>ct</strong></span> <span class='ocrx_word' id='word_1_496' title='bbox 1707 3498 1767 3544; x_wconf 80' lang='lat' dir='ltr'><strong>aon</strong></span> <span class='ocrx_word' id='word_1_497' title='bbox 1799 3478 1970 3544; x_wconf 74' lang='lat' dir='ltr'><strong>cohibuisse</strong></span> <span class='ocrx_word' id='word_1_498' title='bbox 2003 3478 2103 3559; x_wconf 77' lang='lat' dir='ltr'><strong>pedae</strong></span> <span class='ocrx_word' id='word_1_499' title='bbox 2135 3496 2218 3541; x_wconf 82' lang='lat' dir='ltr'><strong>sace.</strong></span> 
     </span>
     <span class='ocr_line' id='line_1_36' title="bbox 218 3562 2218 3646; baseline -0.003 -15"><span class='ocrx_word' id='word_1_500' title='bbox 218 3565 299 3631; x_wconf 88' lang='lat' dir='ltr'><strong>haee</strong></span> <span class='ocrx_word' id='word_1_501' title='bbox 322 3563 416 3644; x_wconf 87' lang='lat' dir='ltr'><strong>dixit,</strong></span> <span class='ocrx_word' id='word_1_502' title='bbox 439 3584 526 3630; x_wconf 90' lang='lat' dir='ltr'><strong>nune</strong></span> <span class='ocrx_word' id='word_1_503' title='bbox 548 3562 721 3646; x_wconf 87' lang='lat' dir='ltr'><strong>subiungit</strong></span> <span class='ocrx_word' id='word_1_504' title='bbox 741 3562 798 3627; x_wconf 92' lang='lat' dir='ltr'><strong>illa</strong></span> <span class='ocrx_word' id='word_1_505' title='bbox 822 3562 994 3638; x_wconf 88' lang='lat' dir='ltr'><strong>antitheta,</strong></span> <span class='ocrx_word' id='word_1_506' title='bbox 1017 3583 1099 3646; x_wconf 90' lang='lat' dir='ltr'><strong>quae</strong></span> <span class='ocrx_word' id='word_1_507' title='bbox 1114 3563 1192 3642; x_wconf 85' lang='lat' dir='ltr'><strong>dixi,</strong></span> <span class='ocrx_word' id='word_1_508' title='bbox 1245 3562 1358 3629; x_wconf 90' lang='lat' dir='ltr'><strong>Primo</strong></span> <span class='ocrx_word' id='word_1_509' title='bbox 1379 3566 1467 3629; x_wconf 90' lang='lat' dir='ltr'><strong>enim</strong></span> <span class='ocrx_word' id='word_1_510' title='bbox 1491 3565 1610 3629; x_wconf 92' lang='lat' dir='ltr'><strong>intuitu</strong></span> <span class='ocrx_word' id='word_1_511' title='bbox 1632 3563 1693 3629; x_wconf 91' lang='lat' dir='ltr'><strong>hoe</strong></span> <span class='ocrx_word' id='word_1_512' title='bbox 1709 3563 1814 3628; x_wconf 85' lang='lat' dir='ltr'><strong>videri</strong></span> <span class='ocrx_word' id='word_1_513' title='bbox 1837 3570 1945 3646; x_wconf 88' lang='lat' dir='ltr'><strong>posset</strong></span> <span class='ocrx_word' id='word_1_514' title='bbox 1960 3563 2032 3628; x_wconf 92' lang='lat' dir='ltr'><strong>leve</strong></span> <span class='ocrx_word' id='word_1_515' title='bbox 2048 3562 2218 3628; x_wconf 85' lang='lat' dir='ltr'><strong>delictum:</strong></span> 
     </span>
     <span class='ocr_line' id='line_1_37' title="bbox 217 3647 2219 3734; baseline -0.001 -19"><span class='ocrx_word' id='word_1_516' title='bbox 217 3670 345 3733; x_wconf 90' lang='lat' dir='ltr'><strong>nempe,</strong></span> <span class='ocrx_word' id='word_1_517' title='bbox 370 3650 421 3714; x_wconf 80' lang='lat' dir='ltr'><strong>Ta</strong></span> <span class='ocrx_word' id='word_1_518' title='bbox 443 3655 547 3715; x_wconf 82' lang='lat' dir='ltr'><strong>eutem</strong></span> <span class='ocrx_word' id='word_1_519' title='bbox 568 3651 604 3714; x_wconf 80' lang='lat' dir='ltr'><strong>iu</strong></span> <span class='ocrx_word' id='word_1_520' title='bbox 624 3649 725 3714; x_wconf 84' lang='lat' dir='ltr'><strong>medio</strong></span> <span class='ocrx_word' id='word_1_521' title='bbox 746 3649 844 3714; x_wconf 70' lang='lat' dir='ltr'><strong>cosae</strong></span> <span class='ocrx_word' id='word_1_522' title='bbox 865 3669 898 3714; x_wconf 84' lang='lat' dir='ltr'><strong>ce</strong></span> <span class='ocrx_word' id='word_1_523' title='bbox 915 3647 1062 3734; x_wconf 82' lang='lat' dir='ltr'><strong>chocob,</strong></span> <span class='ocrx_word' id='word_1_524' title='bbox 1085 3669 1194 3716; x_wconf 79' lang='lat' dir='ltr'><strong>nomen</strong></span> <span class='ocrx_word' id='word_1_525' title='bbox 1244 3648 1301 3716; x_wconf 89' lang='lat' dir='ltr'><strong>sed</strong></span> <span class='ocrx_word' id='word_1_526' title='bbox 1323 3651 1349 3714; x_wconf 92' lang='lat' dir='ltr'><strong>si</strong></span> <span class='ocrx_word' id='word_1_527' title='bbox 1373 3651 1493 3715; x_wconf 86' lang='lat' dir='ltr'><strong>fontem</strong></span> <span class='ocrx_word' id='word_1_528' title='bbox 1516 3650 1725 3734; x_wconf 77' lang='lat' dir='ltr'><strong>inspicimus,</strong></span> <span class='ocrx_word' id='word_1_529' title='bbox 1755 3670 1872 3732; x_wconf 90' lang='lat' dir='ltr'><strong>nempe</strong></span> <span class='ocrx_word' id='word_1_530' title='bbox 1894 3649 1979 3732; x_wconf 91' lang='lat' dir='ltr'><strong>quod</strong></span> <span class='ocrx_word' id='word_1_531' title='bbox 2002 3649 2073 3713; x_wconf 92' lang='lat' dir='ltr'><strong>Deo</strong></span> <span class='ocrx_word' id='word_1_532' title='bbox 2095 3656 2128 3712; x_wconf 90' lang='lat' dir='ltr'><strong>et</strong></span> <span class='ocrx_word' id='word_1_533' title='bbox 2149 3647 2219 3712; x_wconf 89' lang='lat' dir='ltr'><strong>eius</strong></span> 
     </span>
     <span class='ocr_line' id='line_1_38' title="bbox 218 3733 2217 3818; baseline -0.004 -16"><span class='ocrx_word' id='word_1_534' title='bbox 218 3742 307 3802; x_wconf 82' lang='lat' dir='ltr'><strong>tuum</strong></span> <span class='ocrx_word' id='word_1_535' title='bbox 336 3755 431 3816; x_wconf 79' lang='lat' dir='ltr'><strong>saper</strong></span> <span class='ocrx_word' id='word_1_536' title='bbox 452 3755 511 3801; x_wconf 80' lang='lat' dir='ltr'><strong>noe</strong></span> <span class='ocrx_word' id='word_1_537' title='bbox 540 3735 718 3801; x_wconf 79' lang='lat' dir='ltr'><strong>invocatum</strong></span> <span class='ocrx_word' id='word_1_538' title='bbox 739 3741 806 3800; x_wconf 71' lang='lat' dir='ltr'><strong>eutr</strong></span> <span class='ocrx_word' id='word_1_539' title='bbox 829 3754 900 3818; x_wconf 77' lang='lat' dir='ltr'><strong>erpo</strong></span> <span class='ocrx_word' id='word_1_540' title='bbox 920 3755 959 3799; x_wconf 81' lang='lat' dir='ltr'><strong>nc</strong></span> <span class='ocrx_word' id='word_1_541' title='bbox 980 3735 1107 3800; x_wconf 61' lang='lat' dir='ltr'><strong>&amp;sees</strong></span> <span class='ocrx_word' id='word_1_542' title='bbox 1127 3755 1192 3800; x_wconf 80' lang='lat' dir='ltr'><strong>noe.</strong></span> <span class='ocrx_word' id='word_1_543' title='bbox 1245 3735 1412 3816; x_wconf 89' lang='lat' dir='ltr'><strong>potentiae</strong></span> <span class='ocrx_word' id='word_1_544' title='bbox 1441 3733 1540 3801; x_wconf 84' lang='lat' dir='ltr'><strong>diffisi</strong></span> <span class='ocrx_word' id='word_1_545' title='bbox 1575 3735 1714 3802; x_wconf 89' lang='lat' dir='ltr'><strong>salutem</strong></span> <span class='ocrx_word' id='word_1_546' title='bbox 1745 3753 1837 3801; x_wconf 90' lang='lat' dir='ltr'><strong>suam</strong></span> <span class='ocrx_word' id='word_1_547' title='bbox 1869 3735 2075 3818; x_wconf 89' lang='lat' dir='ltr'><strong>reposuerint</strong></span> <span class='ocrx_word' id='word_1_548' title='bbox 2095 3734 2130 3798; x_wconf 90' lang='lat' dir='ltr'><strong>in</strong></span> <span class='ocrx_word' id='word_1_549' title='bbox 2152 3733 2217 3797; x_wconf 89' lang='lat' dir='ltr'><strong>Ac·</strong></span> 
     </span>
     <span class='ocr_line' id='line_1_39' title="bbox 216 3819 2218 3905; baseline -0.004 -17"><span class='ocrx_word' id='word_1_550' title='bbox 216 3822 314 3888; x_wconf 89' lang='lat' dir='ltr'><strong>Nune</strong></span> <span class='ocrx_word' id='word_1_551' title='bbox 336 3841 415 3904; x_wconf 88' lang='lat' dir='ltr'><strong>ergo</strong></span> <span class='ocrx_word' id='word_1_552' title='bbox 436 3820 587 3886; x_wconf 90' lang='lat' dir='ltr'><strong>videmus</strong></span> <span class='ocrx_word' id='word_1_553' title='bbox 608 3819 815 3904; x_wconf 90' lang='lat' dir='ltr'><strong>prophetam,</strong></span> <span class='ocrx_word' id='word_1_554' title='bbox 837 3820 947 3887; x_wconf 88' lang='lat' dir='ltr'><strong>valere</strong></span> <span class='ocrx_word' id='word_1_555' title='bbox 969 3821 1068 3886; x_wconf 88' lang='lat' dir='ltr'><strong>iussis</strong></span> <span class='ocrx_word' id='word_1_556' title='bbox 1091 3820 1193 3885; x_wconf 91' lang='lat' dir='ltr'><strong>omni·</strong></span> <span class='ocrx_word' id='word_1_557' title='bbox 1245 3820 1377 3905; x_wconf 85' lang='lat' dir='ltr'><strong>gyptiis,</strong></span> <span class='ocrx_word' id='word_1_558' title='bbox 1408 3820 1459 3886; x_wconf 91' lang='lat' dir='ltr'><strong>vei</strong></span> <span class='ocrx_word' id='word_1_559' title='bbox 1482 3820 1669 3898; x_wconf 74' lang='lat' dir='ltr'><strong>Chaldaeis,</strong></span> <span class='ocrx_word' id='word_1_560' title='bbox 1698 3820 1760 3887; x_wconf 89' lang='lat' dir='ltr'><strong>hoe</strong></span> <span class='ocrx_word' id='word_1_561' title='bbox 1783 3821 1844 3886; x_wconf 86' lang='lat' dir='ltr'><strong>luit</strong></span> <span class='ocrx_word' id='word_1_562' title='bbox 1866 3822 1964 3886; x_wconf 92' lang='lat' dir='ltr'><strong>nimis</strong></span> <span class='ocrx_word' id='word_1_563' title='bbox 1992 3819 2164 3904; x_wconf 88' lang='lat' dir='ltr'><strong>indignum</strong></span> <span class='ocrx_word' id='word_1_564' title='bbox 2186 3828 2218 3882; x_wconf 92' lang='lat' dir='ltr'><strong>et</strong></span> 
     </span>
     <span class='ocr_line' id='line_1_40' title="bbox 217 3903 2218 3992; baseline -0.002 -19"><span class='ocrx_word' id='word_1_565' title='bbox 217 3907 277 3974; x_wconf 90' lang='lat' dir='ltr'><strong>bue</strong></span> <span class='ocrx_word' id='word_1_566' title='bbox 307 3906 380 3972; x_wconf 90' lang='lat' dir='ltr'><strong>aliie</strong></span> <span class='ocrx_word' id='word_1_567' title='bbox 411 3905 612 3987; x_wconf 90' lang='lat' dir='ltr'><strong>rationibus,</strong></span> <span class='ocrx_word' id='word_1_568' title='bbox 646 3914 773 3972; x_wconf 89' lang='lat' dir='ltr'><strong>tantum</strong></span> <span class='ocrx_word' id='word_1_569' title='bbox 806 3906 982 3990; x_wconf 86' lang='lat' dir='ltr'><strong>coningere</strong></span> <span class='ocrx_word' id='word_1_570' title='bbox 1011 3906 1050 3971; x_wconf 89' lang='lat' dir='ltr'><strong>ad</strong></span> <span class='ocrx_word' id='word_1_571' title='bbox 1081 3906 1192 3972; x_wconf 83' lang='lat' dir='ltr'><strong>foedus</strong></span> <span class='ocrx_word' id='word_1_572' title='bbox 1243 3905 1448 3971; x_wconf 89' lang='lat' dir='ltr'><strong>intolerabile</strong></span> <span class='ocrx_word' id='word_1_573' title='bbox 1470 3907 1688 3992; x_wconf 85' lang='lat' dir='ltr'><strong>sacrilegium.</strong></span> <span class='ocrx_word' id='word_1_574' title='bbox 1724 3905 1908 3971; x_wconf 88' lang='lat' dir='ltr'><strong>Infidelitae</strong></span> <span class='ocrx_word' id='word_1_575' title='bbox 1928 3907 2029 3990; x_wconf 88' lang='lat' dir='ltr'><strong>igitur</strong></span> <span class='ocrx_word' id='word_1_576' title='bbox 2051 3903 2105 3971; x_wconf 92' lang='lat' dir='ltr'><strong>hie</strong></span> <span class='ocrx_word' id='word_1_577' title='bbox 2127 3903 2218 3969; x_wconf 89' lang='lat' dir='ltr'><strong>dam·</strong></span> 
     </span>
     <span class='ocr_line' id='line_1_41' title="bbox 216 3990 2221 4077; baseline 0 -21"><span class='ocrx_word' id='word_1_578' title='bbox 216 3992 282 4058; x_wconf 88' lang='lat' dir='ltr'><strong>Dei</strong></span> <span class='ocrx_word' id='word_1_579' title='bbox 305 3993 497 4077; x_wconf 88' lang='lat' dir='ltr'><strong>gratuitum,</strong></span> <span class='ocrx_word' id='word_1_580' title='bbox 519 4000 553 4057; x_wconf 89' lang='lat' dir='ltr'><strong>et</strong></span> <span class='ocrx_word' id='word_1_581' title='bbox 574 3991 762 4058; x_wconf 90' lang='lat' dir='ltr'><strong>recumbere</strong></span> <span class='ocrx_word' id='word_1_582' title='bbox 785 3991 819 4056; x_wconf 92' lang='lat' dir='ltr'><strong>in</strong></span> <span class='ocrx_word' id='word_1_583' title='bbox 835 3992 904 4056; x_wconf 88' lang='lat' dir='ltr'><strong>eius</strong></span> <span class='ocrx_word' id='word_1_584' title='bbox 920 3991 1192 4057; x_wconf 88' lang='lat' dir='ltr'><strong>misericordiam:</strong></span> <span class='ocrx_word' id='word_1_585' title='bbox 1244 4001 1359 4069; x_wconf 86' lang='lat' dir='ltr'><strong>natur,</strong></span> <span class='ocrx_word' id='word_1_586' title='bbox 1394 3991 1470 4075; x_wconf 90' lang='lat' dir='ltr'><strong>quia</strong></span> <span class='ocrx_word' id='word_1_587' title='bbox 1498 3991 1612 4058; x_wconf 89' lang='lat' dir='ltr'><strong>Iudaei</strong></span> <span class='ocrx_word' id='word_1_588' title='bbox 1642 3992 1990 4074; x_wconf 86' lang='lat' dir='ltr'><strong>circumspectaverint</strong></span> <span class='ocrx_word' id='word_1_589' title='bbox 2019 3990 2060 4056; x_wconf 91' lang='lat' dir='ltr'><strong>ad</strong></span> <span class='ocrx_word' id='word_1_590' title='bbox 2090 3990 2221 4056; x_wconf 88' lang='lat' dir='ltr'><strong>diversa</strong></span> 
     </span>
     <span class='ocr_line' id='line_1_42' title="bbox 219 4075 2221 4161; baseline -0.001 -16"><span class='ocrx_word' id='word_1_591' title='bbox 219 4079 270 4145; x_wconf 80' lang='lat' dir='ltr'><strong>Tu</strong></span> <span class='ocrx_word' id='word_1_592' title='bbox 298 4099 346 4158; x_wconf 87' lang='lat' dir='ltr'><strong>es,</strong></span> <span class='ocrx_word' id='word_1_593' title='bbox 378 4077 504 4161; x_wconf 87' lang='lat' dir='ltr'><strong>inquit,</strong></span> <span class='ocrx_word' id='word_1_594' title='bbox 536 4078 570 4142; x_wconf 81' lang='lat' dir='ltr'><strong>ia</strong></span> <span class='ocrx_word' id='word_1_595' title='bbox 603 4078 705 4144; x_wconf 82' lang='lat' dir='ltr'><strong>medio</strong></span> <span class='ocrx_word' id='word_1_596' title='bbox 737 4077 848 4144; x_wconf 80' lang='lat' dir='ltr'><strong>nostri.</strong></span> <span class='ocrx_word' id='word_1_597' title='bbox 901 4075 992 4142; x_wconf 85' lang='lat' dir='ltr'><strong>Deus</strong></span> <span class='ocrx_word' id='word_1_598' title='bbox 1021 4097 1056 4143; x_wconf 90' lang='lat' dir='ltr'><strong>se</strong></span> <span class='ocrx_word' id='word_1_599' title='bbox 1084 4079 1192 4160; x_wconf 91' lang='lat' dir='ltr'><strong>ipsum</strong></span> <span class='ocrx_word' id='word_1_600' title='bbox 1244 4077 1403 4143; x_wconf 89' lang='lat' dir='ltr'><strong>subsidia:</strong></span> <span class='ocrx_word' id='word_1_601' title='bbox 1426 4079 1551 4143; x_wconf 89' lang='lat' dir='ltr'><strong>interea</strong></span> <span class='ocrx_word' id='word_1_602' title='bbox 1574 4079 1647 4144; x_wconf 90' lang='lat' dir='ltr'><strong>Deo</strong></span> <span class='ocrx_word' id='word_1_603' title='bbox 1669 4077 1752 4143; x_wconf 92' lang='lat' dir='ltr'><strong>nihil</strong></span> <span class='ocrx_word' id='word_1_604' title='bbox 1774 4078 1911 4142; x_wconf 82' lang='lat' dir='ltr'><strong>feceriut</strong></span> <span class='ocrx_word' id='word_1_605' title='bbox 1933 4075 2111 4142; x_wconf 86' lang='lat' dir='ltr'><strong>residuum.</strong></span> <span class='ocrx_word' id='word_1_606' title='bbox 2155 4076 2221 4143; x_wconf 90' lang='lat' dir='ltr'><strong>Hic</strong></span> 
     </span>
     <span class='ocr_line' id='line_1_43' title="bbox 219 4161 2219 4250; baseline -0.002 -20"><span class='ocrx_word' id='word_1_607' title='bbox 219 4165 422 4250; x_wconf 80' lang='lat' dir='ltr'><strong>obligaverat</strong></span> <span class='ocrx_word' id='word_1_608' title='bbox 473 4172 545 4228; x_wconf 87' lang='lat' dir='ltr'><strong>aeto</strong></span> <span class='ocrx_word' id='word_1_609' title='bbox 574 4184 648 4230; x_wconf 89' lang='lat' dir='ltr'><strong>suo:</strong></span> <span class='ocrx_word' id='word_1_610' title='bbox 684 4183 779 4228; x_wconf 90' lang='lat' dir='ltr'><strong>nemo</strong></span> <span class='ocrx_word' id='word_1_611' title='bbox 801 4163 888 4228; x_wconf 89' lang='lat' dir='ltr'><strong>enim</strong></span> <span class='ocrx_word' id='word_1_612' title='bbox 913 4170 1018 4245; x_wconf 92' lang='lat' dir='ltr'><strong>potest</strong></span> <span class='ocrx_word' id='word_1_613' title='bbox 1039 4183 1112 4227; x_wconf 89' lang='lat' dir='ltr'><strong>eum</strong></span> <span class='ocrx_word' id='word_1_614' title='bbox 1137 4164 1192 4227; x_wconf 92' lang='lat' dir='ltr'><strong>ob·</strong></span> <span class='ocrx_word' id='word_1_615' title='bbox 1244 4173 1354 4227; x_wconf 90' lang='lat' dir='ltr'><strong>autem</strong></span> <span class='ocrx_word' id='word_1_616' title='bbox 1376 4162 1469 4229; x_wconf 88' lang='lat' dir='ltr'><strong>loeus</strong></span> <span class='ocrx_word' id='word_1_617' title='bbox 1491 4163 1667 4228; x_wconf 88' lang='lat' dir='ltr'><strong>observatu</strong></span> <span class='ocrx_word' id='word_1_618' title='bbox 1689 4163 1810 4246; x_wconf 89' lang='lat' dir='ltr'><strong>dignus</strong></span> <span class='ocrx_word' id='word_1_619' title='bbox 1832 4175 1898 4247; x_wconf 86' lang='lat' dir='ltr'><strong>eet,</strong></span> <span class='ocrx_word' id='word_1_620' title='bbox 1928 4164 2004 4247; x_wconf 88' lang='lat' dir='ltr'><strong>quia</strong></span> <span class='ocrx_word' id='word_1_621' title='bbox 2032 4161 2219 4245; x_wconf 86' lang='lat' dir='ltr'><strong>depingitur</strong></span> 
     </span>
     <span class='ocr_line' id='line_1_44' title="bbox 218 4247 2220 4334; baseline -0.001 -20"><span class='ocrx_word' id='word_1_622' title='bbox 218 4250 388 4334; x_wconf 86' lang='lat' dir='ltr'><strong>stringere.</strong></span> <span class='ocrx_word' id='word_1_623' title='bbox 479 4248 588 4326; x_wconf 90' lang='lat' dir='ltr'><strong>einde,</strong></span> <span class='ocrx_word' id='word_1_624' title='bbox 629 4249 749 4315; x_wconf 83' lang='lat' dir='ltr'><strong>Nemea</strong></span> <span class='ocrx_word' id='word_1_625' title='bbox 782 4249 850 4314; x_wconf 76' lang='lat' dir='ltr'><strong>eiua</strong></span> <span class='ocrx_word' id='word_1_626' title='bbox 880 4247 1081 4314; x_wconf 67' lang='lat' dir='ltr'><strong>tanaceta</strong></span> <span class='ocrx_word' id='word_1_627' title='bbox 1115 4247 1191 4314; x_wconf 78' lang='lat' dir='ltr'><strong>illic.</strong></span> <span class='ocrx_word' id='word_1_628' title='bbox 1244 4249 1337 4313; x_wconf 90' lang='lat' dir='ltr'><strong>nobis</strong></span> <span class='ocrx_word' id='word_1_629' title='bbox 1371 4247 1411 4313; x_wconf 88' lang='lat' dir='ltr'><strong>ad</strong></span> <span class='ocrx_word' id='word_1_630' title='bbox 1446 4251 1559 4314; x_wconf 88' lang='lat' dir='ltr'><strong>vivum</strong></span> <span class='ocrx_word' id='word_1_631' title='bbox 1594 4248 1778 4314; x_wconf 85' lang='lat' dir='ltr'><strong>infidelitas.</strong></span> <span class='ocrx_word' id='word_1_632' title='bbox 1835 4247 1971 4315; x_wconf 88' lang='lat' dir='ltr'><strong>Oertum</strong></span> <span class='ocrx_word' id='word_1_633' title='bbox 2005 4247 2137 4331; x_wconf 89' lang='lat' dir='ltr'><strong>quidem</strong></span> <span class='ocrx_word' id='word_1_634' title='bbox 2171 4257 2220 4313; x_wconf 90' lang='lat' dir='ltr'><strong>eet</strong></span> 
     </span>
     <span class='ocr_line' id='line_1_45' title="bbox 219 4333 2219 4420; baseline -0.003 -18"><span class='ocrx_word' id='word_1_635' title='bbox 219 4339 273 4403; x_wconf 82' lang='lat' dir='ltr'><strong>An</strong></span> <span class='ocrx_word' id='word_1_636' title='bbox 307 4335 447 4420; x_wconf 89' lang='lat' dir='ltr'><strong>populus</strong></span> <span class='ocrx_word' id='word_1_637' title='bbox 479 4334 601 4416; x_wconf 88' lang='lat' dir='ltr'><strong>aliquid</strong></span> <span class='ocrx_word' id='word_1_638' title='bbox 633 4337 754 4400; x_wconf 90' lang='lat' dir='ltr'><strong>iactare</strong></span> <span class='ocrx_word' id='word_1_639' title='bbox 785 4342 913 4417; x_wconf 91' lang='lat' dir='ltr'><strong>poterat</strong></span> <span class='ocrx_word' id='word_1_640' title='bbox 942 4355 1038 4400; x_wconf 88' lang='lat' dir='ltr'><strong>sunm</strong></span> <span class='ocrx_word' id='word_1_641' title='bbox 1067 4334 1101 4398; x_wconf 93' lang='lat' dir='ltr'><strong>in</strong></span> <span class='ocrx_word' id='word_1_642' title='bbox 1131 4335 1192 4400; x_wconf 91' lang='lat' dir='ltr'><strong>hae</strong></span> <span class='ocrx_word' id='word_1_643' title='bbox 1244 4333 1342 4399; x_wconf 91' lang='lat' dir='ltr'><strong>etiam</strong></span> <span class='ocrx_word' id='word_1_644' title='bbox 1366 4333 1449 4400; x_wconf 87' lang='lat' dir='ltr'><strong>filios</strong></span> <span class='ocrx_word' id='word_1_645' title='bbox 1472 4333 1536 4399; x_wconf 93' lang='lat' dir='ltr'><strong>Dei</strong></span> <span class='ocrx_word' id='word_1_646' title='bbox 1559 4354 1624 4399; x_wconf 92' lang='lat' dir='ltr'><strong>non</strong></span> <span class='ocrx_word' id='word_1_647' title='bbox 1651 4354 1722 4400; x_wconf 88' lang='lat' dir='ltr'><strong>esee</strong></span> <span class='ocrx_word' id='word_1_648' title='bbox 1749 4335 1797 4400; x_wconf 89' lang='lat' dir='ltr'><strong>ita</strong></span> <span class='ocrx_word' id='word_1_649' title='bbox 1823 4333 2034 4418; x_wconf 87' lang='lat' dir='ltr'><strong>tranquillos,</strong></span> <span class='ocrx_word' id='word_1_650' title='bbox 2068 4341 2105 4398; x_wconf 89' lang='lat' dir='ltr'><strong>ut</strong></span> <span class='ocrx_word' id='word_1_651' title='bbox 2134 4355 2219 4399; x_wconf 86' lang='lat' dir='ltr'><strong>nun·</strong></span> 
     </span>
     <span class='ocr_line' id='line_1_46' title="bbox 218 4419 2219 4503; baseline -0.002 -15"><span class='ocrx_word' id='word_1_652' title='bbox 218 4420 448 4489; x_wconf 81' lang='lat' dir='ltr'><strong>invocatione?</strong></span> <span class='ocrx_word' id='word_1_653' title='bbox 472 4421 616 4495; x_wconf 87' lang='lat' dir='ltr'><strong>minime,</strong></span> <span class='ocrx_word' id='word_1_654' title='bbox 638 4422 694 4486; x_wconf 90' lang='lat' dir='ltr'><strong>sed</strong></span> <span class='ocrx_word' id='word_1_655' title='bbox 717 4421 880 4486; x_wconf 87' lang='lat' dir='ltr'><strong>invocatio</strong></span> <span class='ocrx_word' id='word_1_656' title='bbox 898 4421 996 4484; x_wconf 90' lang='lat' dir='ltr'><strong>etiam</strong></span> <span class='ocrx_word' id='word_1_657' title='bbox 1014 4439 1033 4482; x_wconf 87' lang='lat' dir='ltr'><strong>a</strong></span> <span class='ocrx_word' id='word_1_658' title='bbox 1051 4420 1192 4503; x_wconf 89' lang='lat' dir='ltr'><strong>gratuito</strong></span> <span class='ocrx_word' id='word_1_659' title='bbox 1245 4439 1343 4503; x_wconf 91' lang='lat' dir='ltr'><strong>quam</strong></span> <span class='ocrx_word' id='word_1_660' title='bbox 1366 4419 1428 4485; x_wconf 90' lang='lat' dir='ltr'><strong>sibi</strong></span> <span class='ocrx_word' id='word_1_661' title='bbox 1458 4429 1625 4499; x_wconf 90' lang='lat' dir='ltr'><strong>metuant,</strong></span> <span class='ocrx_word' id='word_1_662' title='bbox 1659 4439 1726 4485; x_wconf 91' lang='lat' dir='ltr'><strong>non</strong></span> <span class='ocrx_word' id='word_1_663' title='bbox 1760 4421 1827 4485; x_wconf 84' lang='lat' dir='ltr'><strong>sint</strong></span> <span class='ocrx_word' id='word_1_664' title='bbox 1859 4420 2005 4497; x_wconf 86' lang='lat' dir='ltr'><strong>solliciti,</strong></span> <span class='ocrx_word' id='word_1_665' title='bbox 2039 4419 2094 4484; x_wconf 85' lang='lat' dir='ltr'><strong>vel</strong></span> <span class='ocrx_word' id='word_1_666' title='bbox 2118 4419 2219 4497; x_wconf 90' lang='lat' dir='ltr'><strong>anxii,</strong></span> 
     </span>
     <span class='ocr_line' id='line_1_47' title="bbox 217 4503 2218 4591; baseline -0.003 -17"><span class='ocrx_word' id='word_1_667' title='bbox 217 4509 346 4575; x_wconf 78' lang='lat' dir='ltr'><strong>foedere</strong></span> <span class='ocrx_word' id='word_1_668' title='bbox 374 4505 549 4591; x_wconf 88' lang='lat' dir='ltr'><strong>pendebat.</strong></span> <span class='ocrx_word' id='word_1_669' title='bbox 601 4505 709 4586; x_wconf 76' lang='lat' dir='ltr'><strong>Quum</strong></span> <span class='ocrx_word' id='word_1_670' title='bbox 741 4525 820 4590; x_wconf 87' lang='lat' dir='ltr'><strong>ergo</strong></span> <span class='ocrx_word' id='word_1_671' title='bbox 848 4505 1007 4588; x_wconf 89' lang='lat' dir='ltr'><strong>propheta</strong></span> <span class='ocrx_word' id='word_1_672' title='bbox 1040 4505 1192 4570; x_wconf 90' lang='lat' dir='ltr'><strong>abieesrit</strong></span> <span class='ocrx_word' id='word_1_673' title='bbox 1244 4505 1328 4570; x_wconf 91' lang='lat' dir='ltr'><strong>nihil</strong></span> <span class='ocrx_word' id='word_1_674' title='bbox 1349 4507 1483 4590; x_wconf 89' lang='lat' dir='ltr'><strong>perieuli</strong></span> <span class='ocrx_word' id='word_1_675' title='bbox 1507 4506 1719 4572; x_wconf 88' lang='lat' dir='ltr'><strong>exhorreant:</strong></span> <span class='ocrx_word' id='word_1_676' title='bbox 1742 4507 1800 4572; x_wconf 92' lang='lat' dir='ltr'><strong>eed</strong></span> <span class='ocrx_word' id='word_1_677' title='bbox 1815 4512 1926 4571; x_wconf 90' lang='lat' dir='ltr'><strong>tamen</strong></span> <span class='ocrx_word' id='word_1_678' title='bbox 1942 4507 2093 4590; x_wconf 90' lang='lat' dir='ltr'><strong>quamvis</strong></span> <span class='ocrx_word' id='word_1_679' title='bbox 2107 4503 2218 4570; x_wconf 88' lang='lat' dir='ltr'><strong>fideles</strong></span> 
     </span>
     <span class='ocr_line' id='line_1_48' title="bbox 217 4589 2218 4677; baseline -0.003 -17"><span class='ocrx_word' id='word_1_680' title='bbox 217 4614 347 4660; x_wconf 89' lang='lat' dir='ltr'><strong>omnem</strong></span> <span class='ocrx_word' id='word_1_681' title='bbox 377 4613 512 4676; x_wconf 89' lang='lat' dir='ltr'><strong>operum</strong></span> <span class='ocrx_word' id='word_1_682' title='bbox 542 4589 743 4677; x_wconf 87' lang='lat' dir='ltr'><strong>dignitatem,</strong></span> <span class='ocrx_word' id='word_1_683' title='bbox 773 4601 808 4656; x_wconf 94' lang='lat' dir='ltr'><strong>et</strong></span> <span class='ocrx_word' id='word_1_684' title='bbox 829 4591 1086 4657; x_wconf 83' lang='lat' dir='ltr'><strong>satisfactionum</strong></span> <span class='ocrx_word' id='word_1_685' title='bbox 1110 4590 1192 4655; x_wconf 90' lang='lat' dir='ltr'><strong>fidu·</strong></span> <span class='ocrx_word' id='word_1_686' title='bbox 1244 4590 1441 4658; x_wconf 80' lang='lat' dir='ltr'><strong>conturbent</strong></span> <span class='ocrx_word' id='word_1_687' title='bbox 1462 4593 1585 4657; x_wconf 92' lang='lat' dir='ltr'><strong>multae</strong></span> <span class='ocrx_word' id='word_1_688' title='bbox 1607 4591 1858 4675; x_wconf 90' lang='lat' dir='ltr'><strong>inquietudines,</strong></span> <span class='ocrx_word' id='word_1_689' title='bbox 1880 4603 1911 4657; x_wconf 90' lang='lat' dir='ltr'><strong>et</strong></span> <span class='ocrx_word' id='word_1_690' title='bbox 1927 4613 2034 4669; x_wconf 90' lang='lat' dir='ltr'><strong>curae,</strong></span> <span class='ocrx_word' id='word_1_691' title='bbox 2058 4601 2091 4655; x_wconf 98' lang='lat' dir='ltr'><strong>et</strong></span> <span class='ocrx_word' id='word_1_692' title='bbox 2106 4591 2218 4655; x_wconf 89' lang='lat' dir='ltr'><strong>anxie·</strong></span> 
     </span>
     <span class='ocr_line' id='line_1_49' title="bbox 217 4675 2218 4762; baseline -0.004 -17"><span class='ocrx_word' id='word_1_693' title='bbox 217 4682 310 4758; x_wconf 89' lang='lat' dir='ltr'><strong>eiam,</strong></span> <span class='ocrx_word' id='word_1_694' title='bbox 339 4699 442 4762; x_wconf 91' lang='lat' dir='ltr'><strong>neque</strong></span> <span class='ocrx_word' id='word_1_695' title='bbox 466 4677 556 4743; x_wconf 89' lang='lat' dir='ltr'><strong>aliud</strong></span> <span class='ocrx_word' id='word_1_696' title='bbox 580 4677 746 4744; x_wconf 90' lang='lat' dir='ltr'><strong>residuum</strong></span> <span class='ocrx_word' id='word_1_697' title='bbox 770 4677 830 4743; x_wconf 89' lang='lat' dir='ltr'><strong>sibi</strong></span> <span class='ocrx_word' id='word_1_698' title='bbox 854 4677 978 4761; x_wconf 79' lang='lat' dir='ltr'><strong>feeerit,</strong></span> <span class='ocrx_word' id='word_1_699' title='bbox 1007 4697 1102 4760; x_wconf 89' lang='lat' dir='ltr'><strong>quam</strong></span> <span class='ocrx_word' id='word_1_700' title='bbox 1127 4675 1191 4741; x_wconf 91' lang='lat' dir='ltr'><strong>Dei</strong></span> <span class='ocrx_word' id='word_1_701' title='bbox 1244 4685 1338 4754; x_wconf 87' lang='lat' dir='ltr'><strong>tates,</strong></span> <span class='ocrx_word' id='word_1_702' title='bbox 1369 4687 1402 4742; x_wconf 93' lang='lat' dir='ltr'><strong>et</strong></span> <span class='ocrx_word' id='word_1_703' title='bbox 1423 4687 1548 4760; x_wconf 90' lang='lat' dir='ltr'><strong>metus,</strong></span> <span class='ocrx_word' id='word_1_704' title='bbox 1576 4676 1669 4744; x_wconf 90' lang='lat' dir='ltr'><strong>Deus</strong></span> <span class='ocrx_word' id='word_1_705' title='bbox 1691 4685 1804 4743; x_wconf 88' lang='lat' dir='ltr'><strong>tamen</strong></span> <span class='ocrx_word' id='word_1_706' title='bbox 1826 4700 1955 4761; x_wconf 89' lang='lat' dir='ltr'><strong>semper</strong></span> <span class='ocrx_word' id='word_1_707' title='bbox 1976 4679 2064 4761; x_wconf 90' lang='lat' dir='ltr'><strong>ipsos</strong></span> <span class='ocrx_word' id='word_1_708' title='bbox 2087 4676 2218 4754; x_wconf 90' lang='lat' dir='ltr'><strong>retinet,</strong></span> 
     </span>
     <span class='ocr_line' id='line_1_50' title="bbox 216 4761 2218 4850; baseline -0.003 -20"><span class='ocrx_word' id='word_1_709' title='bbox 216 4764 486 4850; x_wconf 89' lang='lat' dir='ltr'><strong>promissionem,</strong></span> <span class='ocrx_word' id='word_1_710' title='bbox 529 4785 612 4847; x_wconf 89' lang='lat' dir='ltr'><strong>qnae</strong></span> <span class='ocrx_word' id='word_1_711' title='bbox 645 4766 743 4828; x_wconf 87' lang='lat' dir='ltr'><strong>etiarn</strong></span> <span class='ocrx_word' id='word_1_712' title='bbox 778 4765 851 4847; x_wconf 89' lang='lat' dir='ltr'><strong>ipsa</strong></span> <span class='ocrx_word' id='word_1_713' title='bbox 885 4763 1022 4828; x_wconf 85' lang='lat' dir='ltr'><strong>fundata</strong></span> <span class='ocrx_word' id='word_1_714' title='bbox 1054 4769 1125 4827; x_wconf 89' lang='lat' dir='ltr'><strong>erat</strong></span> <span class='ocrx_word' id='word_1_715' title='bbox 1157 4764 1192 4826; x_wconf 94' lang='lat' dir='ltr'><strong>in</strong></span> <span class='ocrx_word' id='word_1_716' title='bbox 1244 4771 1277 4827; x_wconf 91' lang='lat' dir='ltr'><strong>et</strong></span> <span class='ocrx_word' id='word_1_717' title='bbox 1298 4765 1387 4828; x_wconf 90' lang='lat' dir='ltr'><strong>intus</strong></span> <span class='ocrx_word' id='word_1_718' title='bbox 1410 4762 1485 4829; x_wconf 90' lang='lat' dir='ltr'><strong>fidei</strong></span> <span class='ocrx_word' id='word_1_719' title='bbox 1509 4761 1656 4828; x_wconf 88' lang='lat' dir='ltr'><strong>soliditas</strong></span> <span class='ocrx_word' id='word_1_720' title='bbox 1678 4764 1772 4830; x_wconf 90' lang='lat' dir='ltr'><strong>salva</strong></span> <span class='ocrx_word' id='word_1_721' title='bbox 1794 4770 1853 4845; x_wconf 89' lang='lat' dir='ltr'><strong>cst,</strong></span> <span class='ocrx_word' id='word_1_722' title='bbox 1876 4765 2026 4847; x_wconf 90' lang='lat' dir='ltr'><strong>quamvis</strong></span> <span class='ocrx_word' id='word_1_723' title='bbox 2049 4763 2218 4843; x_wconf 89' lang='lat' dir='ltr'><strong>contingat</strong></span> 
     </span>
     <span class='ocr_line' id='line_1_51' title="bbox 276 4844 2217 4934; baseline -0.004 -17"><span class='ocrx_word' id='word_1_724' title='bbox 276 4853 361 4917; x_wconf 91' lang='lat' dir='ltr'><strong>tuito</strong></span> <span class='ocrx_word' id='word_1_725' title='bbox 383 4850 446 4916; x_wconf 93' lang='lat' dir='ltr'><strong>Dei</strong></span> <span class='ocrx_word' id='word_1_726' title='bbox 476 4851 694 4934; x_wconf 88' lang='lat' dir='ltr'><strong>beneplacito:</strong></span> <span class='ocrx_word' id='word_1_727' title='bbox 724 4847 886 4915; x_wconf 90' lang='lat' dir='ltr'><strong>diseamus</strong></span> <span class='ocrx_word' id='word_1_728' title='bbox 907 4848 1033 4933; x_wconf 90' lang='lat' dir='ltr'><strong>quoties</strong></span> <span class='ocrx_word' id='word_1_729' title='bbox 1056 4869 1192 4914; x_wconf 87' lang='lat' dir='ltr'><strong>exorare</strong></span> <span class='ocrx_word' id='word_1_730' title='bbox 1244 4849 1330 4932; x_wconf 93' lang='lat' dir='ltr'><strong>ipsos</strong></span> <span class='ocrx_word' id='word_1_731' title='bbox 1356 4849 1392 4912; x_wconf 91' lang='lat' dir='ltr'><strong>in</strong></span> <span class='ocrx_word' id='word_1_732' title='bbox 1423 4850 1563 4931; x_wconf 90' lang='lat' dir='ltr'><strong>speeiem</strong></span> <span class='ocrx_word' id='word_1_733' title='bbox 1592 4869 1656 4914; x_wconf 92' lang='lat' dir='ltr'><strong>non</strong></span> <span class='ocrx_word' id='word_1_734' title='bbox 1687 4857 1817 4914; x_wconf 88' lang='lat' dir='ltr'><strong>tantum</strong></span> <span class='ocrx_word' id='word_1_735' title='bbox 1849 4850 1995 4925; x_wconf 88' lang='lat' dir='ltr'><strong>concuti,</strong></span> <span class='ocrx_word' id='word_1_736' title='bbox 2027 4844 2085 4912; x_wconf 90' lang='lat' dir='ltr'><strong>esd</strong></span> <span class='ocrx_word' id='word_1_737' title='bbox 2118 4845 2217 4911; x_wconf 90' lang='lat' dir='ltr'><strong>etiam</strong></span> 
     </span>
     <span class='ocr_line' id='line_1_52' title="bbox 215 4871 2215 5021; baseline -0.004 -17"><span class='ocrx_word' id='word_1_738' title='bbox 215 4871 325 5004; x_wconf 57' lang='lat' dir='ltr'><strong>genum</strong></span> <span class='ocrx_word' id='word_1_739' title='bbox 349 4937 510 5021; x_wconf 87' lang='lat' dir='ltr'><strong>cupimus,</strong></span> <span class='ocrx_word' id='word_1_740' title='bbox 536 4957 600 5001; x_wconf 91' lang='lat' dir='ltr'><strong>non</strong></span> <span class='ocrx_word' id='word_1_741' title='bbox 623 4935 772 5021; x_wconf 82' lang='lat' dir='ltr'><strong>ingerere</strong></span> <span class='ocrx_word' id='word_1_742' title='bbox 794 4946 923 5001; x_wconf 89' lang='lat' dir='ltr'><strong>nostras</strong></span> <span class='ocrx_word' id='word_1_743' title='bbox 945 4935 1190 5010; x_wconf 83' lang='lat' dir='ltr'><strong>satisfactiones,</strong></span> <span class='ocrx_word' id='word_1_744' title='bbox 1243 4935 1384 5000; x_wconf 88' lang='lat' dir='ltr'><strong>titubare</strong></span> <span class='ocrx_word' id='word_1_745' title='bbox 1406 4934 1460 4998; x_wconf 86' lang='lat' dir='ltr'><strong>vel</strong></span> <span class='ocrx_word' id='word_1_746' title='bbox 1483 4933 1654 5002; x_wconf 89' lang='lat' dir='ltr'><strong>labaseere.</strong></span> <span class='ocrx_word' id='word_1_747' title='bbox 1688 4933 1756 5002; x_wconf 79' lang='lat' dir='ltr'><strong>Sed</strong></span> <span class='ocrx_word' id='word_1_748' title='bbox 1779 4935 1870 5002; x_wconf 92' lang='lat' dir='ltr'><strong>Deus</strong></span> <span class='ocrx_word' id='word_1_749' title='bbox 1893 4937 2010 5000; x_wconf 87' lang='lat' dir='ltr'><strong>iustam</strong></span> <span class='ocrx_word' id='word_1_750' title='bbox 2034 4931 2215 4997; x_wconf 90' lang='lat' dir='ltr'><strong>mercedem</strong></span> 
     </span>
     <span class='ocr_line' id='line_1_53' title="bbox 216 5019 2217 5107; baseline -0.003 -18"><span class='ocrx_word' id='word_1_751' title='bbox 216 5045 299 5107; x_wconf 89' lang='lat' dir='ltr'><strong>quae</strong></span> <span class='ocrx_word' id='word_1_752' title='bbox 331 5042 422 5088; x_wconf 88' lang='lat' dir='ltr'><strong>mera</strong></span> <span class='ocrx_word' id='word_1_753' title='bbox 454 5025 533 5090; x_wconf 87' lang='lat' dir='ltr'><strong>sunt</strong></span> <span class='ocrx_word' id='word_1_754' title='bbox 563 5031 718 5102; x_wconf 89' lang='lat' dir='ltr'><strong>stercora,</strong></span> <span class='ocrx_word' id='word_1_755' title='bbox 750 5029 784 5087; x_wconf 92' lang='lat' dir='ltr'><strong>et</strong></span> <span class='ocrx_word' id='word_1_756' title='bbox 812 5021 936 5086; x_wconf 82' lang='lat' dir='ltr'><strong>foetent</strong></span> <span class='ocrx_word' id='word_1_757' title='bbox 965 5041 1072 5087; x_wconf 90' lang='lat' dir='ltr'><strong>eoram</strong></span> <span class='ocrx_word' id='word_1_758' title='bbox 1103 5019 1191 5086; x_wconf 89' lang='lat' dir='ltr'><strong>Deo:</strong></span> <span class='ocrx_word' id='word_1_759' title='bbox 1243 5019 1390 5103; x_wconf 89' lang='lat' dir='ltr'><strong>repondit</strong></span> <span class='ocrx_word' id='word_1_760' title='bbox 1424 5020 1615 5101; x_wconf 88' lang='lat' dir='ltr'><strong>incredulis,</strong></span> <span class='ocrx_word' id='word_1_761' title='bbox 1655 5021 1710 5105; x_wconf 89' lang='lat' dir='ltr'><strong>qui</strong></span> <span class='ocrx_word' id='word_1_762' title='bbox 1743 5020 1902 5106; x_wconf 85' lang='lat' dir='ltr'><strong>derogant</strong></span> <span class='ocrx_word' id='word_1_763' title='bbox 1934 5020 2004 5085; x_wconf 88' lang='lat' dir='ltr'><strong>eine</strong></span> <span class='ocrx_word' id='word_1_764' title='bbox 2042 5019 2217 5104; x_wconf 90' lang='lat' dir='ltr'><strong>potentiae,</strong></span> 
     </span>
     <span class='ocr_line' id='line_1_54' title="bbox 216 5103 2217 5192; baseline -0.003 -17"><span class='ocrx_word' id='word_1_765' title='bbox 216 5109 273 5176; x_wconf 91' lang='lat' dir='ltr'><strong>sed</strong></span> <span class='ocrx_word' id='word_1_766' title='bbox 302 5107 441 5175; x_wconf 87' lang='lat' dir='ltr'><strong>obiicere</strong></span> <span class='ocrx_word' id='word_1_767' title='bbox 471 5112 603 5174; x_wconf 91' lang='lat' dir='ltr'><strong>tantum</strong></span> <span class='ocrx_word' id='word_1_768' title='bbox 631 5108 680 5174; x_wconf 91' lang='lat' dir='ltr'><strong>illi</strong></span> <span class='ocrx_word' id='word_1_769' title='bbox 710 5128 828 5173; x_wconf 91' lang='lat' dir='ltr'><strong>nomen</strong></span> <span class='ocrx_word' id='word_1_770' title='bbox 851 5127 966 5185; x_wconf 85' lang='lat' dir='ltr'><strong>suum,</strong></span> <span class='ocrx_word' id='word_1_771' title='bbox 997 5115 1031 5172; x_wconf 93' lang='lat' dir='ltr'><strong>et</strong></span> <span class='ocrx_word' id='word_1_772' title='bbox 1053 5108 1192 5190; x_wconf 92' lang='lat' dir='ltr'><strong>promis·</strong></span> <span class='ocrx_word' id='word_1_773' title='bbox 1243 5105 1322 5171; x_wconf 88' lang='lat' dir='ltr'><strong>dum</strong></span> <span class='ocrx_word' id='word_1_774' title='bbox 1344 5105 1483 5171; x_wconf 85' lang='lat' dir='ltr'><strong>salutem</strong></span> <span class='ocrx_word' id='word_1_775' title='bbox 1506 5128 1600 5173; x_wconf 89' lang='lat' dir='ltr'><strong>suam</strong></span> <span class='ocrx_word' id='word_1_776' title='bbox 1624 5115 1786 5192; x_wconf 89' lang='lat' dir='ltr'><strong>reponunt</strong></span> <span class='ocrx_word' id='word_1_777' title='bbox 1806 5109 1841 5172; x_wconf 91' lang='lat' dir='ltr'><strong>in</strong></span> <span class='ocrx_word' id='word_1_778' title='bbox 1864 5104 2060 5186; x_wconf 87' lang='lat' dir='ltr'><strong>hominibus,</strong></span> <span class='ocrx_word' id='word_1_779' title='bbox 2083 5106 2135 5172; x_wconf 88' lang='lat' dir='ltr'><strong>vel</strong></span> <span class='ocrx_word' id='word_1_780' title='bbox 2150 5103 2217 5168; x_wconf 79' lang='lat' dir='ltr'><strong>ido</strong></span> 
     </span>
     <span class='ocr_line' id='line_1_55' title="bbox 216 5189 2217 5278; baseline -0.003 -18"><span class='ocrx_word' id='word_1_781' title='bbox 216 5195 351 5272; x_wconf 90' lang='lat' dir='ltr'><strong>sionem,</strong></span> <span class='ocrx_word' id='word_1_782' title='bbox 381 5202 482 5277; x_wconf 88' lang='lat' dir='ltr'><strong>atque</strong></span> <span class='ocrx_word' id='word_1_783' title='bbox 512 5193 592 5260; x_wconf 90' lang='lat' dir='ltr'><strong>adeo</strong></span> <span class='ocrx_word' id='word_1_784' title='bbox 615 5194 738 5274; x_wconf 82' lang='lat' dir='ltr'><strong>foedus,</strong></span> <span class='ocrx_word' id='word_1_785' title='bbox 767 5192 852 5277; x_wconf 90' lang='lat' dir='ltr'><strong>quod</strong></span> <span class='ocrx_word' id='word_1_786' title='bbox 875 5192 1042 5258; x_wconf 91' lang='lat' dir='ltr'><strong>nobiseum</strong></span> <span class='ocrx_word' id='word_1_787' title='bbox 1066 5193 1192 5277; x_wconf 88' lang='lat' dir='ltr'><strong>pepigit</strong></span> <span class='ocrx_word' id='word_1_788' title='bbox 1242 5192 1300 5257; x_wconf 91' lang='lat' dir='ltr'><strong>lie:</strong></span> <span class='ocrx_word' id='word_1_789' title='bbox 1335 5192 1411 5275; x_wconf 90' lang='lat' dir='ltr'><strong>quia</strong></span> <span class='ocrx_word' id='word_1_790' title='bbox 1433 5213 1594 5277; x_wconf 91' lang='lat' dir='ltr'><strong>nusquam</strong></span> <span class='ocrx_word' id='word_1_791' title='bbox 1618 5194 1789 5278; x_wconf 90' lang='lat' dir='ltr'><strong>reperiunt</strong></span> <span class='ocrx_word' id='word_1_792' title='bbox 1809 5191 1866 5258; x_wconf 90' lang='lat' dir='ltr'><strong>ubi</strong></span> <span class='ocrx_word' id='word_1_793' title='bbox 1889 5190 2080 5259; x_wconf 89' lang='lat' dir='ltr'><strong>eonsistaut.</strong></span> <span class='ocrx_word' id='word_1_794' title='bbox 2124 5189 2217 5256; x_wconf 80' lang='lat' dir='ltr'><strong>Pati·</strong></span> 
     </span>
    </p>
   </div>
   <div class='ocr_carea' id='block_1_3' title="bbox 215 5265 2236 5453">
    <p class='ocr_par' dir='ltr' id='par_1_3' title="bbox 215 5265 2236 5453">
     <span class='ocr_line' id='line_1_56' title="bbox 215 5265 2236 5364; baseline -0.004 -18"><span class='ocrx_word' id='word_1_795' title='bbox 215 5281 250 5346; x_wconf 90' lang='lat' dir='ltr'><strong>in</strong></span> <span class='ocrx_word' id='word_1_796' title='bbox 273 5301 374 5347; x_wconf 89' lang='lat' dir='ltr'><strong>manu</strong></span> <span class='ocrx_word' id='word_1_797' title='bbox 402 5281 568 5364; x_wconf 85' lang='lat' dir='ltr'><strong>unigeniti</strong></span> <span class='ocrx_word' id='word_1_798' title='bbox 598 5281 658 5346; x_wconf 90' lang='lat' dir='ltr'><strong>filii</strong></span> <span class='ocrx_word' id='word_1_799' title='bbox 687 5282 752 5357; x_wconf 90' lang='lat' dir='ltr'><strong>sui,</strong></span> <span class='ocrx_word' id='word_1_800' title='bbox 783 5287 817 5344; x_wconf 89' lang='lat' dir='ltr'><strong>et</strong></span> <span class='ocrx_word' id='word_1_801' title='bbox 845 5279 984 5344; x_wconf 87' lang='lat' dir='ltr'><strong>sancivit</strong></span> <span class='ocrx_word' id='word_1_802' title='bbox 1014 5279 1085 5345; x_wconf 89' lang='lat' dir='ltr'><strong>cius</strong></span> <span class='ocrx_word' id='word_1_803' title='bbox 1115 5299 1191 5345; x_wconf 92' lang='lat' dir='ltr'><strong>san·</strong></span> <span class='ocrx_word' id='word_1_804' title='bbox 1244 5285 1366 5360; x_wconf 84' lang='lat' dir='ltr'><strong>gantur</strong></span> <span class='ocrx_word' id='word_1_805' title='bbox 1388 5299 1474 5363; x_wconf 87' lang='lat' dir='ltr'><strong>argo,</strong></span> <span class='ocrx_word' id='word_1_806' title='bbox 1497 5288 1531 5345; x_wconf 92' lang='lat' dir='ltr'><strong>et</strong></span> <span class='ocrx_word' id='word_1_807' title='bbox 1552 5281 1623 5347; x_wconf 90' lang='lat' dir='ltr'><strong>siue</strong></span> <span class='ocrx_word' id='word_1_808' title='bbox 1645 5281 1802 5363; x_wconf 82' lang='lat' dir='ltr'><strong>proiectu.</strong></span> <span class='ocrx_word' id='word_1_809' title='bbox 1847 5277 1920 5344; x_wconf 89' lang='lat' dir='ltr'><strong>Hae</strong></span> <span class='ocrx_word' id='word_1_810' title='bbox 1943 5277 1983 5344; x_wconf 88' lang='lat' dir='ltr'><strong>de</strong></span> <span class='ocrx_word' id='word_1_811' title='bbox 2008 5296 2105 5344; x_wconf 89' lang='lat' dir='ltr'><strong>causa</strong></span> <span class='ocrx_word' id='word_1_812' title='bbox 2127 5265 2236 5352; x_wconf 81' lang='lat' dir='ltr'><strong>dicit,¹</strong></span> 
     </span>
     <span class='ocr_line' id='line_1_57' title="bbox 216 5361 2217 5453; baseline -0.004 -20"><span class='ocrx_word' id='word_1_813' title='bbox 216 5369 323 5453; x_wconf 84' lang='lat' dir='ltr'><strong>guina.</strong></span> <span class='ocrx_word' id='word_1_814' title='bbox 1244 5361 1415 5445; x_wconf 81' lang='lat' dir='ltr'><strong>Propterea</strong></span> <span class='ocrx_word' id='word_1_815' title='bbox 1435 5385 1496 5430; x_wconf 80' lang='lat' dir='ltr'><strong>uon</strong></span> <span class='ocrx_word' id='word_1_816' title='bbox 1514 5364 1648 5449; x_wconf 81' lang='lat' dir='ltr'><strong>placebit</strong></span> <span class='ocrx_word' id='word_1_817' title='bbox 1668 5365 1731 5432; x_wconf 82' lang='lat' dir='ltr'><strong>eibi</strong></span> <span class='ocrx_word' id='word_1_818' title='bbox 1753 5363 1889 5429; x_wconf 80' lang='lat' dir='ltr'><strong>Iehovab</strong></span> <span class='ocrx_word' id='word_1_819' title='bbox 1909 5365 1945 5432; x_wconf 82' lang='lat' dir='ltr'><strong>iu</strong></span> <span class='ocrx_word' id='word_1_820' title='bbox 1968 5363 2044 5446; x_wconf 81' lang='lat' dir='ltr'><strong>illis,</strong></span> <span class='ocrx_word' id='word_1_821' title='bbox 2071 5363 2134 5429; x_wconf 91' lang='lat' dir='ltr'><strong>hoe</strong></span> <span class='ocrx_word' id='word_1_822' title='bbox 2157 5369 2217 5440; x_wconf 88' lang='lat' dir='ltr'><strong>est,</strong></span> 
     </span>
    </p>
   </div>
   <div class='ocr_carea' id='block_1_4' title="bbox 0 0 2572 6120">
    <p class='ocr_par' dir='ltr' id='par_1_4' title="bbox 0 0 2572 6120">
     <span class='ocr_line' id='line_1_58' title="bbox 0 0 2572 6120; baseline 0 0"><span class='ocrx_word' id='word_1_823' title='bbox 0 0 2572 6120; x_wconf 95' lang='lat' dir='ltr'><strong> </strong></span> 
     </span>
    </p>
   </div>
  </div>
 </body>
</html>
