5118 6136
354 441 417 506 703
1160 433 1547 504 Puauuuoulouus
2294 438 2361 502 704

350 629 502 713 quoniam
531 625 691 710 templum
716 623 782 690 illic
812 629 1015 690 exstructum
1043 634 1128 707 erat,
1162 622 1324 689 debebant
1346 625 1349 687 Ι
1373 624 1603 708 privilegium,
1633 646 1695 708 quo
1718 624 1810 690 Deus
1832 624 1915 691 lilios
1938 623 2095 690 Abrahae
2121 645 2199 707 prae
2229 627 2357 690 cunctis

350 714 535 797 ubicunque
579 711 764 777 habitarent
806 708 975 776 Israelitae
1013 729 1143 791 semper
1181 708 1323 792 dirigere
1368 701 1525 792 ‘gentibue
1548 709 1701 794 dignatus
1724 710 1840 789 luerat,
1869 730 1969 792 quum
1992 710 2118 776 scilieet
2141 731 2196 775 eos
2217 711 2358 792 adopta·

349 797 460 865 oeulos
482 797 523 862 ad
546 796 704 881 templum
726 796 843 880 ipsum,
867 802 900 860 et
915 793 1184 874 sacrarium-Dei,
1208 803 1244 859 ut
1258 795 1320 860 sub
1374 803 1467 861 verat
1488 797 1524 859 in
1548 795 1720 876 peculium.
1766 795 1888 861 Subest
1912 804 2019 860 tamen
2050 796 2152 860 tacita
2181 795 2357 861 antithesis

350 885 420 950 eins
453 882 614 967 praesidio
647 881 813 966 degerent.
865 880 937 945 Nisi
967 900 1046 964 ergo
1080 879 1159 946 urbe
1188 900 1321 943 rursum
1373 879 1460 944 inter
1470 879 1730 962 profanationem
1742 901 1825 964 quae
1836 889 1916 947 tunc
1927 885 2007 960 eret,
2018 889 2052 946 et
2063 881 2358 947 sanctificationem

349 969 464 1036 luisset
485 975 663 1045 exstruere,
687 988 752 1032 nou
774 972 845 1032 erat
866 966 1009 1031 solidum
1030 963 1094 1030 Dei
1116 964 1321 1031 beneficium.
1374 985 1456 1047 quae
1478 966 1691 1048 promittitur.
1736 965 1853 1032 Iudaei
1883 966 1971 1030 enim
2001 974 2124 1032 terram
2155 968 2200 1030 ita
2229 965 2357 1048 pollue-

351 1053 490 1138 Semper
522 1053 611 1120 enim
646 1060 775 1118 versata
807 1050 922 1116 luisset
954 1059 1030 1116 ante
1066 1050 1179 1133 populi
1204 1049 1322 1115 'oculos
1374 1058 1459 1128 rant,
1488 1059 1525 1114 ut
1547 1051 1631 1116 nihil
1654 1050 1801 1116 differret
1823 1050 1864 1116 ab
1886 1051 1959 1115 aliis
1982 1051 2184 1135 regionibus:
2206 1061 2239 1115 et
2252 1051 2355 1129 Deus,

350 1139 511 1224 quaedam
542 1137 693 1216 vastitas,
729 1137 802 1220 quie
831 1137 908 1202 urbs
936 1145 1005 1200 erat
1032 1135 1125 1218 quasi
1155 1134 1321 1212 vexillum,
1375 1134 1648 1217 quemadmodum
1671 1136 1770 1201 etiam
1794 1135 1872 1202 dicit
1895 1135 2056 1218 Ezechiel,
2079 1136 2170 1202 illino
2192 1137 2358 1221 migrave-

350 1226 410 1292 sub
433 1245 499 1308 quo
521 1223 614 1288 Deus
634 1223 722 1306 ipsos
746 1222 944 1306 protegebat.
989 1221 1082 1286 Haec
1110 1220 1212 1301 igitur
1240 1221 1323 1284 ratio
1374 1229 1435 1286 rat.
1481 1221 1526 1285 Et
1554 1222 1677 1286 seimus
1705 1222 1813 1286 vocari
1842 1241 1863 1286 a
1892 1221 2063 1306 prophetis
2092 1221 2251 1304 templum
2280 1242 2357 1303 spe·

350 1321 401 1376 est
421 1331 482 1377 our
504 1309 664 1392 prophete
686 1328 878 1389 expressum
901 1306 1091 1373 vaticinium
1122 1305 1260 1371 ediderit
1282 1303 1322 1369 de
1374 1305 1505 1372 luncam
1534 1306 1717 1384 latronum,
1751 1305 1895 1390 adeoque
1929 1306 2043 1372 urbem
2076 1306 2182 1390 ipsam
2213 1306 2355 1372 conferri

350 1395 462 1460 futura
483 1395 576 1460 urbis
598 1392 844 1457 instauratione.
888 1389 960 1456 Iam
990 1413 1089 1475 quum
1118 1391 1196 1458 dicit
1217 1389 1322 1456 urbem
1374 1389 1537 1456 Sodomae
1564 1401 1598 1456 et
1627 1391 1818 1458 Gomorrae.
1870 1392 2039 1474 Propheta
2067 1392 2168 1476 igitur
2199 1391 2253 1458 hic
2280 1411 2355 1474 prn-

349 1481 547 1562 eedifioetum
569 1478 778 1560 trilaterae,
806 1480 971 1563 siguificat
992 1475 1078 1560 quod
1102 1477 1242 1541 maxime
1265 1497 1321 1541 ex·
1376 1477 1476 1542 mittit
1509 1478 1623 1542 urbem
1658 1498 1731 1542 oum
1765 1487 1835 1542 tota
1868 1479 1990 1542 vicinia
2022 1479 2091 1544 fore
2113 1477 2186 1542 Deo
2215 1497 2353 1556 sacram,

350 1566 527 1652 petendum
563 1579 632 1630 erat
667 1563 809 1640 Iudaeis,
844 1563 956 1628 urbem
990 1562 1081 1628 illem
1114 1558 1220 1627 adhue
1253 1561 1323 1626 iore
1375 1562 1453 1645 quia
1474 1560 1566 1628 Deus
1590 1563 1743 1647 purgabit
1765 1583 1838 1630 eam
1861 1563 1902 1628 ab
1919 1564 2072 1628 omnibus
2096 1563 2354 1646 inquinamentis

350 1657 507 1727 sanctam,
530 1649 656 1732 quiesi
678 1656 806 1714 tantum
828 1647 994 1714 floruisset
1011 1647 1137 1731 opibus,
1160 1655 1193 1712 et
1208 1654 1322 1730 poten·
1375 1648 1492 1731 quibua
1515 1645 1642 1731 polluta
1661 1649 1783 1714 iuerat:
1806 1648 1924 1714 deinde
1946 1670 2019 1714 eam
2041 1647 2101 1713 sibi
2120 1657 2252 1728 asseret,
2275 1649 2355 1731 quia

349 1737 398 1802 tia
420 1736 526 1802 instar
547 1734 686 1800 aliarum
707 1734 847 1813 urbium,
871 1733 932 1798 hoc
956 1740 1026 1798 erat
1048 1732 1199 1799 solatium
1223 1741 1322 1797 tenue
1374 1734 1542 1817 proprium
1565 1735 1635 1798 eius
1657 1754 1740 1817 opus
1769 1745 1819 1800 est
1849 1736 2061 1801 sanctificare.
2104 1733 2251 1800 Additur
2277 1753 2354 1817 pro·

347 1813 519 1888 Israelitis.
564 1819 632 1885 Sed
656 1817 711 1886 hio
733 1819 906 1885 discrimen
934 1827 1025 1884 notat
1054 1819 1140 1884 inter
1162 1816 1322 1902 Ieroscly·
1375 1818 1487 1885 missio
1507 1818 1547 1883 de
1569 1828 1728 1904 perpetua
1749 1821 1871 1904 gratia,
1905 1819 2184 1903 quemadmodum
2210 1830 2244 1884 et
2265 1818 2355 1902 apud

243 1951 245 1956 ·
350 1927 452 1982 mam,
486 1913 519 1971 et
547 1903 626 1970 alias
654 1905 806 1987 profanas
834 1905 941 1970 nrbes.
986 1905 1076 1969 Dens
1106 1903 1193 1966 enim
1216 1902 1323 1968 rolnit
1374 1903 1578 1970 Zachariam.
1622 1904 1738 1987 Neque
1767 1906 1856 1978 enim
1886 1906 2051 1970 sufficeret
2081 1903 2229 1987 promitti
2258 1905 2354 1969 nobis

350 1992 476 2059 censeri
500 1990 591 2056 urbis
613 1987 702 2055 illius
724 1987 932 2069 architectus,
956 1987 1227 2071 quemadmodum
1246 1988 1323 2054 dici·
1375 1989 1438 2054 Dei
1461 1988 1719 2054 misericordiam
1741 1989 1782 2055 ad
1805 1991 1905 2057 breve
1926 1999 2065 2074 tempus,
2096 1990 2158 2054 nisi
2182 1988 2352 2055 accederet

350 2088 407 2142 tur
439 2077 474 2142 in
504 2076 636 2144 Psalmo
665 2071 729 2160 (st,
758 2076 787 2139 1.
810 2073 862 2159 b),
895 2073 972 2157 Ipse
1003 2082 1053 2141 est
1086 2073 1141 2157 qui
1174 2073 1324 2139 fundavit
1375 2073 1475 2139 etiam
1498 2075 1708 2158 perpetuitas.
1753 2075 1920 2159 Propheta
1941 2075 2043 2160 igitur
2073 2075 2265 2140 continuam
2283 2076 2354 2140 iore

351 2180 440 2227 eam:
463 2159 589 2242 deinde,
611 2160 842 2225 Fundamenta
861 2161 930 2224 eius
953 2159 988 2222 in
1008 2159 1175 2224 montibus
1190 2159 1322 2224 sanctis.
1375 2159 1493 2225 seriem
1515 2160 1747 2226 beneficiorum
1771 2161 1833 2224 Dei
1856 2181 1945 2226 nnnc
1967 2161 2139 2244 promittit.
2173 2159 2246 2224 Iam
2265 2160 2355 2243 quod

350 2247 425 2314 Hoc
457 2249 557 2314 etiam
590 2244 685 2311 debet
716 2243 755 2309 de
788 2247 859 2328 ipso
891 2242 1040 2329 intelligi.
1093 2242 1230 2311 Summa
1261 2254 1322 2326 est,
1375 2245 1453 2310 urbs
1474 2265 1495 2310 a
1515 2245 1592 2310 uiro
1614 2265 1729 2310 rursus
1751 2244 1813 2311 luit
1835 2246 1953 2324 excisa,
1976 2244 2094 2310 deinde
2109 2244 2242 2310 tandem
2260 2244 2355 2312 nulla

351 2331 460 2398 Deum
494 2331 600 2398 adhuc
634 2330 820 2395 habiturum
858 2349 972 2396 euram
1012 2329 1103 2396 urbis
1144 2328 1247 2407 illius,
1286 2341 1323 2393 ut
1375 2330 1562 2413 superficies
1583 2330 1699 2396 relicta
1721 2331 1784 2395 fnit
1805 2331 1846 2396 ab
1868 2330 2026 2406 Adriano,
2050 2351 2116 2397 non
2135 2339 2260 2415 pugnat
2277 2349 2355 2396 oum

351 2416 511 2502 templum
540 2417 583 2483 sit
613 2416 705 2498 quasi
733 2412 827 2481 sedes
856 2415 926 2480 eius
956 2415 1062 2498 regia,
1100 2424 1132 2480 et
1168 2423 1322 2481 terrestre
1375 2415 1437 2482 hae
1459 2415 1690 2498 promissione:
1713 2417 1789 2498 quia
1804 2417 1900 2484 sicuti
1915 2416 2070 2492 diximus,
2093 2415 2245 2500 praebuit
2259 2416 2353 2482 Deus

351 2505 541 2570 sacrarium.
585 2502 686 2567 Porro
710 2499 790 2566 dum
812 2501 953 2567 affirmat
982 2499 1143 2583 propheta
1166 2520 1234 2565 nou
1263 2499 1321 2563 mi·
1375 2500 1516 2583 aliquem
1550 2509 1683 2585 gustum
1718 2500 1818 2568 huius
1849 2503 1975 2586 gratiae
2008 2503 2042 2567 in
2083 2512 2220 2567 externo
2259 2499 2351 2568 urbis

350 2608 465 2654 norem
486 2585 557 2652 iore
579 2587 671 2652 urbis
691 2584 939 2668 amplitudinem
962 2604 1062 2667 quam
1091 2585 1212 2663 luerat,
1244 2584 1323 2649 hino
1375 2593 1511 2668 aspectu
1543 2606 1646 2669 usque
1688 2585 1730 2652 ad
1763 2586 1887 2659 Christi
1928 2587 2117 2654 adventum.
2172 2587 2354 2670 Postquam

350 2674 528 2739 statuimus
571 2671 762 2739 vaticinium
800 2668 862 2736 hoo
904 2669 1086 2735 necessario
1126 2668 1242 2734 debere
1281 2667 1323 2734 ad
1376 2677 1486 2736 autem
1509 2671 1675 2737 exhibitus
1697 2670 1759 2736 iuit
1781 2671 1950 2756 Christus,
1981 2672 2167 2756 quaerenda
2198 2672 2262 2736 luit
2280 2693 2354 2738 coe·

352 2757 479 2826 Ohristi
501 2777 641 2842 regnam
662 2754 786 2820 reterri.
831 2754 906 2821 Etsi
936 2754 1023 2820 eninr
1054 2754 1207 2822 excelluit
1235 2753 1324 2819 Iero-
1375 2754 1467 2821 lestis
1488 2755 1709 2841 ierosolyma:
1738 2759 1891 2839 qnoniam
1915 2758 2051 2824 umbrae
2077 2757 2155 2824 illae
2183 2769 2353 2824 cessarunt

351 2845 477 2930 solyma
510 2851 588 2910 ante
621 2839 744 2906 Christi
777 2840 973 2919 adventum,
1007 2846 1040 2904 et
1074 2839 1195 2924 triplici
1229 2859 1323 2904 muro
1376 2849 1410 2905 et
1438 2841 1607 2924 imagines.
1651 2841 1745 2908 Haec
1773 2843 1875 2926 igitur
1908 2844 2110 2927 perpetuitas
2140 2851 2190 2909 est
2219 2843 2260 2910 de
2288 2863 2355 2926 qua

351 2929 457 2996 cineta
479 2927 558 2994 luit:
590 2925 703 2990 deinde
725 2925 759 2990 in
782 2934 850 2990 toto
872 2926 997 2990 oriente
1020 2925 1084 2990 init
1104 2925 1323 3004 celeberrima,
1376 2926 1588 2991 concionatur
1610 2926 1786 3010 propheta,
1816 2949 1934 3013 nempe
1956 2948 2039 3011 quae
2062 2928 2236 3010 respondet
2258 2940 2354 2994 natu·

351 3025 389 3081 ut
420 3014 519 3080 etiam
549 3011 674 3097 profani
707 3011 880 3092 scriptores
914 3032 987 3076 eam
1018 3011 1090 3077 aliis
1123 3011 1323 3093 praeferant:
1377 3031 1431 3075 rae
1454 3011 1549 3094 regui
1570 3010 1706 3091 Obristi,
1730 3013 1867 3097 ideoque
1888 3014 2068 3098 spiritualis
2082 3023 2143 3080 est.
2177 3013 2353 3086 (laetorum

352 3109 464 3164 tamen
493 3116 660 3178 nunquam
694 3095 756 3160 hoe
788 3094 986 3179 completum
1020 3096 1099 3175 fuit,
1132 3106 1169 3160 ut
1201 3095 1325 3162 seilicet
1377 3095 1470 3162 docet
1493 3097 1546 3162 hio
1567 3095 1659 3162 locus
1681 3109 1849 3163 aeternam
1864 3099 1933 3165 lore
1948 3099 2129 3180 ecelesiam,
2151 3109 2186 3163 et
2201 3099 2354 3181 quamvis

352 3185 430 3250 urbs
452 3185 582 3249 flerunt
603 3179 698 3245 aienti
720 3180 782 3245 sub
805 3179 935 3246 Davide
957 3189 990 3246 et
1013 3177 1197 3247 Solomone.
1232 3181 1323 3266 Ergo
1377 3181 1529 3266 graviter⁴
1548 3182 1641 3248 Deus
1669 3184 1839 3266 permittat
1866 3186 1973 3268 ipsam
2004 3188 2132 3251 concuti
2162 3183 2354 3262 hincinde,

351 3288 484 3340 necesse
505 3273 554 3329 est
576 3267 690 3330 venire
718 3264 759 3330 ad
789 3265 991 3346 spiritualem
1014 3265 1105 3331 urbis
1128 3273 1260 3345 statum,
1290 3270 1324 3332 et
1377 3276 1487 3346 tamen
1510 3287 1638 3350 semper
1659 3267 1791 3352 aliquod
1813 3289 1926 3336 semen
1949 3270 2019 3336 fore
2049 3269 2217 3336 residuum
2246 3289 2352 3352 quan·

350 3353 471 3438 exponi
490 3347 575 3416 hano
597 3349 846 3434 promissionem
870 3349 909 3414 de
931 3351 1057 3434 gratie,
1085 3370 1167 3433 quae
1188 3351 1324 3436 configit
1377 3352 1420 3417 tis
1444 3372 1480 3417 er
1509 3352 1682 3437 fulgebunt
1711 3355 1760 3420 sol
1788 3363 1822 3420 et
1851 3354 1932 3421 luna
1958 3357 1995 3420 in
2024 3356 2131 3439 coelo,
2165 3361 2200 3420 et
2227 3355 2354 3438 vigebit

353 3437 477 3505 Obrisei
498 3434 653 3534 adventu.
698 3435 843 3500 Maxime
868 3455 943 3500 rere
965 3434 1146 3534 notandum
1167 3436 1324 3519 estquod
1376 3373 1455 3503 ordo
1478 3447 1632 3516 naturae,
1661 3440 1710 3506 ita
1731 3449 1768 3506 ut
1800 3441 1910 3506 omnia
1931 3441 2110 3519 elementa,
2142 3452 2174 3506 ct
2195 3439 2354 3524 quidquid

352 3525 467 3592 dieitur
499 3525 694 3586 sonotrtotem
722 3520 792 3603 (ore
823 3519 973 3588 labeone:
1006 3520 1121 3586 dernde
1153 3541 1221 3586 non
1253 3543 1324 3588 esse
1376 3523 1478 3589 oculis
1500 3526 1620 3590 nestris
1642 3525 1868 3608 conspicimus,
1892 3527 2116 3592 testimonium
2138 3524 2279 3591 reddant
2299 3546 2355 3591 ec·

352 3605 562 3675 metuendum
596 3605 737 3689 amplius
776 3606 929 3685 exitium,
968 3606 1023 3672 vel
1056 3605 1229 3673 excidium.
1286 3605 1324 3673 Si
1375 3607 1493 3690 clasiae
1515 3609 1719 3694 aeternitati,
1748 3610 1836 3695 quod
1865 3611 1989 3678 scilicet
2017 3632 2185 3695 nunquam
2207 3610 2353 3676 desinet:

352 3693 439 3782 enim
459 3690 573 3758 eadem
594 3691 710 3758 luisset
732 3690 843 3776 populi
866 3690 960 3758 electi
983 3690 1124 3758 conditio
1146 3712 1230 3775 qnae
1245 3690 1324 3757 alia·
1375 3695 1452 3776 quia
1486 3695 1584 3760 etiam
1617 3695 1647 3761 si
1681 3696 1826 3779 quotidie
1860 3696 1985 3781 Satan,
2019 3705 2053 3762 et
2087 3705 2177 3763 totns
2210 3694 2354 3762 mundus

354 3798 426 3846 rum
449 3777 608 3862 gentium,
631 3784 701 3843 erat
723 3797 880 3862 perquam
902 3778 1023 3861 exigua
1044 3777 1124 3844 haee
1141 3778 1323 3861 promissio,
1376 3779 1522 3844 minetur
1551 3779 1579 3844 ei
1608 3780 1796 3860 interitum,
1830 3782 1993 3848 Dominus
2020 3791 2132 3850 tamen
2160 3781 2356 3848 mirabiliter

351 3871 385 3930 et
408 3863 476 3928 lere
505 3861 628 3928 nullius
661 3863 836 3941 momenti,
869 3863 946 3944 quia
979 3861 1081 3928 satius
1112 3861 1177 3928 illis
1209 3863 1326 3928 fuisset
1377 3885 1574 3948 eamusque
1597 3865 1760 3931 adfinem
1783 3869 1999 3946 conservabit,
2030 3877 2159 3934 utnon
2182 3872 2294 3951 pereat
2316 3867 2353 3930 in

350 3947 500 4020 habitare
523 3950 556 4012 in
585 3947 699 4012 exsilio
727 3967 829 4098 ἓιιιιιιι
859 3947 1039 4013 incolerent
1069 3955 1189 4012 terram
1219 3968 1325 4013 amoe-
1378 3947 1554 4016 saeculnm.
1592 3950 1685 4018 Haec
1707 3953 1808 4036 igitur
1829 3973 1958 4020 summa
1979 3961 2038 4020 est.
2082 3952 2242 4036 Sequitur
2263 3952 2355 4018 aliud

352 4055 429 4099 nam
461 4043 495 4102 et
525 4032 675 4100 fertilem.
759 4033 799 4098 ed
839 4033 998 4116 propheta
1033 4031 1087 4111 hio
1119 4032 1326 4116 sommendat
1380 4034 1580 4101 vaticinium.

994 5395 1077 5464 Typis
1095 5395 1245 5465 Eugeuii
1263 5396 1513 5467 Appelhensii‚
1535 5397 1720 5468 Brunsvigdae.
