5118 6136
354 428 418 495 615
1167 421 1553 491 Puaunuomouus
2301 422 2365 487 616

356 617 456 701 cipiet
477 635 609 700 sperare
638 620 811 697 postquam
839 612 958 680 viderit
989 633 1023 678 se
1054 631 1176 695 poenas
1205 610 1333 677 dedisse
1473 613 1503 676 ι.
1525 611 1626 695 Heus,
1654 613 1732 695 quio
1753 632 1887 697 mugnus
1912 611 1963 677 bic
1983 611 2052 678 dice
2073 633 2094 676 c
2115 631 2178 677 uon
2199 631 2264 677 esse
2285 612 2366 678 ιιιιιι

356 703 473 787 quibus
497 701 616 786 dignus
639 708 718 766 erat.
759 699 847 765 Dicit
869 703 989 774 autem,
1013 696 1067 764 Sic
1087 698 1165 763 cuit
1186 695 1332 772 Iebouob,
1386 697 1493 779 ipsum
1525 695 1600 782 (hoc
1633 708 1695 778 est,
1727 709 1764 764 ut
1797 721 1862 764 non
1896 698 1939 764 eit
1967 696 2099 776 similis,
2128 705 2164 762 ut
2193 717 2364 780 nunquam

356 789 528 870 dameam,
551 806 665 853 vocem
681 785 909 866 trepidmiouie,
932 784 983 850 vel
997 784 1145 866 pavoris:
1167 783 1223 848 sed
1242 795 1333 850 ιΤιἹιι
1386 783 1485 846 fuerit
1506 783 1653 862 similis,
1681 789 1709 850 et
1736 789 1857 866 tempus
1877 784 2059 864 afflictionis
2089 782 2156 868 (vel
2179 781 2365 867 angustiae)

356 874 487 960 proprie
517 881 635 956 putant
664 891 736 936 asse
759 869 962 936 formidinem
993 890 1056 952 qua
1085 889 1202 952 corpus
1224 869 1332 950 ipsum
1385 867 1440 933 boc
1461 869 1526 950 ipsi
1548 868 1589 934 Iu
1665 869 1741 955 (hoc
1763 880 1821 951 est,
1843 868 1965 954 populo
1987 865 2187 952 israelitico),
2216 867 2306 933 etcb
2327 889 2365 934 ec

356 958 585 1038 contremiscit,
607 955 679 1021 ideo
701 955 787 1021 verti
809 955 1070 1037 trepidationem.
1114 953 1207 1020 Deus
1230 954 1333 1034 loqui·
1384 955 1567 1020 emoobitur.

357 1054 421 1126 tur,
444 1053 479 1110 et
500 1043 611 1108 tamen
633 1043 666 1106 in
690 1060 828 1123 persona
849 1040 970 1124 populi.
1008 1039 1195 1120 Quorsum?
1217 1059 1333 1121 nempe

357 1135 395 1196 ut
415 1128 596 1196 socordiam
619 1124 810 1210 exprobret:
841 1126 995 1207 quoniam
1020 1124 1176 1209 populus,
1206 1133 1333 1190 uteret
1472 1125 1687 1208 Prosequitur
1719 1147 1823 1210 nsque
1853 1127 1895 1191 ad
1928 1126 2026 1190 finem
2061 1146 2174 1190 vorsus
2202 1125 2366 1210 propheta

357 1215 543 1282 obstinatus
565 1215 600 1278 in
623 1232 681 1279 sue
702 1211 834 1287 malitia,
859 1232 923 1275 non
947 1211 1054 1276 fuerat
1073 1212 1207 1276 territus
1230 1217 1277 1274 tot
1299 1214 1334 1275 et
1387 1210 1590 1274 atrocitatem
1614 1231 1750 1294 poenae,
1781 1210 1821 1277 de
1843 1231 1909 1294 qua
1930 1210 2069 1294 populus
2092 1232 2157 1275 non
2180 1221 2251 1275 eret
2273 1211 2365 1277 solli-

230 1375 235 1382 ·
358 1314 425 1367 tam
448 1299 605 1384 gravibus
627 1297 735 1362 minis.
778 1296 870 1361 Deus
893 1317 969 1381 ergo
1000 1295 1101 1360 dictat
1129 1295 1195 1360 illis
1224 1295 1332 1370 verba,
1385 1295 1479 1361 citus.
1525 1296 1608 1360 Nam
1633 1296 1854 1380 vilipendebat
1882 1318 1995 1362 omnes
2019 1297 2141 1376 minae,
2170 1296 2256 1362 sicut
2283 1297 2365 1376 dixi,

357 1386 510 1470 quoniam
534 1405 666 1468 prorsus
689 1391 783 1447 erant
805 1380 936 1464 stupidi.
981 1380 1140 1446 Videmus
1166 1402 1252 1447 nunc
1274 1403 1333 1446 cur
1387 1389 1420 1444 et
1439 1381 1503 1446 iam
1526 1382 1638 1447 multis
1660 1384 1755 1449 annis
1778 1383 1995 1460 obduruerat,
2027 1392 2063 1448 ut
2090 1402 2149 1464 pro
2176 1382 2279 1447 nihilo
2302 1381 2364 1448 du-

357 1472 451 1537 Deus
481 1471 639 1554 suscipiat
667 1487 780 1532 eorum
810 1486 981 1550 personam
1011 1467 1065 1550 qui
1094 1467 1200 1531 securi
1228 1474 1332 1543 erant,
1386 1475 1475 1532 caret
1497 1475 1546 1531 tot
1568 1476 1720 1533 terrores.
1760 1468 1852 1533 Haec
1874 1469 1978 1553 igitur
2000 1468 2085 1532 ratio
2107 1476 2156 1532 est
2178 1488 2238 1534 cur
2260 1468 2364 1550 pluri·

357 1577 456 1642 quum
487 1565 597 1620 tamen
623 1552 781 1618 Ieremias
811 1553 951 1635 quotidie
980 1551 1046 1616 illis
1066 1551 1220 1616 obiiceret
1241 1554 1332 1633 quasi
1386 1551 1448 1617 bus
1470 1553 1579 1618 verbis
1601 1555 1732 1618 insistat
1753 1556 1786 1618 in
1811 1553 1872 1619 beo
1894 1553 2150 1618 denuntiatione.
2188 1553 2366 1620 Exclamat

357 1651 560 1725 praesentem
593 1638 658 1704 Dei
687 1637 875 1703 vindictam.
927 1636 1063 1703 Summa
1093 1646 1155 1712 est,
1185 1638 1333 1720 quamvis
1358 1571 1362 1710 ι
1386 1637 1497 1720 igitur,
1520 1637 1618 1722 Heus,
1640 1659 1774 1722 mcpuue
1795 1639 1845 1704 bic
1866 1640 1942 1704 dies.
1981 1639 2142 1721 Magnum
2166 1638 2283 1720 accipit
2304 1660 2365 1722 pro

357 1726 495 1811 populus
517 1725 694 1791 indormiat
716 1723 783 1788 suis
806 1723 911 1802 vitiis,
946 1731 979 1788 et
1008 1723 1176 1788 existimet
1205 1744 1240 1788 se
1263 1743 1333 1788 esse
1386 1723 1596 1802 formidabili,
1625 1734 1663 1788 ut
1686 1746 1752 1790 non
1774 1725 1818 1790 sit
1839 1724 1970 1790 similis:
2000 1725 2061 1788 fuit
2091 1725 2177 1788 enim
2207 1724 2365 1790 horribile

357 1823 453 1878 extra
483 1830 581 1876 omne
611 1807 806 1894 periculum,
837 1809 935 1874 etiam
958 1809 1030 1874 Deo
1059 1809 1194 1886 infesto,
1222 1819 1331 1873 tamen
1385 1806 1466 1873 illud
1489 1809 1728 1891 spectaculum,
1759 1809 1814 1876 ubi
1845 1810 1923 1876 urbs
1952 1809 2013 1873 fuit
2043 1809 2170 1885 diruta,
2202 1809 2363 1891 templum

357 1919 422 1963 non
446 1900 514 1963 fore
536 1896 648 1962 irritas
670 1894 785 1974 minae,
809 1895 927 1976 quibus
946 1893 1038 1959 Deus
1063 1901 1198 1959 conatus
1228 1895 1333 1959 fuerat
1386 1895 1504 1977 partim
1528 1895 1683 1970 excisum,
1707 1896 1826 1980 partim
1845 1897 1920 1980 igne
1939 1904 2182 1976 consumptum:
2206 1915 2266 1959 rex
2287 1913 2363 1960 oum
2427 1969 2430 1976 ⁴

356 1985 445 2066 ipsos
468 2001 621 2048 revocare
650 1979 690 2044 ad
720 1980 967 2063 poenitentiam.
1012 1980 1103 2045 Deus
1133 1999 1211 2064 ergo
1245 1980 1332 2058 dicit,
1386 1991 1453 2044 tota
1476 1980 1643 2045 nobilitate
1667 1982 1700 2046 in
1724 1981 1876 2046 exsilium
1906 1989 2031 2045 tractus
2060 1980 2141 2063 fuit,
2171 1981 2256 2046 eruti
2284 1994 2365 2046 eunt

357 2069 553 2136 Audivimus
574 2086 674 2132 cotun
689 2067 833 2148 pavoris,
855 2066 918 2132 hoo
940 2073 998 2141 est,
1022 2064 1126 2130 ridete
1148 2073 1184 2130 ut
1206 2065 1332 2142 voletis,
1387 2069 1414 2130 ei
1449 2065 1544 2145 oculi,
1577 2065 1671 2131 liberi
1704 2066 1858 2151 iugulati,
1891 2075 2003 2149 postea
2037 2075 2161 2131 tractus
2192 2065 2255 2130 fuit
2287 2087 2363 2132 oum

357 2155 410 2220 vel
433 2164 563 2218 manete
586 2150 709 2236 stupidi
732 2153 765 2214 in
790 2151 909 2216 vestris
932 2150 1067 2230 delitiis,
1098 2159 1136 2215 ut
1158 2152 1240 2216 ebrii
1263 2172 1333 2216 sus·
1386 2151 1529 2216 maxima
1557 2150 1747 2235 ignominia,
1784 2163 1820 2217 ut
1848 2151 2025 2233 optandum
2059 2159 2144 2216 esset
2177 2152 2225 2216 illi
2253 2151 2366 2235 potius

358 2260 422 2324 que
455 2239 559 2321 deque
592 2238 715 2303 habent
748 2234 904 2320 quidquid
936 2235 1079 2302 dicatur:
1113 2238 1265 2319 quoniam
1300 2241 1334 2302 et
1386 2237 1510 2304 centies
1531 2237 1629 2318 mori,
1657 2257 1756 2319 quam
1786 2237 1896 2304 subire
1926 2237 2024 2301 telem
2053 2236 2228 2302 fortunam.
2273 2237 2366 2320 Ergo

359 2345 456 2391 sensu
485 2335 518 2389 ιι
545 2325 671 2389 ratione
702 2331 734 2387 et
763 2323 919 2387 memorie
947 2321 1067 2405 privati
1095 2331 1192 2386 eunt:
1223 2331 1332 2387 temen
1387 2323 1545 2405 propheta
1567 2345 1630 2387 non
1655 2323 1712 2388 ebe
1734 2343 1769 2388 re
1793 2323 1872 2388 dicit
1899 2343 2050 2404 mopuwn
2076 2323 2144 2404 sore
2168 2321 2249 2388 huuc
2271 2322 2364 2406 diere,

357 2409 450 2475 Deus
468 2407 674 2493 extorquebit
691 2407 780 2474 vobis
799 2407 884 2474 hano
905 2409 1148 2486 confessionem,
1171 2416 1203 2472 et
1222 2429 1332 2474 vocem
1385 2412 1420 2473 ut
1441 2407 1546 2473 nudus
1566 2408 1664 2490 suerit
1690 2410 1719 2473 ei
1745 2409 1881 2482 similis,
1912 2429 2028 2489 nempe
2059 2425 2094 2472 nt
2123 2407 2268 2478 excutiat
2297 2421 2366 2472 tor-

359 2494 585 2578 trepidationie
607 2494 660 2560 vel
683 2493 822 2575 pavoris.
867 2493 997 2558 Deinde
1020 2493 1119 2572 addit,
1143 2493 1187 2558 Er
1206 2513 1268 2558 non
1291 2499 1335 2558 est
1387 2514 1497 2576 porem
1522 2495 1646 2575 populo,
1670 2494 1725 2576 qui
1749 2493 1886 2576 putabat
1908 2513 2077 2575 nunquam
2106 2513 2201 2575 posse
2224 2492 2305 2568 lieri,
2327 2504 2366 2557 nt

353 2601 433 2664 poe,
457 2579 541 2662 quod
565 2579 749 2661 emphatice
770 2574 917 2642 additum
940 2584 1007 2656 est,
1036 2587 1074 2642 nt
1096 2579 1255 2660 propbeta
1277 2599 1334 2644 ex·
1386 2578 1465 2644 urbs
1488 2578 1545 2643 illa
1567 2589 1688 2658 sancta,
1711 2579 1767 2644 nbi
1787 2580 1877 2645 Deus
1899 2577 1962 2643 sibi
1985 2577 2183 2644 domicilium
2208 2577 2363 2662 elegerat,

358 2675 484 2732 outeret
504 2663 625 2750 populo
648 2663 767 2728 stultas
790 2661 934 2741 delitias,
964 2662 1080 2746 quibus
1101 2663 1209 2728 fuerat
1230 2664 1333 2729 imbu·
1386 2663 1601 2741 excideretur,
1633 2672 1666 2728 et
1689 2664 1844 2747 templum
1869 2664 1966 2729 simul
1989 2665 2119 2747 periret.
2164 2663 2256 2730 Dicit
2284 2684 2366 2747 ergo

358 2759 410 2817 tus
443 2772 463 2817 a
495 2748 798 2835 pseudoprophetis.
852 2747 944 2814 Dicit
983 2749 1084 2832 igitur
1124 2748 1246 2816 frustra
1278 2769 1333 2815 eos
1384 2749 1451 2831 fore
1472 2749 1526 2815 boc
1553 2755 1673 2831 empus
1700 2751 1864 2834 oupamice
1885 2749 2010 2830 populo.
2056 2749 2204 2815 Tandem
2232 2752 2266 2813 in
2299 2750 2367 2815 fine

357 2856 488 2921 sperare
515 2856 645 2919 pacem:
681 2834 837 2915 quoniam
872 2842 1030 2900 terrorem
1064 2842 1098 2899 et
1127 2833 1332 2900 formidinem
1387 2855 1500 2900 versus
1529 2845 1664 2919 gustum
1693 2835 1833 2916 aliquem
1864 2835 1942 2900 dare
1971 2835 2086 2917 incipit
2123 2834 2367 2900 misericordiae

358 2943 423 2988 non
447 2922 615 3006 effugient.
660 2920 850 3003 Exaggerat
877 2920 1082 2985 formidinem
1112 2919 1202 2985 illem
1232 2940 1333 3004 quum
1387 2920 1459 2998 Dei,
1482 2921 1565 3002 quod
1586 2921 1701 2987 ιιιιιιιι
1721 2920 1761 2985 ab
1783 2941 1820 2985 eo
1841 2919 2032 2986 liberabitur.
2066 2920 2163 2985 Nunc
2179 2941 2258 3003 ergo
2277 2919 2368 2984 vide-

357 3007 444 3082 dicit,
463 3006 621 3090 Inquirite
638 3011 667 3072 ef
686 3005 784 3071 viride
801 3024 844 3069 ou
863 3005 1022 3072 masculus
1036 3006 1156 3088 pariat.
1191 3005 1333 3086 Quidam
1387 3009 1460 3071 mue
1477 3027 1633 3087 quorsum
1650 3005 1763 3071 tendat
1780 3005 1840 3072 hoo
1855 3007 2036 3089 prophetae
2051 3005 2253 3071 vaticinium.
2282 3003 2367 3071 Ores

358 3094 457 3158 nimis
491 3093 614 3158 insulse
649 3091 765 3170 vertit,
798 3091 854 3154 An
888 3090 1051 3157 masculus
1085 3103 1235 3172 generet,
1270 3113 1334 3175 quo
1388 3112 1454 3156 non
1478 3092 1541 3158 erit
1562 3091 1655 3157 lectio
1678 3101 1812 3175 propter
1834 3091 2075 3158 consistorium.

359 3197 469 3242 errore
491 3187 557 3242 tam
578 3177 740 3242 inscitiam
765 3174 924 3257 prodidit,
959 3196 1056 3258 quam
1086 3177 1199 3242 iudicii
1227 3177 1332 3243 defec-

358 3267 446 3326 tum:
481 3273 551 3327 erat
574 3263 625 3326 vir
652 3261 778 3343 peritus
808 3258 940 3343 linguae
963 3260 1140 3341 hebraicae,
1174 3263 1231 3329 sed
1264 3273 1335 3329 erat
1473 3264 1502 3329 8.
1526 3262 1571 3328 Et
1592 3263 1652 3328 erit
1669 3263 1720 3328 die
1741 3261 1804 3341 illo,
1827 3263 1902 3328 dicit
1918 3262 2055 3328 Ιιιοιαι
2070 3261 2272 3344 ιιινοιιιιιιιιι,
2295 3281 2367 3328 cou-

358 3346 479 3412 latinae
510 3367 643 3429 expers:
679 3344 798 3410 deinde
828 3365 951 3410 vacuus
988 3345 1116 3411 indicio.
1168 3349 1336 3430 Propheta
1384 3348 1525 3432 friugcm
1545 3350 1654 3433 iugum
1676 3369 1693 3412 e
1713 3348 1788 3414 collo
1809 3354 1871 3426 tuo,
1894 3353 1923 3412 et
1939 3349 2064 3415 eiuratio
2082 3353 2138 3412 tuo
2155 3347 2366 3428 disrumpam,

358 3433 490 3516 quidem
514 3433 567 3496 hic
581 3441 736 3514 tanquam
749 3427 789 3494 de
801 3430 948 3513 prodigio
971 3430 1132 3513 loquitur:
1156 3441 1207 3497 eet
1223 3439 1333 3498 autem
1386 3438 1415 3499 et
1436 3454 1496 3500 uon
1519 3435 1642 3518 odipetf
1662 3433 1801 3518 amplius
1822 3453 1892 3498 auen
1914 3433 1956 3499 od
1978 3435 2156 3499 seruitutem
2177 3433 2286 3497 offerti.

357 3518 509 3583 naturale
532 3526 570 3582 ut
591 3515 755 3581 masculus
778 3524 926 3600 generet:
956 3516 1014 3582 sed
1041 3517 1093 3582 hic
1116 3538 1174 3599 per
1195 3517 1334 3583 ironiam

361 3599 898 3688 interrogatanpariatmaeculus,
913 3603 1167 3684 nempeinquit,
1181 3606 1332 3686 quoniam
1472 3605 1689 3687 Prosequitur
1720 3603 1877 3670 Ieremias
1916 3605 1999 3686 quod
2041 3605 2192 3686 proxima
2228 3603 2368 3668 lectione

358 3688 450 3753 Deus
483 3707 549 3752 non
582 3687 679 3751 aliter
711 3685 866 3751 cruciabit
898 3706 1011 3752 omnes
1043 3689 1145 3771 viros,
1176 3709 1272 3771 quam
1307 3690 1334 3754 si
1388 3689 1498 3774 attigi,
1531 3709 1648 3772 nempe
1670 3696 1841 3773 postquem
1865 3687 2029 3754 Dominus
2060 3689 2234 3773 castigavit
2263 3708 2366 3771 popu·

358 3782 468 3838 essent
505 3793 692 3855 puerperae.
745 3769 1028 3850 Quemadmodum
1066 3794 1144 3857 ergo
1180 3774 1335 3841 mulieres
1387 3775 1455 3841 lum
1477 3795 1591 3853 suum,
1622 3775 1754 3839 tandem
1783 3775 1937 3840 daturum
1967 3795 2038 3840 esee
2068 3776 2156 3839 vices
2179 3773 2363 3840 misericor·

357 3876 478 3924 nervos
500 3878 613 3924 omnes
635 3856 826 3930 extendunt,
849 3863 882 3919 et
904 3866 1119 3940 contorquent
1141 3859 1174 3923 in
1197 3861 1252 3925 illo
1275 3882 1332 3925 ex·
1387 3859 1459 3926 diae
1481 3880 1568 3940 suae,
1590 3868 1628 3925 ut
1651 3880 1725 3925 eum
1750 3862 1886 3943 recipiat
1907 3860 1941 3924 in
1961 3862 2108 3943 gratiam.
2145 3859 2234 3923 Dicit
2253 3867 2365 3925 autem

359 3952 464 4009 tremo
486 3943 648 4025 cruciatu,
678 3942 755 4006 dum
784 3943 899 4024 partus
921 3942 1040 4008 instat:
1070 3944 1116 4009 sic
1139 3946 1255 4024 etiam,
1283 3947 1332 4010 in·
1385 3947 1420 4010 in
1449 3964 1576 4012 summa
1605 3945 1829 4029 captivitatem
1858 3967 1923 4011 non
1953 3945 2021 4010 fore
2050 3954 2252 4029 perpetuam.
2298 3942 2366 4009 Sed

357 4030 437 4113 quit,
467 4028 529 4093 viri
552 4049 680 4105 omnes,
711 4035 743 4091 ιι
771 4025 907 4090 maseuli
930 4047 1046 4092 munus
1068 4049 1144 4095 sues
1166 4029 1334 4095 habebunt
1386 4030 1563 4097 tenendum
1586 4029 1743 4114 estquod
1768 4041 1843 4097 ante
1868 4030 2026 4108 diximus,
2058 4051 2177 4113 nempe
2201 4029 2367 4096 liberatio·

358 4121 509 4180 extentes
531 4134 629 4197 super
651 4110 778 4177 lumbos
795 4131 875 4192 prae
893 4111 1036 4178 horrore.
1070 4112 1209 4198 Deinde,
1231 4136 1334 4182 omnes
1386 4138 1461 4182 nem
1485 4117 1632 4198 promitti
1655 4115 1819 4194 fidelibus,
1850 4117 1906 4200 qui
1929 4138 1964 4182 ee
1986 4116 2152 4200 patienter
2173 4121 2207 4178 et
2230 4114 2366 4198 placidis

356 4199 461 4264 otulfus
482 4203 638 4264 amemur
659 4197 880 4278 inpellerent,
911 4196 1033 4280 inquit,
1062 4197 1122 4262 hoo
1145 4210 1208 4284 eet,
1239 4200 1332 4266 Dens
1385 4202 1503 4267 animis
1526 4202 1723 4267 subiecerint
1743 4201 1833 4282 Deo,
1863 4211 1896 4266 et
1918 4223 1984 4266 non
2007 4201 2233 4267 recusaverint
2256 4209 2364 4284 pater·

356 4285 557 4350 exanimabit
579 4302 691 4348 omnes
715 4282 813 4348 viros.
859 4282 1022 4348 Tenemus
1048 4304 1133 4348 nuno
1156 4286 1332 4367 prophetae
1385 4308 1462 4352 nam
1493 4287 1562 4352 eius
1591 4288 1845 4370 uestigationem.
1898 4288 1987 4371 Ergo
2017 4289 2044 4353 si
2075 4286 2224 4370 cupimus
2254 4285 2364 4351 Deum

356 4389 504 4436 sensum:
529 4389 604 4436 nam
626 4369 701 4452 quia
725 4365 854 4432 Iudaeis
874 4366 1063 4434 incredibile
1086 4377 1155 4434 aret
1177 4370 1331 4437 iudicium
1385 4371 1478 4438 nobis
1501 4393 1571 4437 esse
1594 4372 1780 4455 propitium,
1804 4373 1965 4455 patiamur
1987 4393 2045 4436 nos
2068 4372 2110 4436 ab
2132 4373 2204 4452 ipso
2226 4381 2366 4452 paterne

356 4454 437 4532 Dei,
460 4455 603 4536 oportuit
626 4473 736 4518 eorum
769 4451 925 4517 duritiem
955 4453 1148 4535 percellere,
1177 4456 1331 4536 quemad·
1385 4457 1556 4541 castigari:
1596 4460 1671 4541 quia
1710 4459 1738 4523 si
1771 4458 1979 4524 calcitramus
2012 4456 2170 4523 adversus
2203 4455 2365 4535 stimulos,

356 4540 489 4608 modum
523 4539 601 4603 facit
628 4539 682 4604 hio
705 4537 874 4621 prophete.
918 4537 1049 4602 Etenim
1073 4539 1099 4602 si
1121 4558 1199 4604 usus
1220 4541 1333 4608 fuisset
1386 4543 1520 4608 minime
1554 4543 1717 4626 speranda
1750 4549 1801 4610 est
1833 4545 1941 4628 venia,
1973 4543 2126 4624 quoniam
2160 4542 2254 4608 velut
2288 4539 2365 4606 data

356 4627 521 4693 communi
554 4621 707 4706 loquendi
741 4624 861 4703 forma,
898 4643 965 4686 non
999 4623 1137 4688 fuissent
1170 4627 1331 4691 commoti.
1385 4648 1482 4710 opera
1505 4637 1584 4695 tuno
1606 4648 1818 4711 provocemus
1840 4629 1949 4693 Deum
1973 4639 2085 4693 nostra
2108 4626 2239 4692 duritie.
2273 4626 2365 4691 Dicit

356 4714 447 4796 Ergo
476 4709 622 4792 respexit
648 4729 760 4773 eorum
784 4706 1016 4791 pervicaciam:
1043 4715 1077 4773 et
1107 4708 1178 4774 ideo
1207 4718 1330 4776 tantam
1384 4713 1496 4798 igitur,
1517 4713 1582 4780 Dic
1604 4715 1668 4796 illo,
1692 4734 1809 4796 nempe
1832 4724 2002 4797 postquam
2024 4713 2210 4796 legitimum
2233 4721 2363 4794 tempus

356 4797 597 4865 vehementiam
620 4793 779 4860 adhibuit.
824 4792 984 4874 quuiru‘te
1003 4813 1081 4877 ergo
1108 4799 1136 4858 et
1163 4795 1260 4860 videte
1290 4817 1333 4860 on
1384 4799 1579 4881 completum
1610 4799 1720 4863 fuerit:
1759 4800 1835 4881 quia
1863 4798 2165 4883 pseudoprophetae
2203 4797 2364 4863 inflabant

352 4885 462 4968 pariet
483 4881 650 4963 masculae,
673 4878 796 4960 inquit:
820 4878 909 4960 atqui
929 4879 1087 4942 masculos
1109 4899 1223 4944 omues
1242 4879 1332 4944 Deus
1386 4884 1539 4964 populum
1573 4904 1728 4966 perversa
1760 4883 1888 4966 fiducie,
1922 4905 1959 4950 ec
1991 4885 2019 4950 ei
2052 4882 2244 4950 liberandus
2277 4892 2364 4948 esset

356 4979 448 5053 coget
477 4967 518 5033 ad
541 4973 669 5052 gestum
692 4964 826 5031 minime
850 4961 994 5040 virilem,
1024 4962 1128 5046 qualis
1153 4964 1234 5029 eolat
1257 4984 1331 5029 con·
1384 4976 1459 5050 post
1482 4969 1664 5033 biennium:
1694 4968 1785 5034 Deus
1815 4971 1906 5036 iubet
1927 4969 2040 5036 fideles
2062 4990 2196 5035 manere
2224 4989 2363 5053 suspen·

355 5055 437 5139 spici
459 5055 493 5119 in
517 5052 694 5138 puerperis,
718 5050 772 5116 ubi
790 5049 824 5113 in
845 5048 958 5113 ultimo
979 5047 1059 5112 nixu
1082 5069 1152 5113 sese
1170 5056 1333 5132 torquent,
1385 5052 1430 5118 sis
1454 5054 1589 5134 animis,
1616 5057 1650 5118 et
1671 5074 1738 5119 non
1761 5056 1806 5120 ita
1828 5055 1993 5122 festinare.
2039 5055 2134 5120 Diem
2165 5054 2269 5139 igitur
2298 5053 2363 5118 illie

356 5141 440 5208 siout
462 5138 519 5205 ille
541 5147 592 5205 est
613 5157 762 5204 summus
792 5141 825 5201 et
854 5132 1082 5200 acerbissimus
1111 5132 1209 5199 dolor.
1254 5136 1333 5199 Pro·
1385 5138 1540 5220 assignat,
1563 5159 1681 5222 nempe
1703 5162 1824 5206 annum
1840 5141 2127 5225 septuagesimum,
2151 5137 2362 5223 quemadmo-

356 5226 468 5292 silient
495 5245 572 5308 ergo
602 5222 736 5291 masculi
765 5220 806 5286 ad
829 5219 1018 5286 indecorum
1048 5225 1177 5301 gestum
1208 5220 1263 5300 qui
1292 5221 1335 5286 sit
1387 5222 1462 5288 dum
1497 5231 1573 5289 ante
1607 5225 1716 5291 visum
1750 5227 1820 5292 luit.
1865 5226 1955 5291 Dicit
1987 5226 2097 5311 lupum
2130 5227 2209 5305 ciue,
2243 5243 2362 5306 nempe

356 5311 496 5396 prodigii
518 5312 631 5378 instar.
676 5308 843 5393 Sequitur,
1386 5307 1472 5390 regis
1495 5306 1676 5392 babylonii:
1709 5322 1821 5394 postea
1855 5310 1983 5379 diverso
2006 5331 2120 5390 sensu,
2147 5309 2275 5377 cicade
2297 5315 2361 5374 tuo.
