5158 6124
226 429 287 494 501
927 427 975 492 IN
998 425 1247 494 quentate.
1292 423 1388 493 OAP.
1411 427 1522 494 XXV.
2158 439 2221 505 502

226 615 359 694 soboles,
384 616 500 680 mento
522 624 663 679 statuere
686 621 837 698 poterant
867 612 979 678 foedus
1006 614 1198 698 gratuitum,
1248 633 1356 678 annm:
1387 614 1540 697 rapiendo
1566 615 1669 700 aspin
1694 639 1789 700 super
1815 618 2025 686 dohiwcnfnm
2051 644 2144 689 mum
2173 645 2221 691 cc·

226 722 288 785 qno
311 700 402 765 Deus
423 701 495 766 illos
517 699 577 765 sibi
602 699 822 782 adoptaverat,
845 701 1076 765 transmissum
1099 699 1139 763 ad
1163 720 1197 762 se
1249 698 1367 764 hauno
1403 697 1588 784 (clamorem
1620 703 1726 784 potius
1759 704 1983 789 generaliter),
2022 711 2117 789 qnasi
2147 730 2221 791 prc-

225 786 334 852 fuisee.
372 784 437 852 Sed
460 787 557 850 etiam
580 784 644 848 alio
667 805 764 850 sensu
789 792 893 866 potest
915 784 1001 848 sumi
1024 783 1197 860 invocatio,
1247 785 1394 848 medinm
1426 785 1562 851 torcular
1593 787 1785 870 respondebit
1818 809 1914 873 supa
1945 797 2067 859 aanor
2100 795 2219 862 incolas

226 872 376 954 quoniam
398 869 521 936 scilicet
543 870 688 952 quotidie
710 871 875 935 sacrificiis
893 868 1000 933 Deum
1024 867 1197 950 placabant
1246 873 1354 934 terroe.

227 967 260 1020 st
279 957 445 1039 precibus:
467 954 522 1019 ubi
545 954 683 1020 salutem
707 975 799 1019 suam
823 943 1098 1019 commendabant
1116 953 1196 1036 Deo,
1220 924 1223 1019 l

226 1061 354 1122 semper
375 1041 583 1106 coniunctum
607 1051 678 1104 erat
699 1040 912 1119 sacrificium,
940 1048 973 1105 et
1000 1039 1097 1103 simul
1123 1059 1195 1121 pro·
1331 1039 1459 1105 Nomen
1492 1057 1568 1110 ἩΤΙ
1596 1052 1729 1107 vertunt
1762 1044 1925 1128 celeuma,
1956 1044 2009 1110 rel
2039 1047 2217 1116 celeusmaz

225 1126 326 1192 missa
349 1135 419 1190 erat
442 1125 505 1190 illis
536 1124 687 1207 expiatio.
733 1125 849 1190 Posset
878 1125 979 1210 igitur
1009 1123 1069 1188 hoo
1101 1123 1196 1187 modo
1247 1123 1319 1188 aliis
1342 1127 1447 1209 magis
1469 1125 1576 1210 placet
1595 1137 1720 1192 vertere
1742 1127 1914 1212 lugubrem
1937 1133 2136 1198 cantionem:
2159 1135 2217 1199 sed

226 1212 311 1278 sumi
342 1211 477 1275 verbum
500 1209 669 1286 Invocari,
704 1210 755 1274 rel
783 1209 968 1274 invocatum
999 1219 1063 1283 εει,
1099 1221 1195 1298 ιιιριτ
1247 1209 1376 1291 saepius
1392 1213 1533 1277 occurrit
1548 1234 1646 1294 quum
1663 1213 1772 1296 agitur
1788 1213 1827 1279 de
1838 1215 2020 1282 vindemiis.
2044 1216 2218 1284 Deleusma

225 1296 311 1380 quod
336 1296 457 1361 scilicet
482 1297 587 1360 Deum
611 1296 733 1360 scireut
757 1294 817 1359 sibi
847 1317 916 1360 esse
946 1295 1138 1379 propitium,
1168 1295 1196 1358 si
1247 1310 1356 1360 autem
1380 1298 1545 1363 nauticum
1563 1307 1620 1374 est,
1643 1298 1914 1380 quemadmodum
1931 1302 2043 1367 scitur.
2082 1304 2216 1388 Etyma-

225 1382 395 1447 exanimo
416 1383 654 1463 resipiscerent.
688 1378 795 1461 Quum
813 1401 890 1464 ergo
906 1382 1091 1446 invocatum
1111 1387 1197 1444 esset
1246 1381 1331 1462 logia
1354 1382 1484 1464 quidem
1507 1392 1556 1448 est
1576 1384 1748 1466 generalis,
1775 1397 1807 1448 et
1829 1383 1972 1450 κελεύειν
1995 1393 2044 1452 est
2072 1386 2216 1454 hortari:

226 1488 344 1532 nomen
369 1465 432 1530 Dei
454 1467 489 1531 in
512 1467 592 1532 urbe
613 1465 687 1545 illa,
716 1467 772 1547 qui
798 1468 869 1531 fieri
893 1465 1001 1546 potnit
1023 1475 1060 1528 ut
1082 1473 1195 1546 gentes
1246 1475 1277 1530 et
1299 1466 1462 1533 celeusma
1484 1468 1566 1532 nihil
1589 1481 1639 1534 est
1665 1468 1754 1533 alind
1784 1489 1879 1551 quam
1910 1470 2102 1538 exhortatio.
2148 1472 2215 1540 Sed

225 1555 360 1636 impune
393 1551 570 1618 eraderent
608 1551 779 1630 iudicium,
820 1551 871 1615 oni
905 1550 1049 1615 subiecta
1090 1549 1195 1614 fuerat
1246 1553 1398 1634 quoniam
1423 1573 1485 1617 vox
1508 1552 1565 1617 illa
1587 1563 1713 1617 tantum
1737 1551 1777 1618 de
1806 1556 1914 1620 nautis
1943 1557 2114 1638 reperitur,
2142 1559 2215 1624 ideo

225 1648 337 1704 sancta
359 1637 495 1704 civitas?
517 1638 583 1702 Sed
601 1638 690 1720 prior
712 1636 872 1718 expositio
896 1635 976 1699 mihi
1000 1636 1103 1718 magis
1125 1636 1194 1716 pla·
1246 1637 1327 1702 mihi
1350 1638 1454 1720 magis
1476 1638 1599 1721 placuit
1622 1658 1740 1720 ponere
1771 1639 1920 1706 clamoris
1951 1661 2079 1706 nomen.
2123 1642 2215 1710 Dicit

225 1733 284 1790 cet.
331 1723 375 1787 ln
404 1743 468 1786 nnn
498 1723 631 1788 dubium
659 1733 708 1787 cst
738 1723 816 1804 quin
840 1721 931 1786 Deus
960 1719 1013 1786 hic
1043 1721 1195 1803 loquatur
1246 1723 1355 1804 igitur,
1382 1722 1432 1787 Tn
1447 1723 1599 1804 propbeta
1624 1729 1730 1788 contra
1760 1745 1810 1790 eos
1838 1723 1893 1790 hos
1922 1745 2025 1792 omnes
2051 1747 2214 1812 snnwnes,

225 1808 265 1873 de
287 1809 434 1892 gratuita
462 1807 651 1890 adoptione,
681 1827 744 1890 qua
771 1806 981 1889 adoptaverat
1009 1806 1070 1870 sibi
1092 1826 1193 1889 popu·
1244 1808 1370 1874 dicendo
1391 1809 1434 1872 od
1455 1827 1512 1873 cos.
1559 1809 1629 1873 Iam
1651 1809 1804 1874 admonui
1829 1810 2005 1893 prophetae
2028 1833 2094 1876 non
2115 1813 2215 1878 fuisse

225 1893 294 1959 lum
316 1893 427 1959 illum:
452 1893 528 1958 inde
550 1894 714 1957 invocatio
731 1892 780 1956 rel
797 1892 949 1974 gloriatio
965 1893 1004 1955 de
1020 1911 1085 1974 qua
1109 1911 1194 1955 nnnc
1245 1893 1355 1957 datum
1379 1893 1578 1972 mandatum,
1601 1905 1636 1958 ut
1659 1894 1871 1960 descenderet
1888 1893 1928 1959 ad
1947 1905 2070 1980 gentos,
2092 1907 2124 1963 et
2147 1899 2213 1962 sin·

225 1980 344 2063 agitur.
396 1976 560 2059 Quoniam
598 1989 705 2041 autem
742 1977 873 2041 difficile
901 1986 970 2041 erat
1000 1975 1193 2059 persuadere
1244 1978 1336 2060 gulas
1359 1978 1591 2059 alloqueretur:
1625 1978 1764 2061 deniqne
1790 1990 1827 2042 ut
1856 1980 1959 2044 obiret
1989 2001 2108 2046 munus
2138 2004 2213 2064 pro·

224 2063 382 2129 Israelitis
398 2064 482 2146 qood
499 2063 628 2126 dixerat
646 2062 812 2145 propheta,
829 2062 901 2125 ideo
917 2063 1073 2126 inculcat:
1092 2061 1192 2125 verbo
1244 2063 1408 2144 phetioum
1430 2063 1513 2145 apud
1537 2063 1617 2129 illas.
1652 2062 1717 2130 Sed
1736 2065 1886 2146 quamvis
1907 2065 2022 2146 pedem
2046 2066 2126 2130 urbe
2149 2089 2214 2133 non

224 2151 337 2213 eodem
361 2151 477 2229 repetit
500 2170 567 2212 rem
591 2151 669 2212 satis
691 2169 751 2230 per
772 2168 807 2210 se
827 2146 968 2212 claram:
990 2145 1035 2212 Et
1054 2167 1119 2224 cos,
1142 2148 1191 2210 in·
1244 2153 1400 2225 moveret,
1429 2148 1562 2214 effectus
1596 2159 1704 2213 tamen
1737 2147 1927 2231 prophetiae
1958 2152 2141 2232 penetrarit
2172 2153 2213 2216 ad

224 2235 305 2317 quit.
350 2233 422 2298 Non
450 2233 527 2299 dicit
558 2242 687 2297 tantum
709 2246 793 2320 tptn,
824 2229 880 2297 sed
911 2234 1002 2314 ponit
1024 2246 1120 2324 nstin,
1150 2252 1192 2296 un
1243 2255 1356 2298 omnes
1377 2241 1482 2297 terrae
1509 2234 1629 2318 plagas.
1675 2234 1749 2298 Non
1780 2235 1842 2298 fuit
1870 2236 1973 2318 igitur
2002 2237 2211 2315 praeconium

223 2319 348 2384 innoxii
369 2319 494 2384 macodo
517 2320 607 2384 eritis
627 2319 776 2382 innoxii?
800 2333 832 2382 et
854 2318 900 2382 ita
918 2317 1036 2381 refellit
1059 2337 1192 2400 perrer-
1243 2319 1400 2384 Ieremias
1434 2339 1565 2398 vanum,
1603 2321 1680 2401 qnia
1720 2319 1956 2384 intellexerunt
1992 2320 2105 2386 Iudaei
2139 2323 2212 2406 ipso

223 2427 292 2469 sam
326 2404 579 2479 contumaciam,
620 2424 683 2485 qua
720 2413 870 2486 poterant
904 2413 1035 2485 turgere
1067 2413 1191 2486 gentes,
1244 2414 1361 2468 eventu
1384 2404 1418 2467 in
1442 2403 1554 2486 lingna
1576 2405 2021 2488 sanctiririfuissespiritus
2038 2409 2212 2487 potentiam

223 2511 321 2573 quum
345 2503 377 2553 et
400 2511 475 2554 suas
498 2509 585 2572 opes,
609 2499 641 2552 ει
659 2488 913 2564 multitudinem,
937 2499 969 2551 et
990 2489 1053 2552 alia
1070 2500 1191 2569 specta·
1243 2490 1278 2553 in
1299 2489 1436 2554 salutem
1456 2492 1600 2554 omnium
1623 2490 1760 2572 piorum,
1785 2499 1817 2554 ει
1832 2490 1871 2553 ad
1894 2490 2078 2572 perdendos
2100 2512 2213 2558 omnes

223 2587 314 2640 rent:
343 2573 459 2638 deinde
487 2595 587 2656 quum
617 2583 808 2654 spernerent
836 2572 990 2656 quidquid
1013 2573 1192 2655 prophetae
1243 2573 1435 2640 incredulos.
1474 2573 1545 2637 Hoc
1568 2595 1665 2639 sensu
1689 2575 1792 2658 igitur
1812 2576 1930 2638 iterum
1953 2575 2088 2640 mandat
2111 2575 2211 2654 Deus,

222 2659 442 2742 lerosolymae
463 2659 655 2723 clamabant.
701 2658 772 2722 Hoc
802 2659 889 2722 onim
918 2657 1001 2722 nihil
1031 2659 1071 2722 ad
1095 2660 1190 2740 ipsos.
1243 2679 1280 2724 ac
1302 2659 1466 2741 praecipit,
1489 2664 1524 2722 nt
1539 2659 1698 2741 propbeta!
1716 2664 1821 2724 contro
1840 2665 1952 2742 penno,
1974 2666 2002 2725 et
2023 2662 2104 2742 ipsis
2120 2663 2212 2740 dicct,

221 2745 266 2810 Et
305 2745 519 2827 interrogatio
561 2766 618 2828 per
655 2763 689 2808 se
727 2755 775 2808 cst
804 2743 1012 2824 emphatica,
1061 2743 1189 2808 Vosne?
1244 2766 1308 2808 non
1331 2743 1416 2825 quod
1440 2764 1620 2809 sermonem
1651 2743 1692 2807 ad
1721 2745 1793 2809 illas
1824 2744 1994 2809 direxerit:
2025 2745 2081 2810 sed
2112 2767 2211 2828 quum

215 2831 388 2911 possetisne
410 2850 474 2894 essa
494 2829 560 2894 nilo
575 2828 662 2894 modo
684 2829 832 2893 innoxii?
855 2843 912 2920 ηρ]
938 2829 1100 2912 significat
1121 2849 1191 2893 esse
1243 2829 1383 2893 Iudaeus
1413 2827 1548 2905 doceret,
1579 2828 1694 2892 habuit
1721 2830 1791 2894 eius
1820 2827 1968 2894 doctrina
1996 2829 2147 2895 effectum
2177 2832 2211 2894 in

221 2917 407 2992 innoxium,
441 2915 497 2978 sed
532 2914 729 2978 transfertur
759 2915 799 2978 ad
835 2935 988 2996 poenam,
1022 2915 1114 2978 sicuti
1148 2926 1190 3006 tut
1243 2913 1391 2978 omnibus
1424 2913 1557 2996 populis.
1615 2912 1705 2977 Dicit
1737 2923 1862 2990 autem,
1902 2912 1992 2979 Dens
2024 2913 2062 2979 ab
2095 2915 2211 2981 anniso

221 3000 386 3083 significat
406 3000 509 3082 ipsam
525 3000 746 3080 iniquitatem:
769 2997 825 3063 sed
849 3002 978 3081 aculpa
996 2998 1036 3063 ad
1053 3017 1189 3079 poenam
1241 2999 1350 3080 rapiet,
1384 3002 1411 3062 et
1439 3017 1478 3062 eu
1506 2996 1680 3064 catenato
1701 2998 1883 3063 conutitutis
1914 3018 1992 3063 snae
2021 2999 2085 3064 edet
2113 3019 2212 3066 vocem

221 3088 426 3149 transfertur.
467 3082 523 3150 Sic
545 3082 662 3148 dicitur
685 3104 747 3148 non
772 3085 839 3148 fore
861 3085 1024 3158 innoxius,
1047 3083 1102 3164 qui
1126 3104 1189 3146 non
1242 3103 1343 3149 saun
1387 3082 1582 3165 Metaphora
1604 3083 1734 3167 rugitus
1756 3083 1836 3149 satis
1859 3084 1936 3146 trita
1964 3091 2024 3147 εει.
2070 3083 2211 3149 Videtur

220 3170 342 3252 poterit
371 3191 406 3234 se
432 3170 575 3234 eximere
608 3190 626 3234 a
660 3169 779 3234 iudicio
807 3168 872 3232 Dei
903 3189 1007 3250 neque
1035 3168 1190 3232 immunis
1242 3166 1370 3250 quidem
1394 3166 1521 3232 duriter
1549 3168 1610 3234 hoo
1640 3169 1845 3250 pronuntiari
1875 3167 1915 3233 de
1943 3169 2014 3250 ipso
2036 3168 2124 3234 Deo:
2154 3168 2211 3234 sed

220 3277 299 3321 esse.
345 3254 529 3321 Confirmat
551 3253 634 3320 hanc
656 3254 852 3318 sententiam
879 3274 977 3336 quum
1001 3251 1086 3332 dicit,
1115 3253 1191 3334 qnia
1242 3255 1361 3319 scimus
1383 3273 1481 3334 qoam
1505 3253 1589 3321 tardi
1612 3254 1680 3318 sint
1710 3254 1868 3330 homines,
1899 3264 1932 3317 et
1953 3273 2051 3336 quam
2075 3254 2135 3321 sibi
2159 3255 2210 3319 in·

220 3340 363 3422 gladium
385 3360 437 3422 epo
458 3338 573 3404 advoco
593 3357 688 3419 snper
709 3359 811 3404 mones
831 3339 949 3404 incolas
970 3343 1084 3420 terroe,
1114 3339 1191 3402 dicit
1243 3338 1399 3422 dulgeant
1420 3341 1453 3400 in
1478 3359 1535 3403 sua
1558 3339 1711 3413 socordia,
1734 3340 1883 3420 quamvis
1906 3338 1997 3402 Deus
2020 3337 2086 3402 illis
2110 3341 2212 3404 mine·

221 3423 570 3490 Icfrovobexercitnnm.
605 3423 695 3488 Haeo
707 3425 909 3490 confirmatio
925 3424 1061 3487 minime
1076 3442 1188 3503 super·
1242 3435 1305 3489 tur.
1340 3422 1536 3507 ErgoDeus
1558 3421 1781 3506 hyperbolicas
1800 3423 1954 3505 loquendi
1976 3424 2097 3489 formas
2119 3445 2212 3488 usur-

222 3530 325 3574 vaona
358 3519 424 3584 est,
468 3509 543 3590 qnia
583 3520 729 3572 creverat
762 3509 936 3573 insolentia
968 3509 1113 3592 gentium
1146 3529 1187 3571 ex
1242 3529 1323 3591 pans
1346 3509 1491 3592 coarguit
1514 3508 1681 3572 hominum
1707 3519 1881 3592 stuporem,
1910 3508 1986 3590 quia
2015 3528 2079 3572 non
2110 3510 2212 3591 possit

220 3593 394 3658 tolerantia
421 3594 484 3657 Dei
514 3613 614 3675 quum
651 3593 749 3676 longo
779 3603 941 3676 tempore,
977 3596 1042 3658 imo
1076 3593 1188 3659 multis
1242 3615 1296 3660 eos
1324 3593 1483 3676 loquendo
1512 3612 1643 3657 movere
1674 3593 1738 3657 nisi
1768 3594 1899 3658 modum
1930 3593 2074 3657 excedat.
2119 3593 2211 3659 Haeo

219 3681 284 3744 iam
303 3678 442 3744 saeculis
460 3679 719 3762 fuissentquieti‚
738 3687 771 3742 et
789 3678 908 3743 delitiis
927 3681 994 3744 suis
1005 3689 1186 3762 vacassent,
1241 3681 1343 3763 igitur
1372 3679 1452 3742 ratic
1482 3688 1531 3742 est
1560 3698 1618 3742 cur
1646 3699 1682 3742 se
1710 3677 1797 3743 leoni
1824 3689 1998 3761 comparet,
2027 3698 2093 3742 non
2125 3678 2210 3761 quod

220 3772 253 3828 ct
276 3764 482 3829 dormiissent
501 3765 593 3845 quasi
615 3765 648 3827 in
671 3764 739 3828 suis
762 3764 919 3842 faecibus,
951 3776 988 3828 ut
1010 3765 1085 3830 alibi
1108 3763 1187 3830 dici·
1242 3764 1413 3847 imaginari
1436 3772 1582 3845 oporteat
1603 3783 1675 3828 esse
1694 3763 1870 3847 quidquam
1886 3763 1920 3827 in
1937 3783 1974 3827 eo
1990 3762 2210 3829 truculentum

219 3859 283 3913 tur.
329 3849 494 3930 Propheta
524 3851 623 3931 igitur
651 3869 737 3914 nuno
760 3851 951 3931 pronuntiat
973 3849 1076 3914 Deum
1098 3851 1187 3914 aduc
1242 3859 1297 3912 aut
1318 3867 1468 3912 saevum:
1503 3849 1558 3912 sed
1580 3847 1646 3912 iam
1670 3848 1747 3926 dixi,
1778 3868 1843 3912 non
1874 3868 1968 3931 posse
1997 3846 2093 3912 aliter
2122 3849 2210 3914 effici

219 3953 290 3998 core
309 3933 453 4017 plotium
474 3953 570 4015 snper
592 3953 697 4000 omnes
719 3934 836 4000 incolas
857 3938 966 3998 terroe.
1013 3934 1096 3998 Nam
1116 3955 1187 3998 saa·
1242 3933 1406 4015 homines,
1438 3933 1497 3997 nisi
1528 3933 1618 3997 Dens
1648 3932 1785 3998 alienam
1816 3952 1988 4015 personam
2017 3931 2146 4014 induat,
2177 3945 2210 3998 at

220 4020 293 4100 pius
323 4031 356 4082 ει
386 4019 484 4083 variis
512 4019 614 4084 modis
644 4019 797 4101 populum
834 4040 928 4083 sunm
962 4020 1186 4100 castigaverat,
1242 4017 1375 4098 prodeat
1403 4017 1437 4080 in
1468 4017 1609 4081 modium
1643 4029 1799 4099 tanquam
1829 4017 1889 4100 leo,
1923 4019 1977 4099 qui
2008 4021 2119 4081 tamen
2149 4039 2213 4083 non

220 4123 319 4186 quum
343 4114 456 4186 gentes
479 4119 588 4167 essent
610 4115 703 4169 extra
718 4124 811 4168 omne
828 4102 1016 4187 periculum,
1041 4115 1073 4167 ει
1094 4115 1187 4168 extra
1241 4103 1366 4167 frustra
1387 4102 1464 4166 alibi
1487 4104 1602 4167 asserit
1624 4123 1658 4166 se
1681 4102 1811 4167 tardum
1834 4103 1874 4167 ad
1896 4104 1988 4180 iram,
2018 4122 2213 4184 propensum

220 4209 349 4253 omnem
380 4189 572 4254 molestiam.
619 4188 708 4254 Dicit
736 4201 843 4254 autom
874 4210 960 4255 nunc
988 4209 1021 4254 ee
1046 4188 1187 4274 glaudium
1242 4188 1281 4252 ad
1317 4186 1588 4264 misericordiam,
1624 4197 1658 4251 et
1688 4189 1802 4271 longae
1834 4188 2025 4270 patientiae,
2061 4192 2095 4251 et
2128 4186 2214 4271 quod

220 4275 379 4350 adamare,
408 4294 471 4356 quo
495 4283 708 4356 persequatur
729 4295 843 4340 omnes
866 4274 938 4338 illos
960 4274 1075 4356 quibus
1100 4276 1187 4339 risus
1242 4274 1398 4355 sequitur.
1455 4270 1605 4337 Sciamus
1638 4275 1748 4354 itaque
1783 4272 1930 4337 damnari
1966 4272 2103 4354 impium
2137 4293 2214 4338 con·

219 4360 326 4423 fuerat
359 4360 534 4442 ignoscere.
585 4359 716 4423 Dicitur
755 4371 864 4424 antem
898 4358 990 4424 Deus
1030 4357 1188 4424 advocare
1242 4367 1413 4442 temptum,
1443 4378 1508 4440 quo
1530 4357 1598 4421 fere
1620 4377 1732 4422 omnes
1754 4357 1903 4423 fascinati
1927 4371 2013 4434 sunt,
2044 4355 2099 4422 ubi
2122 4357 2214 4422 Deus

220 4455 286 4507 tam
317 4444 462 4527 gladium
488 4464 585 4524 quam
614 4444 770 4509 homines.
822 4445 906 4509 Nam
936 4444 1053 4509 dicitur
1081 4444 1189 4510 Nabu-
1241 4445 1287 4507 ita
1319 4465 1354 4508 se
1388 4443 1608 4525 transfigurat,
1641 4451 1673 4506 et
1705 4443 1833 4525 cogitur
1865 4464 1900 4507 se
1932 4441 2038 4507 facere
2072 4443 2213 4507 similem

219 4528 401 4594 chadnener
424 4547 585 4612 pugnasse
607 4529 668 4592 sab
685 4529 746 4592 Dei
762 4531 927 4611 auspiciis:
951 4529 1070 4594 dicitur
1089 4531 1188 4594 fuisse
1243 4528 1337 4592 leoni.
1382 4529 1473 4592 Dicit
1502 4537 1620 4606 autem,
1652 4527 1766 4610 Rapiat
1788 4524 1877 4592 Dens
1904 4527 1943 4592 ab
1970 4527 2096 4610 excelso,
2127 4533 2155 4591 et
2176 4547 2214 4592 cn

220 4615 314 4696 qnasi
337 4613 554 4679 conductitius
577 4613 677 4678 miles.
724 4613 789 4679 Sed
820 4614 858 4678 de
893 4613 999 4697 gladio
1030 4636 1116 4680 nuno
1146 4617 1189 4679 ln·
1242 4611 1416 4679 habitaculo
1437 4613 1708 4677 samnncsaae
1729 4610 1939 4677 cacconem
1960 4631 2061 4679 suan
2100 4612 2213 4692 Quum

219 4700 331 4782 quitur
347 4699 447 4775 Deus,
470 4711 506 4763 ut
528 4699 667 4763 sciamus
685 4699 718 4762 in
735 4699 869 4763 arbitrio
884 4703 953 4764 eius
968 4719 1038 4764 esse
1057 4721 1189 4764 morere
1243 4699 1282 4762 de
1304 4697 1431 4764 excelso
1454 4697 1608 4778 loquitur,
1631 4697 1795 4779 probabile
1817 4706 1866 4762 est
1889 4697 2054 4780 designari
2076 4696 2213 4762 coelum.

220 4784 303 4849 bella
326 4795 358 4849 ει
381 4784 494 4850 sedare
517 4785 642 4865 quoties
665 4785 770 4847 visum
796 4795 863 4848 est:
895 4795 928 4848 ει
957 4785 1002 4848 ita
1031 4783 1186 4867 gladium,
1243 4782 1474 4849 Habitacnlnm
1498 4790 1607 4845 autem
1635 4782 1817 4848 sanctitatis
1845 4802 1941 4865 saepe
1970 4781 2127 4863 accipitur
2155 4801 2213 4862 pro

220 4871 351 4935 tametsi
374 4881 521 4952 gestatur
544 4888 643 4932 manu
666 4869 821 4946 hominis,
845 4890 910 4933 non
935 4871 1055 4934 moveri
1079 4880 1188 4934 tamen
1243 4867 1427 4932 sanctuario
1455 4866 1508 4931 vel
1542 4867 1672 4950 templo.
1723 4867 1789 4931 Sed
1820 4868 1892 4931 aliis
1921 4867 2011 4942 locis,
2043 4865 2096 4930 ubi
2126 4864 2214 4930 idem

221 4955 361 5020 hominis
380 4954 523 5032 arbitrio,
546 4955 601 5018 sed
620 4953 681 5018 Dei
698 4955 985 5037 arcanoimpulsu.
1022 4953 1188 5036 Sequitur,
1243 4952 1409 5034 repetitur,
1445 4959 1580 5016 vocatur
1612 4953 1709 5017 stiam
1743 4952 1870 5016 coelum
1909 4950 2066 5015 habitatio
2101 4960 2214 5016 sancta

1246 5037 1315 5115 Dei,
1342 5039 1394 5101 rel
1424 5037 1616 5102 sanctitatis.
1661 5037 1792 5101 Interea
1820 5036 1900 5101 nihil
1933 5037 1996 5100 erit
2026 5034 2157 5100 absurdi
2185 5035 2213 5101 si

306 5124 357 5189 30.
381 5122 426 5188 Et
445 5128 479 5188 tn
497 5123 698 5204 prophetabis
727 5123 770 5189 cd
797 5143 846 5189 ecs
875 5121 954 5273 gel,
985 5127 1099 5187 contra
1122 5122 1188 5209 eos)
1243 5123 1387 5187 dicamus
1410 5120 1602 5204 prophetam
1632 5121 1694 5187 hoc
1724 5122 1793 5186 loon
1816 5119 1959 5186 alludere
1981 5119 2022 5185 ad
2045 5121 2213 5203 templum,

220 5210 326 5275 omnia
347 5207 439 5274 verbu
458 5208 545 5273 daec:
574 5215 601 5273 ct
621 5210 704 5274 dices
725 5209 807 5274 illis:
842 5209 878 5273 Ie
918 5208 978 5273 cair
1005 5207 1045 5272 ah
1073 5209 1189 5274 enesim
1243 5220 1275 5272 ct
1297 5207 1342 5271 ita
1364 5206 1507 5272 alludere
1529 5218 1564 5270 ut
1587 5206 1724 5272 Iudaeos
1746 5205 1874 5270 attollat
1903 5226 2043 5288 sursum,
2073 5207 2129 5288 qui
2158 5206 2215 5271 de·

221 5296 339 5377 rnqiet,
369 5298 396 5357 ct
423 5312 462 5357 ea
490 5293 663 5359 habitaculo
690 5295 864 5359 sorditatis
896 5313 972 5360 snae
997 5293 1061 5358 edet
1090 5313 1188 5358 nomm
1244 5293 1300 5356 lixi
1321 5302 1416 5356 erant
1438 5293 1471 5357 in
1486 5300 1622 5357 externo
1646 5292 1756 5374 templi
1773 5300 1967 5374 conspectu:
1991 5291 2057 5356 imo
2079 5293 2215 5357 circum-

1956 5392 2007 5446 32*
