5176 6106
357 462 422 529 399
1163 460 1548 530 Paauuuotuouus
1840 469 1843 474 '
2295 462 2363 528 400

356 655 434 740 qaid
454 652 575 720 dissui
593 654 665 717 suat
683 651 760 734 ipse,
781 653 927 715 ateana:
942 649 1022 731 eice,
1044 655 1073 715 et
1088 650 1221 733 proiecti
1236 669 1331 734 caper
1381 649 1451 715 deri
1474 649 1603 716 diserti:
1633 648 1691 716 sed
1713 649 1891 716 nenessitas
1919 649 2027 732 ipsum
2049 649 2157 733 coegit
2179 649 2228 716 ita
2247 649 2359 714 insur-

355 748 482 820 tcrrom‚
505 758 600 821 quam
622 757 687 802 noa
708 735 883 802 naucum?
1381 757 1458 821 gere
1479 734 1638 802 adversus
1660 736 1876 818 praefractam
1899 735 1987 801 illem
2009 745 2152 818 gentem,
2175 755 2260 817 quae
2282 734 2358 800 alio

1381 821 1438 904 qui
1471 821 1578 886 surdis
1614 821 1748 887 auribus
1786 820 2008 905 praeteriisset
2043 819 2131 903 quod
2163 818 2358 886 videbimus.

443 911 531 992 Quia
554 908 609 973 vix
631 913 758 990 poterat
778 905 910 972 Iudaeis
955 906 1122 972 ersuaderi
1145 905 1231 991 quod
1254 915 1330 972 ante
1381 907 1493 972 Primo
1515 908 1616 990 igitur
1640 908 1701 974 hac
1722 907 1924 990 praefatione
1949 905 2093 971 ostendit
2122 906 2294 990 prophete,
2323 927 2360 972 se

356 997 518 1149 progheta
539 993 738 1146 vaaciqatus
760 927 1145 1142 ιιιάᾶὶιιξὲιιίιιιιςὲ
1157 992 1332 1142 ιοιιιῑιιιέι
1383 993 1483 1142 ἕὲιιιιι
1517 994 1681 1143 ιιιιιΙιιιάιιιι
1709 991 1925 1143 ἀιάὴοιιίιέιέ
1949 990 2012 1141 dei
2041 990 2170 1142 ibdi‘odd'
2204 991 2361 1138 etteimul

357 1107 419 1152 ean
443 1103 495 1149 em
525 1103 582 1147 sen
621 1096 741 1144 nram:
773 1098 808 1143 se
877 1099 906 1144 ro
969 1098 1082 1160 qurur
1145 1101 1167 1144 n
1191 1099 1268 1144 uam
1313 1099 1331 1143 e
1426 1098 1521 1143 mone
1591 1098 1712 1144 uaeos
1775 1099 1793 1144 e
1829 1099 1947 1144 oerru
1972 1099 2024 1144 roe
2089 1099 2121 1141 ιιι
2198 1098 2359 1154 varcrnu,

356 1192 394 1238 re
414 1167 605 1236 incredibili.
650 1163 796 1246 Suscipit
828 1175 937 1229 autem
971 1166 1041 1247 ipse
1071 1100 1245 1247 persodam
1273 1163 1332 1229 ad·
1383 1165 1533 1246 quamvis
1564 1163 1713 1246 persuasi
1746 1175 1873 1240 essent,
1906 1184 2046 1249 regnum
2077 1161 2158 1227 illud
2187 1183 2361 1246 nunquam

357 1256 517 1334 mirantis,
540 1261 577 1318 ιιι
600 1250 653 1316 alii
677 1249 789 1314 mirari
811 1247 971 1314 desinant
1008 1247 1198 1334 Interrogat
1220 1250 1331 1333 igitur,
1383 1271 1477 1333 posse
1506 1249 1703 1315 labefactari.
1749 1249 1802 1315 Its
1830 1250 1864 1313 in
1895 1248 1956 1316 hac
1986 1247 2181 1333 repetitione
2211 1247 2361 1314 videmus

358 1344 473 1410 fierine
502 1339 606 1421 possit
635 1343 672 1399 ut
694 1333 832 1399 Iekania
860 1335 896 1398 in
925 1334 1077 1400 exsilium
1107 1337 1267 1419 trahatur,
1300 1345 1333 1400 et
1383 1355 1455 1400 esse
1477 1335 1642 1418 obliquam
1672 1335 1948 1418 increpationem:
1981 1334 2076 1418 quasi
2098 1333 2222 1399 diceret
2244 1333 2361 1400 surdos

358 1430 425 1494 illic
447 1426 566 1491 misero
596 1423 730 1504 pereat?
764 1420 861 1484 Nunc
883 1429 1032 1486 tenemus
1059 1421 1234 1487 consilium
1258 1441 1332 1504 pro·
1384 1419 1515 1502 quidem
1538 1421 1626 1504 ipsos
1648 1441 1728 1499 esse,
1763 1419 1821 1488 sed
1844 1423 1980 1486 trustra:
2014 1420 2170 1504 quoniam
2201 1429 2360 1503 cogentur

358 1515 487 1600 phetae,
517 1528 635 1591 nempe
664 1506 742 1589 quia
768 1526 910 1589 regnum
931 1506 1012 1571 illud
1035 1507 1196 1591 putabant
1218 1504 1333 1571 Iudaei
1384 1505 1537 1572 effectum
1558 1509 1721 1573 sermonis
1739 1507 1870 1584 sentire,
1893 1508 1946 1572 eui
1965 1524 2054 1570 nuno
2072 1503 2171 1570 fidem
2191 1506 2360 1588 abrogant.

357 1601 428 1666 fore
450 1605 655 1682 perpetuum,
685 1591 828 1673 oportuit
857 1591 920 1656 illis
949 1593 1057 1657 excuti
1086 1592 1185 1656 talem
1207 1592 1333 1674 opinio·
1387 1591 1488 1658 Terra
1509 1592 1620 1675 igitur,
1642 1597 1737 1675 terra,
1759 1598 1844 1658 terra
1865 1593 1952 1658 audi.
1999 1592 2070 1657 Iam
2094 1589 2253 1675 adiungit,
2278 1587 2363 1656 Scri·

359 1705 446 1764 nem,
475 1692 511 1748 ιιι
533 1680 654 1746 scirent
676 1677 785 1742 Deum
809 1698 874 1742 non
897 1677 1018 1742 trustra
1047 1677 1209 1742 minatum
1232 1678 1332 1743 tuisse
1384 1677 1445 1742 bita
1465 1678 1570 1743 cirum
1591 1677 1672 1743 bauo
1692 1679 1880 1761 solitarius,
1905 1677 1958 1744 rel
1976 1677 2100 1743 orbum.
2134 1675 2232 1758 Quod
2251 1677 2363 1742 existi·

359 1769 447 1855 quod
475 1777 552 1834 ante
574 1764 725 1830 vidimus.
771 1761 832 1827 Its:
862 1771 972 1828 autam
1000 1764 1034 1826 in
1058 1762 1119 1828 hac
1148 1764 1332 1846 interroga·
1385 1771 1478 1827 ment
1507 1762 1641 1845 quidam
1674 1784 1858 1828 sermonem
1890 1763 1944 1828 vel
1978 1761 2019 1828 ad
2053 1761 2202 1846 angelos,
2239 1761 2290 1830 vel
2320 1759 2363 1826 ad

358 1857 447 1923 tione
465 1853 571 1918 ironia
590 1847 759 1932 quaedam.
789 1846 956 1929 Propheta
974 1848 1060 1913 enim
1080 1867 1226 1914 asserere
1242 1857 1332 1913 certo
1385 1849 1562 1930 prophetas
1585 1848 1691 1932 dirigi,
1714 1852 1822 1915 nescio
1844 1869 1887 1915 an
1911 1851 2042 1916 firmum
2066 1849 2125 1912 eit:
2148 1850 2258 1930 potius
2282 1845 2363 1912 haec

358 1941 476 2024 potuit,
506 1943 540 2003 et
561 1932 762 2017 simplicibus
784 1933 908 1999 verbis:
940 1932 998 1998 sed
1021 1934 1159 1999 aliorum
1181 1946 1333 2016 respectu
1385 1934 1529 2016 loquutio
1549 1932 1681 1999 videtur
1703 1947 1835 2017 sumpta
1851 1955 1923 2000 esse
1941 1956 1984 2000 ex
2001 1934 2167 2000 communi
2189 1954 2263 2013 usu,
2286 1932 2364 2014 quia

357 2049 418 2112 per
439 2023 687 2090 admirationem
717 2017 858 2094 dubitat,
887 2018 939 2084 vel
970 2018 1118 2084 dubitare
1141 2020 1271 2086 videtur
1294 2019 1333 2083 de
1385 2019 1482 2085 scribi
1505 2019 1613 2084 solent
1635 2019 1773 2100 decreta,
1795 2041 1878 2103 quae
1897 2021 2009 2103 vigere
2027 2020 2150 2084 dehent
2166 2019 2265 2101 longo
2283 2027 2364 2082 tem·

359 2111 506 2200 prodigio
538 2107 603 2172 illo.
656 2104 758 2183 Dicit,
791 2102 846 2168 Aa
878 2105 1102 2170 ιίιιιιῑιινιιιιιε
1135 2105 1193 2170 alii
1225 2119 1333 2170 trans·
1386 2122 1480 2188 pore:
1504 2125 1581 2169 nam
1603 2105 1631 2170 si
1654 2105 1740 2188 quod
1763 2105 1905 2171 edietum
1928 2105 2156 2189 promulgatur
2179 2104 2221 2170 ad
2243 2123 2364 2187 paucos

359 2199 484 2272 lerunt,
514 2194 594 2258 Vas.
638 2188 859 2256 Sedvidetur
882 2191 1012 2272 proprie
1041 2190 1143 2274 accipi
1171 2189 1333 2268 hocloco,
1385 2188 1464 2270 dies,
1493 2211 1558 2256 non
1580 2190 1664 2256 solet
1686 2190 1791 2275 redigi
1813 2193 1850 2256 in
1872 2203 2088 2257 monumenta
2108 2189 2251 2272 publica.
2296 2187 2364 2256 Sed

360 2293 399 2350 ut
427 2279 576 2366 pluribus
606 2276 696 2353 aliis,
726 2295 784 2358 pro
813 2273 997 2340 simulacro.
1045 2277 1101 2342 Aa
1129 2296 1208 2360 ergo
1235 2277 1334 2344 eimu-
1385 2275 1443 2340 uhi
1474 2275 1528 2340 lex
1561 2275 1671 2358 aliqua
1704 2276 1817 2356 fertur,
1851 2297 1935 2360 quae
1967 2275 2053 2360 apud
2086 2285 2234 2360 posteros
2269 2295 2364 2341 suam

360 2369 481 2436 lacrum
508 2367 712 2444 mntemptam
736 2365 764 2426 et
785 2361 949 2428 aarum
977 2361 1066 2447 (eam
1089 2374 1145 2457 γιῦ
1174 2371 1224 2428 est
1247 2383 1334 2428 nuno
1386 2361 1595 2426 autoritatem
1628 2361 1788 2440 obtineat,
1823 2363 1977 2428 scribitur
2000 2364 2034 2426 in
2059 2360 2198 2444 publicis
2232 2359 2363 2427 tabulis.

361 2455 523 2531 disiieere,
557 2466 645 2514 nrrno
678 2446 859 2533 conterere)
887 2447 939 2510 uir
965 2447 1023 2512 ista
1053 2446 1202 2514 oasim?
1238 2447 1335 2512 Dixi·
1386 2446 1560 2530 Significat
1582 2447 1685 2531 igitur
1707 2448 1875 2531 propheta,
1903 2469 1967 2512 non
1991 2469 2086 2532 posse
2109 2445 2170 2513 hoo
2192 2445 2256 2512 Dei
2278 2445 2365 2510 iudi·

361 2561 434 2605 mus
458 2539 595 2620 primam
618 2532 776 2617 syllabam
800 2531 928 2596 detrahi
952 2551 994 2596 ex
1016 2534 1148 2599 uomina
1170 2554 1230 2615 per
1246 2533 1336 2615 igno·
1386 2532 1473 2598 cium
1497 2532 1568 2597 fieri
1590 2531 1731 2610 irritum,
1755 2555 1816 2600 nec
1838 2532 1908 2599 t'ore
1930 2543 2209 2612 momentaneum,
2234 2539 2269 2598 ut
2292 2551 2365 2614 pos-

361 2625 513 2690 miniam:
535 2622 661 2686 interea
682 2616 833 2699 quoniam
856 2616 946 2699 regia
968 2616 1112 2701 dignitas
1134 2619 1181 2684 sic
1204 2619 1336 2683 tenebat
1388 2617 1485 2682 tridie
1514 2617 1725 2702 negliguntur
1748 2618 1801 2685 vel
1822 2619 1979 2686 oblivioni
2009 2618 2188 2684 traduntur
2217 2618 2365 2684 decreta:

361 2710 500 2778 Iudaeos
532 2713 732 2788 excaecatos,
765 2707 891 2767 utnon
921 2713 1054 2783 possent
1086 2703 1184 2770 fidem
1215 2703 1336 2769 hahere
1389 2703 1446 2768 sed
1469 2704 1537 2768 iore
1559 2717 1683 2770 certam
1705 2715 1738 2769 et
1757 2706 1856 2770 fixam
1879 2705 1949 2770 eius
1972 2703 2193 2770 stabilitatem.
2236 2701 2368 2770 Secu

362 2794 524 2870 vaticinio,
559 2792 599 2856 de
621 2811 657 2855 re
678 2787 773 2872 quasi
802 2785 984 2853 incredibili
1017 2789 1207 2874 interrogat,
1240 2789 1337 2855 sicuti
1388 2789 1491 2873 igitur
1512 2789 1593 2853 hunc
1613 2789 1717 2854 cinam
1739 2791 1858 2855 orbam
1904 2789 2037 2856 Orbitas
2066 2797 2177 2854 autem
2204 2789 2286 2854 haec
2309 2807 2366 2870 op·

362 2882 485 2950 dictum
509 2886 566 2944 cst.
604 2875 660 2941 Aa
681 2894 748 2954 aas,
769 2873 885 2956 inquit.
924 2871 1056 2940 Scimus
1078 2859 1140 2956 ba,
1162 2874 1250 2958 apud
1271 2874 1337 2940 He-
1390 2875 1521 2958 ponitur
1543 2874 1608 2939 Dei
1631 2875 1849 2957 promissioni,
1877 2876 1913 2940 in
1936 2895 2001 2959 qua
2023 2874 2147 2942 dictum
2170 2883 2249 2953 erat,
2280 2894 2366 2939 sem·

361 2969 476 3034 bracos
507 2963 610 3046 accipi
639 2982 698 3045 pro
721 2980 756 3024 re
779 2958 939 3042 qualibet:
975 2981 1050 3026 nam
1073 2972 1106 3026 et
1129 2981 1208 3028 vasa
1236 2961 1337 3025 etiam
1390 2960 1538 3042 pertore
1565 2961 1622 3042 qui
1649 2961 1861 3027 succederent
1883 2963 1916 3026 in
1939 2961 2047 3027 locum
2069 2960 2211 3026 Doridis
2233 2981 2275 3025 ex
2297 2960 2368 3024 eius

362 3053 518 3118 dixerunt
553 3058 682 3112 veteres
718 3065 850 3110 omnem
889 3045 1139 3128 supellectilem.
1197 3044 1338 3126 Quaerit
1390 3046 1524 3122 semino,
1549 3046 1738 3128 quantisper
1760 3055 1871 3112 esseut
1891 3047 1941 3113 sol
1963 3056 1997 3112 et
2019 3046 2098 3112 luna
2116 3047 2151 3111 in
2170 3045 2268 3111 coelo.
2302 3043 2368 3110 Hic

362 3139 464 3219 igitur
497 3155 539 3198 cr:
568 3134 609 3198 sit
638 3153 696 3196 cas
726 3129 958 3213 sumptum,
991 3153 1033 3197 an
1059 3133 1102 3197 eit
1129 3152 1187 3198 cue
1215 3133 1250 3196 in
1277 3153 1337 3214 quo
1389 3143 1498 3196 autem
1532 3131 1699 3216 significat
1731 3133 1890 3216 propheta
1922 3133 2015 3197 illam
2049 3133 2298 3215 promissionem
2327 3128 2368 3194 de

363 3222 454 3288 cultu
475 3221 517 3284 sit
538 3215 721 3284 οὸῑεοιιιιῗοὲ
753 3216 847 3279 sicuti
872 3227 947 3280 ante
971 3217 1098 3282 dixerat
1124 3217 1335 3284 simulacrum
1389 3218 1545 3283 continua
1569 3218 1772 3282 successione
1794 3217 1924 3302 generis
1946 3239 2013 3282 non
2037 3217 2106 3282 iore
2130 3226 2235 3282 ratem
2257 3217 2291 3281 in
2313 3214 2367 3279 Ie·

363 3315 595 3386 contemptum.
647 3300 687 3366 Ut
716 3301 795 3380 quid
822 3301 945 3366 dmiecfi
973 3307 1047 3366 aaut
1073 3303 1151 3384 ipse,
1180 3306 1208 3367 et
1234 3323 1337 3368 semea
1389 3303 1504 3366 leonia:
1535 3315 1569 3366 et
1591 3301 1691 3382 addit,
1723 3302 1856 3369 scribite
1878 3303 1974 3368 etiam
1995 3303 2108 3386 vuum,
2140 3303 2192 3368 cui
2213 3320 2368 3384 prospere

362 3394 442 3474 rias,
472 3387 649 3470 etproiecti
670 3389 742 3450 sunt
764 3386 799 3449 ia
821 3390 949 3468 temam,
977 3406 1073 3468 quam
1094 3407 1156 3452 noa
1177 3394 1337 3471 moerent,
1389 3407 1452 3452 non
1472 3388 1609 3452 suecedet
1629 3388 1664 3452 ia
1686 3387 1793 3454 dubus
1813 3391 1899 3454 suia:
1920 3390 1986 3454 imo
2009 3387 2170 3471 particula
2188 3402 2219 3456 ι)
2238 3385 2368 3453 ridetur

364 3478 425 3544 hoo
443 3486 503 3554 est,
525 3494 625 3556 super
647 3483 769 3535 terram
791 3470 971 3536 remotam?
995 3485 1028 3536 et
1045 3472 1167 3538 seimus
1187 3470 1249 3539 hoo
1265 3493 1337 3539 esse
1389 3473 1472 3536 mihi
1492 3473 1553 3538 hoc
1573 3473 1643 3538 loco
1661 3494 1790 3555 augere,
1811 3475 1902 3557 quasi
1922 3473 2047 3540 dictum
2065 3482 2161 3554 esset,
2184 3473 2254 3538 Irae
2273 3473 2369 3538 dium

363 3564 486 3637 durius,
517 3559 573 3625 ubi
603 3557 674 3638 quis
703 3557 801 3638 longe
830 3556 1032 3622 abstrahitur
1060 3559 1216 3640 apetria.
1262 3558 1338 3623 Non
1389 3557 1485 3640 nulli,
1517 3557 1567 3622 rel
1599 3560 1722 3623 nemini
1750 3579 1900 3641 prospere
1928 3561 2066 3626 suecedet
2089 3558 2368 3624 exaestuemus.

361 3649 499 3716 dubium
532 3645 634 3729 igitur
667 3651 717 3707 est
747 3643 825 3722 quin
859 3642 1018 3725 propheta
1050 3643 1227 3725 amplificet
1260 3644 1337 3710 mali
1389 3643 1536 3707 Tandem
1570 3643 1701 3708 additur
1731 3645 1922 3726 explicatio:
1961 3645 2044 3728 Quia
2075 3663 2162 3710 mmo
2192 3643 2307 3710 sedebit
2334 3643 2369 3706 ιἰι

385 3735 560 3800 raritatem
587 3749 688 3813 quum
711 3727 854 3807 loquitur
876 3727 916 3792 de
939 3737 1027 3793 terra
1054 3729 1231 3812 incognita.
1276 3729 1337 3795 Ze·
1388 3728 1467 3793 solio
1488 3726 1639 3810 Desidia,
1662 3733 1689 3794 et
1711 3749 1799 3794 nemo
1819 3729 2035 3796 dominabitur
2055 3731 2092 3795 ia
2110 3728 2263 3794 Iebadcb.
2298 3726 2369 3791 Iam

361 3755 476 3884 dalaiae
498 3820 588 3882 enim
611 3815 667 3898 qui
689 3811 770 3880 solio
802 3812 975 3894 impositus
997 3824 1056 3892 est,
1087 3827 1158 3880 erat
1187 3826 1336 3899 patruus.
1390 3814 1511 3878 mirum
1533 3823 1680 3892 nonest,
1713 3816 1740 3879 si
1765 3814 1880 3881 ludaei
1908 3815 1948 3881 ah
1977 3817 2039 3882 hoc
2061 3815 2126 3879 Dei
2154 3814 2272 3880 iudicio
2303 3833 2369 3876 non

362 3905 417 3970 Ex
444 3903 584 3986 posteris
616 3908 725 3966 autem
757 3897 828 3962 eius
862 3900 986 3980 primus
1019 3901 1080 3966 luit
1109 3899 1272 3968 Saslthiel
1303 3903 1338 3966 in
1390 3919 1484 3965 secus
1508 3907 1604 3981 atque
1625 3919 1645 3963 a
1666 3910 1818 3983 portento
1840 3902 2088 3967 abhorruerint:
2112 3899 2189 3965 hino
2212 3901 2300 3965 enim
2325 3901 2369 3964 vi·

362 3989 477 4057 exsilio
501 3997 606 4052 natus.
652 3985 748 4051 Nunc
770 3982 929 4064 sequitur,
1390 4005 1447 4051 sus
1469 3993 1520 4050 est
1544 3986 1633 4051 Deus
1656 4005 1768 4052 secum
1796 4007 1953 4072 pugnare,
1984 3988 2060 4068 quia
2089 3995 2232 4051 testatus
2262 3986 2372 4049 fuerat

1391 4070 1503 4136 foedus
1533 4091 1630 4136 suum
1661 4092 1828 4154 nunquam
1858 4073 1926 4137 fore
1957 4073 2100 4154 irritum,
2134 4080 2168 4136 et
2189 4079 2291 4136 testes
2314 4067 2372 4134 ad·

450 4158 502 4224 29.
528 4157 637 4232 Terra,
660 4161 754 4238 terra,
777 4159 873 4236 terra,
898 4156 977 4220 cudi
998 4175 1170 4222 remouere
1194 4158 1339 4224 lelcvae:
1391 4169 1565 4222 vocaverat
1587 4157 1688 4222 solem
1712 4169 1745 4222 et
1764 4161 1886 4223 lucam.
1921 4157 1987 4223 Ubi
2008 4157 2110 4240 igitur
2133 4156 2243 4222 deficit
2265 4165 2373 4238 poste·

450 4244 502 4310 30.
528 4242 673 4309 Sicdicit
690 4240 836 4324 lehovult,
862 4239 992 4306 scribite
1011 4243 1117 4306 atrum
1133 4244 1215 4310 huuc
1231 4244 1340 4310 orbam
1392 4244 1471 4306 ritae
1499 4240 1647 4317 Doridis,
1682 4243 1733 4308 vel
1763 4243 1881 4307 saltem
1912 4242 1969 4307 ubi
1999 4244 2117 4308 solium
2152 4241 2303 4320 diruitur,
2338 4249 2374 4304 et

364 4327 431 4416 (vel
453 4326 658 4412 solitarium),
681 4328 793 4408 viram,
816 4327 867 4392 oui
885 4348 1034 4410 prospere
1055 4348 1117 4393 aco
1138 4331 1198 4395 crit
1219 4331 1254 4395 ιἰι
1275 4331 1340 4396 die
1392 4345 1488 4391 nemo
1518 4333 1632 4408 postea
1661 4346 1827 4393 successor
1856 4337 2001 4410 apparet,
2031 4327 2163 4394 videtur
2184 4318 2267 4393 fides
2296 4347 2373 4410 pro·

364 4417 423 4482 cru
444 4415 529 4479 suis:
558 4414 635 4494 quia
651 4431 801 4497 prospere
821 4431 883 4478 ιιοιι
903 4413 1023 4479 habebit
1045 4415 1213 4496 quisquam
1234 4435 1271 4480 eu
1292 4435 1339 4480 se·
1392 4412 1557 4478 missionis
1576 4433 1648 4478 esse
1666 4411 1795 4489 abolita,
1818 4413 1903 4496 quod
1922 4425 1973 4480 est
1991 4413 2273 4480 absurdissimum.
2304 4410 2373 4478 Sed

363 4499 669 4566 minaciussedcns
695 4499 1098 4582 superobumbrantes,
1126 4505 1154 4566 et
1174 4501 1340 4568 domimus
1392 4497 1484 4563 Deus
1518 4499 1572 4580 qui
1607 4498 1800 4563 mirabiliter
1833 4500 1916 4583 agit,
1955 4500 2063 4583 potuit
2098 4499 2197 4564 talem
2229 4517 2372 4581 poenam

365 4586 467 4654 αάΙιιιι
488 4587 523 4651 te
546 4583 698 4650 luceat.
1392 4583 1524 4668 exigere
1547 4583 1586 4648 de
1607 4583 1741 4648 lekania
1764 4591 1797 4649 et
1820 4585 1890 4650 eius
1911 4585 2089 4652 similibus:
2111 4585 2238 4652 interea
2260 4594 2372 4649 autem

1392 4689 1509 4734 arcano
1529 4667 1625 4734 modo
1641 4679 1673 4734 et
1693 4669 2016 4754 incomprebensibili
2038 4672 2176 4750 efficere,
2198 4691 2238 4736 ne
2259 4670 2373 4734 foedus

453 4755 637 4822 Confirmat
665 4755 783 4821 melius
811 4756 971 4840 propheta
992 4755 1079 4839 quod
1102 4777 1206 4841 nuper
1236 4759 1339 4841 attigi.
1392 4753 1478 4836 quod
1502 4756 1669 4837 pepigerat
1691 4777 1826 4838 prorsus
1849 4756 2023 4823 excideret.
2069 4755 2274 4841 surripitur
2297 4755 2373 4820 ahs·

367 4842 482 4923 Neque
505 4842 592 4906 enim
615 4860 817 4920 supervacua
839 4852 889 4906 est
912 4843 1073 4923 repetitio,
1094 4864 1195 4925 quum
1219 4854 1340 4909 terram
1393 4838 1525 4906 condita
1552 4841 1614 4904 Dei
1647 4843 1753 4924 gratia
1781 4845 1821 4908 ad
1852 4854 1990 4925 tempus,
2024 4841 2082 4908 sed
2113 4862 2282 4925 nunquam
2314 4861 2373 4906 ex·

368 4935 419 4992 ter
441 4926 606 4992 inclamat.
650 4927 736 4991 Nam
770 4927 867 4991 sicuti
900 4929 1048 5009 repetitis
1081 4928 1199 4994 ictibus
1232 4929 1341 4995 mallei
1394 4927 1514 4991 stincta
1538 4926 1606 5003 tuit,
1629 4926 1707 5009 qnia
1730 4929 1862 4994 tandem
1885 4928 2027 4993 surrexit
2050 4929 2201 4994 surculus
2219 4947 2238 4991 e
2253 4937 2373 4993 trunco

368 5013 583 5078 contunditur
605 5013 681 5078 terri
704 5011 850 5088 durities,
883 5011 928 5076 ita
951 5015 1109 5095 propheta
1132 5015 1265 5081 iteravit
1287 5037 1342 5082 vo·
1395 5012 1468 5088 lsai,
1493 5011 1765 5092 quemadmodum
1787 5015 1906 5082 dicitur
1928 5011 2013 5094 apud
2037 5012 2168 5080 Isaiam.
2206 5013 2372 5079 Videntur

369 5117 440 5162 cem
459 5108 576 5177 terrae,
601 5103 637 5162 ιιι
655 5097 892 5163 contumaciam
910 5096 997 5162 illam
1018 5103 1205 5182 corrigeret,
1225 5102 1259 5166 iu
1278 5122 1343 5184 qua
1395 5111 1502 5161 tamen
1528 5097 1628 5162 verbe
1649 5099 1745 5165 aliter
1768 5120 1893 5164 sonere.
1936 5097 2083 5164 Vocatur
2105 5101 2193 5166 enim
2216 5097 2373 5166 lothonie

368 5182 484 5248 Iudaei
506 5184 738 5260 obduruerant,
761 5193 798 5246 ιιι
821 5183 930 5247 nullae
951 5184 1014 5247 Dei
1037 5184 1145 5249 minae
1166 5187 1254 5268 ipsos
1278 5208 1344 5252 mo·
1394 5183 1569 5266 solitarias,
1596 5183 1723 5260 deinde,
1752 5185 1873 5266 infelice,
1904 5193 2068 5265 postremo
2091 5199 2190 5270 negat
2211 5184 2374 5268 propheta

371 5279 495 5335 serent.
540 5268 654 5352 Neque
676 5269 764 5338 enim
787 5266 954 5334 affectavit
984 5269 1069 5335 hanc
1090 5270 1342 5352 vehementiam,
1395 5268 1462 5333 fore
1483 5289 1665 5352 quenquam
1684 5292 1726 5336 ex
1744 5269 1814 5334 eius
1832 5269 1998 5352 progenie,
2021 5271 2077 5351 qui
2098 5271 2211 5337 sedeat
2227 5272 2261 5336 in
2282 5272 2374 5354 ragio

366 5353 643 5436 quemadmodum
666 5355 774 5422 solent
795 5355 953 5434 rhetores,
981 5366 1014 5420 et
1034 5355 1088 5438 qui
1111 5367 1271 5438 appetunt
1293 5360 1343 5424 ri·
1396 5353 1486 5419 solio.
1531 5354 1599 5421 Sed
1624 5353 1805 5420 tenendum
1832 5361 1884 5420 est
1906 5355 2005 5420 verba
2034 5355 2115 5423 hacc
2144 5357 2301 5444 restringi
2331 5355 2374 5424 ad
