5134 6124
390 432 453 497 203
1199 425 1587 493 Patuuuculoutts
2332 422 2390 487 204

390 618 665 705 quemadmodum
695 625 772 682 aute
801 616 924 682 dietum
953 615 1030 698 luit,
1060 626 1093 680 et
1120 617 1240 680 iterum
1270 613 1367 698 paulo
1419 617 1590 698 quutioue:
1611 637 1686 680 nem
1706 617 1867 700 siguificat
1885 615 1972 680 idola
1990 615 2136 698 gentium
2155 611 2290 678 destitui
2307 613 2389 676 omni

390 718 463 790 post
485 705 676 771 videbimus.
722 701 888 785 Quidquid
911 701 963 784 sit,
986 700 1102 766 habuit
1124 702 1244 767 iustam
1269 701 1366 765 ratio·
1420 702 1574 784 potentia.
1610 702 1699 786 Ergo
1722 701 1801 768 dare
1823 701 1972 786 pluviam
1995 699 2155 782 accipitur
2177 719 2236 781 pro
2254 718 2293 763 ao
2310 697 2390 780 quod

391 814 467 858 uem
490 789 654 875 precandi,
685 809 784 872 quum
815 789 947 865 diceret,
979 788 1029 852 Ne
1056 788 1168 868 foedus
1195 792 1282 851 tuum
1304 786 1366 851 des·
1421 800 1471 853 eat
1504 789 1614 853 fovere
1648 788 1829 854 humanum
1863 807 1985 874 genus,
2020 786 2071 851 vel
2106 785 2266 850 auxilium
2302 785 2389 860 ferre,

390 879 495 945 solvas
524 876 690 943 uobiscum.
736 873 801 940 Sed
828 875 898 940 Deo
925 873 986 938 luit
1016 873 1080 938 alia
1110 873 1236 938 occulta
1268 873 1366 937 ratio:
1420 873 1631 956 suppeditare
1655 873 1739 956 quod
1762 895 1893 941 necesse
1916 881 1975 951 cat,
1998 884 2032 936 et
2054 870 2168 956 largiri
2190 889 2320 935 omnem
2344 870 2391 935 bc·

391 966 437 1030 sio
460 965 547 1027 euim
571 961 703 1039 delevit,
733 961 839 1043 quoad
869 979 1004 1024 sensum
1031 980 1238 1025 communem
1262 959 1367 1022 homi·
1421 980 1538 1024 uorum
1562 959 1699 1042 copiam.
1746 961 1871 1026 Paulus
1900 960 1999 1025 etiam
2030 977 2132 1041 quum
2155 957 2227 1022 Deo
2251 956 2323 1021 vult
2345 977 2390 1020 as·

391 1071 480 1128 num,
514 1049 626 1114 foedus
654 1046 752 1122 illud,
784 1067 847 1129 quo
869 1044 984 1110 ludaei
1014 1047 1173 1128 putabant
1202 1065 1277 1110 eum
1306 1044 1367 1111 sibi
1420 1065 1529 1110 serere
1551 1067 1644 1111 suam
1668 1049 1857 1128 potentiam,
1881 1045 2024 1129 loquitur
2047 1044 2087 1108 de
2108 1042 2237 1125 pluvia:
2271 1051 2303 1106 et
2325 1063 2390 1106 sae·

391 1157 462 1202 esse
485 1135 686 1210 obstrictum,
709 1145 747 1197 ut
770 1142 881 1197 tamen
903 1152 1006 1196 verax
1029 1144 1190 1196 maneret:
1214 1131 1367 1214 quoniam
1421 1132 1494 1213 pius
1515 1131 1620 1197 Isaiae
1644 1133 1749 1196 utitur
1773 1134 1833 1198 hoc
1855 1130 2008 1215 loquendi
2032 1149 2161 1214 genere.
2199 1128 2290 1193 Dicit
2307 1147 2391 1212 orgo,

391 1243 434 1286 ex
453 1221 597 1287 mnobris
618 1219 750 1284 tandem
773 1218 901 1282 refulsit
918 1218 988 1282 eius
1008 1217 1128 1282 veritas
1146 1223 1220 1300 post
1237 1216 1367 1281 finitum
1421 1216 1476 1280 Aa
1503 1217 1539 1282 ia
1567 1218 1758 1284 vanitatibus
1785 1215 1949 1302 gentium?
1983 1216 2049 1282 Hic
2078 1214 2234 1298 probrose
2261 1214 2392 1279 damnat

391 1316 523 1391 tempus
546 1305 665 1371 exsilii.
686 1353 689 1360 -
709 1305 741 1370 N
744 1325 806 1369 unc
829 1305 986 1387 sequitur,
1420 1323 1534 1369 omnes
1556 1304 1815 1387 superstitiones.
1856 1304 1971 1387 Neque
1993 1303 2079 1368 enim
2102 1311 2198 1367 vocat
2220 1299 2297 1366 daos
2319 1321 2392 1384 geu·

1421 1390 1514 1465 tium,
1549 1399 1585 1456 ut
1613 1390 1778 1478 ambigua*
1797 1391 1877 1455 haec
1907 1390 2052 1472 loquutio
2082 1407 2179 1469 saepe
2207 1385 2294 1468 apud
2323 1406 2393 1468 pro·

361 1481 366 1492 '
478 1479 529 1542 22.
553 1477 607 1542 Aa
628 1479 662 1542 ia
686 1477 782 1542 idolis
803 1474 869 1561 (vel
893 1473 1106 1560 vanitatibus)
1134 1477 1284 1558 gentium,
1313 1475 1368 1554 qui
1421 1474 1537 1558 phetas
1555 1477 1703 1559 ponitur:
1735 1476 1791 1542 sed
1814 1477 1966 1542 vanitates
1986 1475 2134 1557 vettium.
2179 1475 2235 1537 Aa
2256 1474 2324 1553 erit,
2347 1473 2393 1536 iu·

386 1567 499 1648 pluere
518 1563 643 1646 fouet?
666 1568 695 1627 et
716 1583 759 1627 aa
781 1561 857 1628 coeti
879 1560 998 1626 dabunt·
1012 1561 1160 1644 pluviam
1182 1560 1257 1645 (vel,
1277 1571 1310 1624 et
1326 1581 1366 1624 au
1421 1563 1499 1642 quit,
1522 1564 1576 1643 qui
1592 1563 1704 1643 pluere
1722 1563 1847 1643 faeiat?
1871 1569 1898 1628 et
1921 1583 1964 1628 aa
1985 1561 2061 1627 coeli
2083 1559 2202 1624 dabunt
2224 1558 2391 1639 pluviam?

393 1672 434 1717 ex
457 1651 554 1715 coelis
587 1649 711 1714 dabunt
740 1647 923 1732 pluviam)?
956 1668 1060 1712 nauca
1088 1653 1123 1712 tu
1144 1648 1211 1730 ipse
1234 1645 1368 1711 lebovab
1421 1647 1493 1729 Ego
1517 1647 1673 1712 libentius
1697 1649 1910 1731 interpretor:
1941 1649 1995 1712 Aa
2017 1667 2055 1711 eu
2076 1646 2170 1712 coelis
2191 1645 2310 1710 dabunt
2327 1644 2393 1724 plu·

392 1735 483 1803 Deus
505 1736 633 1801 uester?
657 1741 684 1800 et
705 1736 902 1817 speravimus
923 1734 958 1798 ia
979 1738 1006 1798 te
1028 1731 1305 1817 (exspectavimus
1327 1731 1366 1795 ad
1421 1735 1529 1797 viam?
1554 1755 1621 1798 nou
1645 1735 1731 1798 enim
1755 1735 1888 1799 videtur
1910 1733 1990 1798 mihi
2013 1733 2093 1798 satie
2117 1732 2288 1814 quadrare,
2312 1733 2338 1794 si
2358 1728 2393 1794 dc

392 1822 447 1908 te),
470 1822 617 1904 quoniam
640 1827 675 1886 tu
695 1821 798 1903 fecisti
819 1821 926 1886 ovinia
947 1818 1031 1886 baec.
1421 1819 1519 1885 coelis
1542 1819 1708 1902 loquatur:
1733 1827 1842 1885 tamen
1866 1823 1892 1886 si
1917 1821 1967 1886 cui
1991 1819 2095 1902 magis
2118 1818 2246 1902 placeat
2269 1825 2393 1897 recepta

1423 1904 1479 1970 illa
1508 1907 1678 1988 expositio,
1712 1907 1756 1971 sit
1786 1907 1923 1973 liberum
1953 1904 2123 1970 iudicium.
2172 1903 2270 1984 Quod
2301 1903 2329 1967 si
2359 1901 2394 1966 de

478 1993 544 2060 Hic
576 1993 734 2058 Ieremias
768 2003 802 2057 ut
839 1993 898 2056 Dei
933 1992 1077 2056 favorem
1113 1991 1175 2057 sibi
1208 1989 1367 2066 conciliet,
1422 1993 1520 2057 coelis
1550 1991 1611 2057 hoo
1641 1993 1763 2058 dietum
1793 1994 1850 2070 sit,
1885 1993 1949 2057 erit
1978 2000 2209 2074 argumentum
2238 1987 2394 2054 aminori

393 2081 472 2146 dicit
494 2079 556 2144 hoc
574 2080 608 2142 in
627 2079 724 2145 rebus
747 2079 904 2144 extremis
927 2099 998 2142 esse
1021 2079 1153 2142 unicum
1177 2075 1368 2152 remedium,
1394 2107 1396 2143 t
1422 2077 1463 2142 ad
1484 2080 1599 2144 maius.
1631 2078 1681 2144 Ne
1699 2078 1779 2143 coeli
1802 2079 1931 2162 quidem
1954 2078 2014 2160 ipsi
2040 2077 2119 2140 daut
2140 2075 2297 2158 pluviam,
2322 2095 2394 2157 quo-

394 2171 429 2231 et
450 2165 585 2250 perinde
608 2174 658 2230 est
680 2186 717 2231 ac
740 2165 768 2230 si
792 2164 956 2247 proposita
988 2165 1020 2227 iu
1045 2164 1188 2228 medium
1219 2161 1369 2244 despera·
1393 2215 1397 2287 Ι
1424 2163 1517 2228 modo
1540 2164 1642 2247 igitur
1665 2163 1850 2230 vanitates?
1875 2165 1935 2230 hoa
1957 2175 2015 2242 est,
2038 2164 2195 2246 figmenta
2215 2161 2393 2236 hominum,

392 2253 481 2318 tione
506 2249 603 2316 vellet
624 2251 734 2315 Deum
757 2252 889 2316 flectere
911 2249 951 2314 ad
975 2249 1245 2315 misericordiam:
1276 2250 1369 2331 quasi
1394 2290 1397 2335 ,
1423 2269 1506 2331 quae
1536 2259 1665 2316 tautum
1695 2250 1888 2332 prodierunt
1917 2273 1957 2315 ex
1980 2249 2080 2315 stulto
2107 2268 2218 2312 eorum
2242 2246 2392 2312 cerebro?

394 2339 525 2416 diceret,
557 2337 647 2418 Quid
670 2337 727 2401 fiet
750 2337 852 2413 nobis,
879 2336 999 2400 uisite
1022 2335 1197 2418 propitium
1221 2335 1369 2401 osteude-
1422 2336 1476 2399 Aa
1494 2343 1619 2417 possent
1635 2337 1782 2418 pluviam
1803 2337 1904 2403 dare?
1929 2357 2004 2401 uam
2027 2343 2116 2400 certe
2139 2342 2188 2398 est
2206 2333 2318 2415 aliqua
2338 2334 2394 2396 vir·

393 2423 461 2489 ria?
493 2424 620 2487 namsi
644 2433 679 2486 tu
703 2442 815 2487 manes
844 2421 1069 2504 implacabilis,
1104 2437 1218 2504 gentes
1248 2422 1370 2485 habent
1423 2435 1476 2486 tus
1498 2423 1594 2486 coelis
1618 2422 1731 2487 indita.
1775 2423 1878 2506 Atqui
1909 2422 2009 2488 homo
2037 2423 2135 2485 etiam
2157 2420 2186 2485 si
2208 2418 2298 2484 mille
2323 2418 2395 2484 deos

394 2511 471 2574 deos
501 2529 587 2586 suos,
617 2508 775 2591 aquibus
803 2507 943 2573 salutem
974 2517 1106 2590 petunt:
1140 2508 1233 2572 nobis
1261 2516 1369 2571 autem
1423 2507 1484 2572 sibi
1514 2508 1663 2584 fabricet,
1697 2531 1764 2574 nou
1793 2520 1902 2574 tamen
1932 2508 2052 2591 poterit
2080 2507 2240 2571 fabricare
2269 2515 2395 2588 guttam

393 2597 496 2661 fixum
520 2603 570 2659 est
593 2593 733 2659 salutem
763 2595 820 2660 abs
843 2603 875 2658 te
898 2613 964 2658 uno
986 2605 1020 2658 ot
1041 2615 1173 2676 sperare
1196 2605 1229 2658 et
1252 2603 1369 2676 petere.
1423 2612 1532 2670 unam,
1567 2614 1648 2676 quae
1682 2593 1819 2659 distillet
1848 2617 1865 2660 e
1892 2595 1991 2660 coelo.
2037 2593 2149 2674 Quum
2183 2591 2286 2674 igitur
2318 2589 2396 2655 coeli

394 2681 516 2746 Debuit
534 2689 641 2744 autem
662 2679 722 2745 boc
741 2689 972 2764 argumentum
991 2681 1102 2763 magni
1118 2701 1188 2745 esse
1204 2679 1371 2758 momenti,
1424 2700 1488 2744 nou
1511 2690 1628 2762 sponte
1661 2681 1784 2762 pluant,
1818 2680 1874 2746 sed
1906 2681 1983 2745 dum
2018 2680 2209 2761 aperiuntur
2244 2675 2395 2741 mandato

394 2788 458 2833 non
484 2766 569 2850 quod
600 2765 781 2831 monendus
810 2767 854 2830 sit
879 2766 986 2831 Deus:
1021 2765 1077 2830 sed
1107 2768 1232 2849 patitur
1261 2786 1370 2829 secum
1423 2766 1497 2842 Dei,
1522 2766 1681 2847 quomodo
1704 2765 1789 2831 idola
1812 2767 1969 2850 gentium,
1993 2773 2027 2830 at
2046 2785 2129 2828 vana
2151 2766 2309 2846 figmenta
2329 2764 2396 2846 plu·

393 2853 441 2918 ita
463 2851 668 2917 familiariter
690 2853 754 2936 agi.
799 2852 885 2917 Nam
908 2853 936 2916 si
960 2853 1059 2917 stoice
1083 2853 1232 2918 volemus
1261 2850 1369 2933 dispu-
1424 2853 1509 2915 viam
1529 2853 1655 2916 nobiae
1674 2852 1763 2916 coelo
1782 2851 1991 2918 emitterent?
2016 2850 2199 2917 Consilium
2219 2849 2397 2932 prophetae

394 2948 473 3018 tare,
496 2939 595 3002 etiam
614 2948 692 3002 vota
714 2951 824 3003 nostra
846 2948 943 3003 erunt
960 2959 1171 3020 supervacua.
1204 2935 1370 3019 Quorsum
1423 2937 1503 3003 satis
1525 2959 1613 3004 nuno
1636 2938 1748 3020 liquet,
1776 2959 1904 3022 nempe,
1935 2939 2019 3022 qnod
2042 2937 2070 3003 si
2093 2936 2251 3020 populum
2275 2935 2397 3001 reiiciat

394 3027 482 3089 euim
506 3045 679 3105 precamur
701 3029 738 3088 ut
761 3026 851 3089 Deua
874 3023 967 3088 uobis
994 3045 1087 3106 opem
1118 3025 1227 3089 ferat?
1259 3045 1369 3089 aunon
1423 3023 1523 3103 Deus,
1547 3032 1581 3088 et
1599 3023 1679 3088 velit
1701 3025 1853 3107 persequi
1875 3025 1998 3090 scelera
2021 3023 2136 3088 ultimo
2156 3023 2237 3100 iure,
2257 3031 2289 3084 et
2306 3020 2397 3086 modo

394 3111 484 3176 videt
513 3111 583 3191 ipse
611 3107 688 3190 quid
717 3110 812 3173 uobis
848 3129 929 3191 opus
962 3109 1031 3173 sit?
1068 3131 1179 3175 annon
1212 3111 1291 3175 satia
1321 3121 1371 3174 est
1424 3109 1631 3191 implacabili,
1654 3108 1858 3194 desperatam
1881 3132 1952 3176 esse
1974 3111 2120 3175 omnium
2144 3108 2294 3188 salutem,
2326 3107 2397 3190 quia

394 3214 576 3277 propensus
603 3196 644 3257 ad
666 3194 839 3259 ferendum
868 3195 1049 3259 auxilium?
1084 3196 1141 3261 sed
1172 3195 1286 3261 deliria
1314 3196 1370 3260 illa
1424 3196 1491 3260 illis
1514 3197 1718 3280 propositum
1739 3218 1805 3261 nou
1829 3197 1870 3263 sit
1893 3197 2068 3280 confugere
2092 3195 2132 3260 ad
2151 3194 2246 3259 idola.
2285 3195 2399 3259 Aurea

395 3299 530 3363 prorsus
552 3278 659 3343 aliena
681 3289 759 3343 sunt
781 3301 800 3344 a
823 3300 901 3344 vero
924 3290 956 3343 et
978 3281 1064 3344 serio
1087 3283 1216 3363 piatatis
1239 3283 1368 3346 affectu.
1422 3287 1455 3346 tu
1476 3282 1621 3365 Iebovab,
1644 3283 1759 3365 inquit,
1783 3283 1850 3362 epse
1871 3283 1929 3348 es?
1952 3281 1985 3348 id
2004 3292 2062 3356 est,
2085 3281 2173 3346 solus
2191 3279 2250 3344 ea?
2279 3281 2397 3344 Anava

396 3365 501 3430 Sicuti
533 3384 611 3447 ergo
640 3365 680 3428 ad
709 3365 818 3430 Deum
848 3365 1072 3449 confugimus,
1105 3369 1230 3449 quoties
1264 3367 1370 3448 aliqua
1422 3369 1490 3450 ipse
1512 3368 1647 3434 [emeat
1679 3372 1706 3432 et
1727 3368 1817 3434 Deus
1850 3369 1977 3434 meter?
2012 3368 2162 3432 Primum
2196 3386 2318 3432 nomen
2349 3365 2397 3428 Ie·

396 3461 492 3536 urget
514 3452 698 3528 necessitas,
721 3453 767 3516 sic
785 3451 884 3515 etiam
903 3471 1074 3516 monemus
1096 3451 1370 3534 quemadmodum
1423 3453 1526 3518 hovae
1546 3454 1711 3536 exprimit,
1730 3475 1793 3537 quo
1811 3463 1945 3519 notatur
1962 3463 2095 3520 aeterna
2109 3453 2172 3517 Dei
2188 3461 2221 3516 et
2236 3452 2399 3528 maiestas,

396 3539 422 3602 si
445 3535 534 3602 filius
555 3541 714 3600 exoneret
736 3557 849 3601 omues
871 3557 947 3602 suos
970 3537 1105 3602 affectus
1127 3539 1162 3601 iu
1185 3539 1292 3603 einum
1316 3559 1370 3620 pa·
1423 3549 1455 3604 et
1478 3541 1637 3621 potentia,
1668 3547 1701 3604 et
1728 3543 1851 3605 virtus:
1884 3540 2002 3605 deinde
2034 3539 2187 3622 adiungit
2219 3539 2399 3619 epitheton,

396 3624 466 3700 tris,
490 3623 538 3686 ita
559 3622 592 3686 iu
616 3622 768 3704 precibus
796 3622 1033 3687 ratiocinantur
1054 3623 1169 3689 fideles
1191 3645 1266 3690 cum
1289 3624 1370 3705 Deo,
1422 3625 1507 3706 quod
1531 3626 1573 3690 sit
1591 3626 1683 3690 Deus
1701 3627 1855 3708 ipsorum,
1879 3647 1997 3710 nempe
2018 3632 2053 3690 ut
2069 3623 2401 3705 recordetur.soederis

397 3717 430 3771 et
452 3708 630 3790 disputant,
654 3719 687 3770 et
708 3727 822 3773 causas
843 3728 957 3774 omnes
975 3711 1010 3772 in
1028 3708 1171 3775 medium
1195 3707 1371 3791 adducunt,
1421 3711 1482 3776 sui.
1527 3710 1613 3794 Ergo
1634 3717 1662 3776 tc
1683 3715 1927 3795 asspectavimus
1955 3713 2031 3794 quia
2058 3712 2164 3793 fecisti
2188 3709 2263 3776 baec
2284 3711 2399 3776 atavia

396 3793 515 3876 quibus
537 3794 660 3875 placari
680 3802 793 3876 queat:
827 3793 965 3876 denique
994 3801 1098 3878 agunt
1119 3816 1193 3861 cum
1216 3798 1285 3878 ipso
1308 3797 1369 3861 hu·
1422 3797 1487 3861 Hic
1509 3799 1607 3861 etiam
1631 3799 1725 3862 multi
1748 3799 1917 3878 falluntur,
1951 3818 2022 3863 meo
2049 3797 2187 3862 iudicio:
2220 3797 2296 3879 quia
2328 3796 2402 3861 baec

396 3879 551 3954 manitus,
581 3900 618 3943 ac
640 3879 668 3944 si
692 3880 816 3944 vellent
838 3880 1033 3960 persuadere
1061 3881 1148 3965 quod
1172 3893 1282 3947 tamen
1305 3883 1370 3947 iam
1421 3884 1528 3948 omniu
1550 3883 1810 3966 interpretantur
1833 3882 1873 3947 de
1894 3882 1985 3949 coelo
2008 3895 2040 3948 et
2063 3890 2162 3963 terra,
2190 3888 2225 3947 et
2247 3882 2400 3947 omuibus

396 3963 469 4028 Deo
488 3973 564 4028 ante
583 3963 696 4028 mundi
718 3966 915 4030 creationem
935 3964 1102 4032 decretum
1121 3969 1196 4032 fuit:
1220 3969 1276 4032 sed
1296 3970 1371 4051 quia
1395 3998 1397 4021 ι
1422 3969 1608 4050 elementis,
1648 3971 1742 4051 quasi
1783 3970 1944 4053 propheta
1980 3969 2090 4035 Deum
2130 3977 2293 4034 assereret
2333 3987 2401 4032 essa

393 4050 489 4114 nobis
526 4048 752 4114 absconditum
794 4060 843 4116 est
882 4063 1052 4116 aeternum
1092 4055 1152 4118 Dei
1190 4055 1370 4130 consilium,
1423 4055 1535 4122 muudi
1559 4066 1749 4132 creatorem,
1781 4064 1815 4120 et
1837 4055 1908 4120 ideo
1931 4057 2041 4120 omnia
2065 4076 2136 4122 esse
2158 4054 2220 4120 aab
2244 4054 2318 4120 eius
2341 4056 2400 4118 im-

394 4136 551 4201 debemus
580 4134 635 4200 hic
663 4135 769 4200 sobrie
800 4142 833 4201 et
861 4157 920 4219 pro
951 4135 1028 4201 fidei
1056 4150 1187 4204 nostrae
1218 4161 1372 4205 mensura
1422 4141 1520 4222 perio.
1567 4141 1633 4207 Sed
1657 4162 1716 4224 ego
1740 4141 1872 4206 minime
1903 4139 2016 4206 dubito
2046 4143 2125 4224 quin
2155 4141 2195 4206 de
2217 4141 2335 4223 poeuis
2358 4140 2403 4204 lo-

394 4241 518 4303 sapere.
564 4218 732 4302 Quidquid
762 4223 822 4300 sit,
857 4223 1015 4306 propheta
1045 4243 1085 4287 ax
1116 4226 1281 4290 communi
1310 4247 1371 4291 usu
1395 4252 1398 4295 ι
1422 4238 1553 4307 quatur,
1576 4248 1656 4308 quas
1672 4227 1764 4292 Deus
1782 4228 1847 4291 iam
1867 4228 1986 4309 populo
2005 4229 2171 4293 inflixerat
2188 4237 2223 4290 et
2240 4230 2404 4291 statuerat

394 4308 522 4389 piorum
554 4307 614 4371 hoc
641 4319 835 4389 argumento
864 4309 927 4373 sibi
949 4309 1095 4374 favorem
1117 4308 1181 4375 Dei
1211 4312 1371 4388 conciliat,
1395 4312 1398 4430 l
1423 4312 1609 4394 propediem
1640 4313 1800 4396 infligere.
1845 4313 1959 4395 Neque
1989 4314 2076 4379 enim
2105 4312 2159 4377 hic
2183 4313 2327 4395 amplius
2358 4312 2403 4376 lo·

394 4413 514 4474 nempe
545 4390 629 4473 quod
657 4393 721 4457 nisi
744 4393 921 4458 clementer
943 4404 1020 4478 agat
1042 4395 1133 4458 Deus
1156 4417 1230 4461 eum
1252 4397 1372 4478 populo
1423 4398 1534 4478 quitur
1564 4399 1604 4462 dc
1634 4400 1780 4480 potentia
1811 4399 1893 4478 Dei,
1928 4419 2012 4481 quae
2044 4398 2185 4483 refulget
2217 4399 2251 4462 in
2286 4397 2404 4462 mundi

394 4477 463 4558 illo,
486 4496 518 4542 et
536 4498 596 4559 pro
619 4499 677 4542 sua
698 4489 836 4559 paterna
858 4478 1062 4564 indulgentia
1083 4480 1239 4564 ignoscat,
1263 4493 1370 4548 actum
1423 4483 1564 4565 opificio:
1596 4484 1652 4549 sed
1676 4484 1762 4562 dicit,
1793 4485 2056 4567 Exspectabimus
2076 4491 2112 4564 te,
2134 4485 2284 4565 quoniam
2306 4489 2343 4548 tu
2361 4483 2404 4565 fe

394 4582 481 4629 esse:
505 4563 598 4645 quasi
622 4563 752 4642 diceret,
776 4565 929 4643 Domine,
952 4581 989 4629 tu
1007 4585 1093 4630 unus
1112 4587 1155 4646 aa,
1177 4587 1197 4630 a
1216 4587 1279 4648 quo
1302 4589 1371 4650 spe·
1422 4570 1493 4633 cisti
1514 4569 1587 4634 baec
1608 4571 1723 4653 omitia,
1746 4570 1858 4648 idest,
1881 4571 1938 4636 abs
1962 4583 1993 4635 te
2011 4591 2077 4636 uno
2100 4571 2190 4636 salus
2213 4571 2308 4636 nobis
2334 4590 2406 4654 pro

395 4649 499 4715 rande
532 4647 626 4713 uobis
659 4658 709 4714 cst
739 4650 845 4716 salua:
877 4650 941 4713 iam
966 4651 993 4716 si
1016 4650 1072 4716 abs
1095 4662 1127 4715 te
1150 4653 1371 4736 repudiamur,
1423 4655 1548 4732 veniet,
1583 4656 1737 4737 quoniam
1772 4664 1866 4721 tuum
1899 4665 1949 4722 est
1982 4657 2122 4739 mederi,
2157 4657 2214 4738 qui
2248 4655 2405 4720 inflixisti

396 4735 523 4801 nullum
547 4735 641 4799 uobis
664 4741 814 4818 superest
836 4735 1016 4818 refugium:
1039 4737 1193 4802 mittesue
1216 4738 1370 4820 populum
1424 4739 1559 4805 vulnus:
1594 4741 1690 4805 sicuti
1713 4740 1790 4805 alibi
1813 4743 1944 4819 dicitur,
1980 4742 2072 4808 Deus
2094 4744 2272 4807 mortificat
2293 4747 2331 4806 et
2356 4741 2405 4804 vi·

394 4827 490 4887 tuum
514 4820 556 4887 ad
577 4820 665 4886 idola
690 4834 723 4885 et
750 4823 908 4906 figmenta
936 4821 1109 4905 gentium?
1142 4825 1231 4905 atqui
1258 4843 1315 4888 vos
1345 4829 1371 4888 tc
1424 4826 1542 4902 vificat,
1576 4824 1707 4889 deducit
1740 4825 1778 4889 ad
1811 4829 1996 4910 sepulcrum
2020 4840 2053 4893 et
2075 4828 2213 4894 reducit.
2257 4827 2404 4893 Perinde

395 4928 494 4972 uuum
523 4908 778 4988 exspectavimus.
823 4908 913 4991 Ergo
942 4906 1036 4971 vides
1065 4929 1129 4972 non
1160 4909 1225 4974 nisi
1250 4909 1284 4973 iu
1314 4917 1371 4974 tua
1422 4911 1524 4994 igitur
1546 4922 1596 4975 est
1619 4931 1655 4977 ao
1672 4911 1701 4976 si
1720 4912 1841 4978 diceret
1863 4914 2038 4997 propheta:
2062 4914 2130 4980 Nos
2146 4914 2292 4980 Domine
2315 4933 2405 4978 nunc

395 4993 619 5059 misericordia
655 5012 827 5077 superesse
864 4992 957 5058 nobis
994 5013 1085 5076 spem
1123 4994 1248 5059 salutis.
1303 4994 1370 5060 Sed
1422 4996 1461 5059 ad
1500 5005 1591 5060 tuam
1629 4997 1885 5063 misericordiam
1926 5001 2149 5084 confugimus,
2189 5004 2266 5083 quia
2306 5021 2404 5064 nemo

395 5079 557 5162 propheta
589 5079 643 5145 hic
677 5087 816 5144 testatur
850 5077 994 5144 fidelium
1029 5079 1176 5158 nomine,
1212 5079 1312 5144 etiam
1344 5083 1371 5144 si
1423 5091 1552 5162 praeter
1582 5091 1615 5146 ta
1645 5103 1747 5148 uuum
1778 5085 1872 5150 nobis
1902 5086 2055 5169 opitulari
2086 5097 2212 5168 potest:
2245 5097 2282 5150 tu
2314 5085 2404 5152 anim

395 5175 545 5231 extrema
567 5165 678 5230 omnia
700 5167 837 5232 miseros
859 5171 1025 5247 premant,
1055 5183 1121 5228 uon
1144 5174 1254 5230 tamen
1278 5185 1370 5248 posse
1423 5187 1561 5248 poenam
1584 5169 1753 5252 sumpsisti
1778 5169 1818 5235 da
1836 5171 2011 5238 sceleribus
2030 5174 2159 5239 nostris.
2190 5172 2305 5253 Quum
2327 5192 2406 5256 ergo

394 5251 483 5336 ipsos
506 5250 683 5334 quidquam
707 5260 818 5335 patere
841 5251 882 5316 ab
903 5248 998 5314 idolis
1021 5251 1176 5332 gentium.
1221 5253 1277 5316 Aa
1296 5250 1371 5330 plu·
1395 5229 1399 5323 i
1423 5259 1458 5316 tu
1477 5253 1577 5318 lucris
1599 5254 1698 5319 iudex
1720 5263 1840 5333 noster,
1864 5265 1901 5321 tu
1918 5257 2006 5322 idem
2029 5257 2128 5324 etiam
2152 5269 2244 5340 potas
2262 5259 2329 5323 iam
2347 5278 2405 5322 nos

394 5338 491 5416 viam,
525 5337 642 5421 inquit,
677 5337 820 5405 dabunt?
855 5337 918 5404 lbet
946 5334 1150 5420 synecdoche
1178 5337 1213 5400 iu
1239 5337 1300 5402 hac
1322 5336 1370 5401 lo·
1395 5334 1398 5387 l
1422 5338 1559 5404 liberare
1583 5339 1622 5404 ab
1646 5339 1698 5404 hia
1720 5339 1881 5408 cladibus:
1906 5364 2002 5408 nemo
2024 5353 2136 5410 autem
2159 5366 2194 5410 se
2217 5343 2277 5410 tibi
2301 5363 2405 5427 oppo-
