5134 6124
207 438 271 503 253
918 433 968 502 IN
992 435 1239 501 IEREMIAM.
1285 433 1385 500 cAP.
1406 432 1503 498 XVI.
2151 438 2216 503 254

207 627 348 694 oblectet
378 627 500 692 nimius
524 625 623 709 rigor,
655 624 707 690 rel
730 624 814 706 quod
838 623 960 690 oblitus
982 625 1026 690 sit
1048 633 1184 689 naturae
1237 622 1408 688 cessabant
1432 619 1607 687 obtendere
1630 621 1755 703 aliquos
1777 633 1977 705 praetextus,
1999 645 2041 690 ne
2063 625 2213 693 videren-

208 734 296 794 suae,
318 721 351 778 et
370 712 509 778 foederis
532 710 619 795 quod
643 710 810 795 pepigerat
829 730 902 778 cum
919 709 1104 775 Abrabam:
1127 708 1184 775 sed
1237 720 1291 773 tur
1311 708 1345 774 in
1367 717 1471 774 totum
1496 707 1654 772 scelerati.
1688 706 1755 772 Hie
1773 716 1881 773 autem
1901 709 1992 775 Deus
2014 714 2214 795 pronuntiet,

208 801 284 883 quia
306 798 422 865 Iudaei
450 799 549 863 nimis
579 797 735 863 obstinati
763 797 887 862 luerint
907 797 943 860 in
964 797 1031 862 suis
1053 795 1183 862 sceleri·
1235 795 1325 879 ipsos
1348 803 1382 860 et
1403 795 1578 860 sceleratos
1607 803 1639 858 et
1661 813 1796 876 prorsus
1824 794 1943 877 impios
1966 818 2045 862 esse.
2090 799 2134 863 Et
2156 799 2212 864 ad·

208 887 277 952 bus.
311 884 415 952 Sicuti
438 905 517 968 ergo
538 880 667 948 dixerat
686 881 863 950 ewlosDei
885 902 950 948 ecee
967 903 1063 964 anper
1081 902 1186 948 amaea
1237 881 1346 966 iungit
1375 880 1666 959 confirmationem,
1696 900 1824 962 nempe,
1854 882 1937 963 qaod
1961 883 2134 964 polluerint
2155 890 2215 952 ar·

208 973 280 1038 oica
300 971 457 1054 ipsoram:
477 973 524 1035 ita
543 991 631 1036 nunc
651 968 750 1046 addit,
775 968 959 1050 Repeadam
980 969 1061 1050 qaod
1082 968 1187 1034 meriti
1237 987 1310 1032 ram
1326 967 1362 1032 ιἰι
1378 964 1584 1034 cadaveribus
1605 985 1739 1032 suoram
1757 965 2031 1034 abombtationam.
2064 968 2213 1053 Speciem

208 1062 289 1124 auat.
336 1055 403 1124 Sed
426 1055 590 1122 notandae
612 1062 692 1122 sunt
713 1055 865 1139 singulae
886 1055 1081 1137 particulae:
1108 1051 1186 1120 dicit
1239 1053 1389 1137 designat
1416 1051 1587 1135 propheta,
1622 1051 1774 1134 quoniam
1803 1052 1832 1118 si
1854 1053 2051 1137 generaliter
2082 1064 2213 1122 tantum

209 1157 342 1222 rtttttttl,
366 1142 453 1227 quod
475 1144 682 1224 interpretor,
705 1142 745 1207 ab
767 1141 871 1206 initio.
909 1141 993 1206 Nam
1017 1140 1185 1206 obscurius
1238 1140 1392 1222 loquutus
1415 1141 1506 1214 foret,
1541 1157 1670 1219 semper
1692 1136 1805 1203 Iudaei
1836 1140 2149 1218 obmurmurassent,
2179 1164 2214 1208 se

208 1228 366 1313 estquod
389 1229 443 1294 alii
466 1228 618 1308 reddunt,
648 1228 801 1310 primum,
830 1226 1009 1311 rependam
1031 1227 1184 1310 primum.
1239 1245 1306 1290 non
1340 1245 1411 1291 esse
1445 1232 1614 1309 tantopere
1648 1223 1709 1289 sibi
1743 1226 1896 1290 conscios.
1952 1226 1998 1291 Ut
2031 1247 2109 1312 ergo
2141 1228 2214 1294 illos

209 1328 332 1385 mittan
356 1313 444 1380 idem
467 1316 493 1380 si
519 1315 630 1380 nificat
652 1312 738 1397 quod
761 1313 897 1399 pridem,
927 1323 960 1378 et
982 1313 1123 1377 refertur
1144 1309 1186 1376 ad
1239 1311 1345 1396 magis
1366 1323 1503 1394 premat,
1532 1308 1676 1374 ostendit
1704 1311 1796 1392 quasi
1826 1310 1928 1394 digito
1950 1313 2056 1378 scelus
2078 1315 2214 1380 minime

209 1413 350 1486 tempus.
395 1401 471 1467 Non
492 1335 605 1466 dubito
634 1400 753 1484 itaque,
789 1398 984 1483 prophetam
1007 1396 1068 1464 boc
1091 1396 1187 1476 velle,
1239 1395 1435 1473 excusabile,
1456 1397 1609 1480 quoniam
1632 1394 1816 1478 polluerant
1837 1397 1905 1462 suis
1928 1400 2214 1480 superstitionibus

209 1487 296 1572 quod
325 1487 424 1554 etiam
454 1488 544 1570 prins
573 1485 742 1570 attigerat,
775 1506 893 1568 nempe
923 1485 1032 1549 Deum
1066 1503 1186 1567 poenas
1240 1491 1360 1548 terram
1391 1483 1469 1549 Dei:
1503 1481 1598 1558 dicit,
1631 1485 1747 1546 terram
1773 1500 1874 1546 meam
1894 1484 2083 1564 polluerant.
2129 1486 2213 1571 Hoc,

209 1583 417 1656 sumpturum
437 1573 478 1638 de
495 1571 642 1656 patribus
660 1583 694 1637 et
712 1572 798 1652 filiis,
818 1584 854 1636 nt
869 1571 963 1654 quasi
982 1572 1015 1634 in
1032 1589 1184 1636 acervum
1239 1571 1364 1635 crimen
1394 1575 1574 1653 exaggerat
1605 1567 1687 1650 qaod
1712 1565 1884 1649 polluerint
1913 1574 2032 1636 terram
2062 1576 2211 1639 eandam.

209 1660 343 1746 colligat
376 1668 524 1726 vetustas
556 1658 758 1741 iniquitates.
811 1657 996 1723 citavimus
1029 1677 1072 1720 ex
1105 1654 1185 1739 lege,
1239 1653 1303 1720 Dei
1336 1653 1465 1738 quidem
1500 1665 1549 1720 est
1582 1663 1686 1732 terra,
1721 1663 1755 1718 et
1786 1652 1955 1736 plenitudo
1988 1656 2067 1724 eius.
2123 1657 2213 1742 Ergo

208 1745 318 1813 Deum
342 1745 521 1828 rependere
543 1745 579 1809 in
599 1745 706 1810 sinum
729 1744 872 1809 filiorum
894 1756 1025 1826 patrum
1049 1740 1184 1806 seelera:
1239 1748 1350 1823 posset
1372 1740 1433 1807 hoc
1456 1740 1496 1805 de
1518 1747 1586 1804 toto
1608 1738 1686 1804 orbe
1709 1739 1824 1804 merito
1846 1739 1919 1818 dici,
1940 1741 2041 1824 pollui
2062 1743 2127 1807 Dei
2150 1755 2213 1809 ter·

209 1832 327 1898 deinde
348 1832 524 1898 ditavimus
542 1842 576 1895 et
593 1829 684 1895 illam
701 1829 826 1896 christi
844 1826 1186 1905 sententiamVeniet
1239 1848 1329 1908 rem,
1361 1827 1419 1892 nbi
1448 1826 1598 1891 homines
1627 1846 1662 1890 se
1690 1825 1792 1909 impie
1820 1825 1855 1889 in
1878 1827 1949 1908 ipsa
1971 1840 2100 1912 gerunt.
2146 1829 2212 1896 Sed

209 1938 307 2001 super
330 1939 386 1984 vos
408 1916 543 2002 sanguis
568 1917 673 1982 iustus
695 1917 736 1982 ab
757 1915 842 1982 Abel
872 1935 975 1998 usque
997 1913 1037 1978 ad
1060 1913 1184 1979 Zacba·
1239 1912 1293 1978 bic
1322 1927 1443 1978 terram
1468 1912 1626 1978 Ohanaan
1658 1909 1814 1978 discernit
1837 1911 1929 1977 Dens
1952 1915 1992 1980 ab
2015 1915 2098 1991 aliis,
2133 1936 2212 1999 quo·

208 2006 292 2070 riam
312 2004 417 2070 filium
435 2002 626 2069 Barachiae.
660 2001 752 2068 Idem
771 2023 859 2068 nunc
876 2001 995 2086 repetit
1016 1999 1185 2084 propbeta,
1239 1999 1327 2063 niam
1360 2008 1431 2064 erat
1462 2000 1553 2082 qnasi
1588 1999 1695 2063 dicata
1724 1999 1793 2062 eius
1822 1999 1953 2064 nomini.
1999 1999 2109 2080 Quum
2132 2022 2211 2086 ergo

209 2112 326 2175 nempe
355 2111 456 2173 quum
479 2088 571 2156 Deus
594 2087 684 2154 volet
716 2086 893 2172 rependere
924 2086 1105 2152 mercedem
1128 2085 1183 2150 Iu·
1238 2085 1472 2150 terramillam
1495 2084 1587 2150 Dens
1616 2083 1678 2149 sibi
1701 2093 1930 2164 consecrasset,
1960 2085 2056 2151 sicuti
2079 2086 2212 2154 volebat

210 2177 309 2258 daeis,
341 2178 450 2260 ipsum
477 2174 687 2241 collecturum
722 2194 836 2240 ornnes
871 2175 1069 2256 iniquitates,
1102 2192 1184 2256 quae
1238 2172 1273 2236 in
1296 2191 1335 2235 ea
1356 2171 1427 2249 coli,
1461 2172 1578 2236 merito
1608 2168 1694 2248 dicit,
1730 2169 1863 2235 Terram
1890 2191 1990 2236 meam
2013 2172 2211 2254 polluerant:

209 2262 334 2346 pridem
358 2264 489 2328 fuerant
518 2262 612 2344 quasi
635 2259 791 2344 sepultae,
820 2269 858 2324 nt
879 2261 973 2343 quasi
1002 2279 1067 2324 uno
1091 2258 1184 2323 iasci-
1238 2256 1325 2334 dicit,
1358 2258 1395 2322 in
1415 2256 1620 2324 aaronitae
1647 2275 1782 2322 sacrum
1811 2255 2083 2325 abominationem.
2129 2261 2210 2325 Pro·

210 2349 282 2414 culo
310 2349 460 2414 involvat
489 2361 598 2431 patres
627 2368 702 2413 cum
730 2347 822 2425 filiis,
857 2357 889 2411 et
918 2345 1016 2411 simul
1051 2343 1184 2427 colligat
1237 2343 1344 2409 babile
1377 2353 1440 2423 est,
1477 2342 1637 2410 cadavera
1670 2343 1724 2408 bic
1758 2343 1866 2408 vocari
1901 2345 2068 2410 sacrificia.
2124 2345 2209 2412 Nam

209 2436 320 2500 omnia
349 2433 498 2500 omnium
532 2432 668 2511 scelera,
702 2438 742 2497 ut
770 2432 863 2516 quasi
893 2451 960 2496 uno
988 2451 1068 2514 rogo
1098 2432 1184 2512 ipsos
1237 2429 1386 2512 quamvis
1419 2429 1454 2495 in
1488 2429 1629 2511 speeiem
1663 2428 1787 2494 similes
1821 2438 1931 2495 essent
1964 2433 2210 2513 superstitiones

209 2529 387 2587 consumat.
443 2519 501 2585 Sic
534 2520 732 2602 interpretor
766 2518 974 2601 particulam,
1011 2515 1050 2582 ab
1084 2515 1183 2580 initio.
1238 2537 1315 2580 vero
1341 2528 1374 2581 et
1396 2514 1543 2600 legitimo
1565 2513 1630 2578 Dei
1660 2514 1779 2581 cultui:
1812 2522 1923 2580 tamen
1955 2517 2078 2583 scimus
2111 2519 2209 2584 sacri·

208 2606 299 2673 Dicit
321 2617 442 2690 postea,
466 2605 613 2689 Duplum
636 2605 845 2687 iniquitatum
868 2610 901 2668 et
918 2603 1079 2670 scelerum
1101 2603 1183 2685 ipso-
1236 2601 1312 2668 ficia
1344 2621 1426 2684 quae
1460 2599 1551 2665 Dens
1587 2599 1802 2666 mandaverat
1839 2601 1937 2667 luisse
1973 2602 2103 2669 condita
2140 2605 2210 2670 eins

208 2714 291 2758 rum.
336 2693 410 2758 Non
433 2691 592 2776 intelligit
625 2689 785 2774 propheta
813 2690 956 2772 aliquem
980 2689 1049 2754 foro
1071 2708 1183 2753 exces-
1236 2687 1347 2771 verbo,
1376 2698 1532 2770 tanquam
1556 2686 1632 2751 sale.
1677 2686 1784 2751 Erant
1810 2687 1914 2770 igitur
1937 2684 2014 2752 boni
2045 2689 2153 2754 odoris
2176 2698 2210 2755 et

209 2798 281 2844 sam
304 2779 500 2856 severitatis,
524 2777 617 2859 quasi
634 2776 726 2843 Dens
744 2798 809 2842 non
828 2777 908 2842 satis
926 2775 1086 2858 ponderet
1103 2772 1182 2856 quid
1234 2773 1338 2840 bonae
1365 2773 1566 2858 fragrantiae
1593 2792 1702 2838 eoram
1724 2771 1805 2838 Deo.
1851 2771 1948 2853 Quod
1977 2774 2018 2838 ad
2049 2776 2209 2842 sacrificia

209 2863 358 2930 homines
376 2864 486 2929 meriti
504 2865 584 2929 sint:
607 2862 664 2927 sad
687 2862 818 2945 dapium
838 2862 997 2946 accipitur
1019 2881 1078 2945 pro
1098 2863 1183 2924 iusta
1207 2823 1211 2961 Ι
1235 2881 1318 2943 quae
1340 2859 1562 2925 offerebantur
1583 2857 1680 2924 idolis
1701 2862 1836 2941 spectat,
1860 2872 1954 2922 erant
1977 2858 2095 2924 foetida
2116 2860 2209 2926 cada

209 2962 241 3015 et
259 2949 403 3032 perfecta
419 2970 585 3030 mensura,
604 2948 878 3031 quemadmodum
898 2949 1004 3014 Isaiae
1019 2947 1062 3012 40
1077 2947 1121 3031 (v.
1138 2945 1182 3032 2),
1236 2967 1321 3022 vcra,
1345 2955 1440 3011 erant
1462 2965 1553 3009 mere
1573 2942 1722 3027 putredo.
1767 2944 1871 3027 Atqui
1893 2946 2097 3010 caeremonia
2118 2967 2208 3031 pror·

208 3035 376 3120 Rependit
407 3035 551 3118 duplicia
572 3034 739 3100 Dominus
772 3055 830 3118 pro
852 3035 1004 3100 omnibus
1034 3034 1185 3118 peccatis,
1234 3053 1290 3098 sus
1312 3041 1384 3097 erat
1404 3029 1530 3096 similis.
1576 3027 1643 3096 Sed
1664 3028 1757 3095 Deus
1779 3049 1845 3095 non
1868 3037 2016 3096 moratur
2038 3039 2209 3098 externam

208 3121 270 3188 boc
287 3132 347 3205 est,
369 3121 449 3187 satis
471 3141 643 3206 superque,
667 3131 704 3186 ut
723 3121 836 3186 dieunt
851 3120 975 3186 Latini.
1003 3119 1076 3186 Illic
1091 3118 1183 3184 Dens
1235 3118 1386 3202 speciem.
1436 3116 1523 3182 Nam
1554 3114 1740 3181 obedientia
1772 3115 1889 3181 melior
1918 3127 1969 3182 est
1998 3136 2106 3183 eoram
2141 3118 2208 3198 illo,

208 3206 317 3271 induit
337 3226 509 3288 personam
531 3209 645 3290 patris,
667 3216 701 3272 st
719 3228 778 3289 pro
798 3227 858 3272 sua
879 3205 1083 3289 indulgentis
1105 3204 1184 3269 dicit
1235 3224 1334 3288 quam
1356 3223 1469 3269 omnes
1490 3202 1651 3270 victimae.
1690 3199 1849 3268 Videmus
1872 3221 1950 3286 ergo
1973 3204 2104 3269 subesse
2126 3205 2210 3270 anti-

208 3291 347 3358 Iudaeos
375 3292 455 3357 satis
488 3312 651 3376 superque
684 3291 785 3357 fuisse
817 3294 957 3375 punitos.
1002 3291 1054 3356 Ita
1083 3291 1181 3355 etiam
1235 3290 1344 3356 thesin
1367 3290 1455 3355 inter
1476 3287 1645 3367 cadavera,
1679 3297 1712 3352 et
1734 3289 1820 3354 inter
1842 3287 1962 3354 bonam
1984 3289 2209 3374 fragrantiam,

208 3377 376 3457 hocloco,
407 3377 1059 3461 quamdeanimadversione'loquitnr,
1090 3386 1185 3443 vocat
1235 3396 1317 3460 quae
1349 3376 1412 3441 tuit
1442 3377 1476 3440 in
1506 3375 1662 3460 legitimis
1694 3374 1871 3441 sacrificiis.
1924 3374 2087 3455 Quoniam
2121 3377 2209 3442 enim

209 3483 281 3530 sem
305 3462 479 3548 duplicem,
511 3484 578 3530 non
605 3461 691 3546 qnod
722 3485 897 3530 excessura
925 3473 1011 3530 esset
1039 3462 1183 3544 modum,
1235 3463 1402 3540 sacrificia,
1436 3481 1519 3544 quse
1547 3462 1609 3527 rite
1631 3459 1854 3526 offerebantur
1881 3462 1975 3526 iuxta
2003 3460 2086 3545 legis
2113 3483 2209 3545 prae·

209 3550 265 3616 sed
299 3551 377 3634 qnia
409 3549 572 3616 Dominus
609 3551 738 3616 futurus
775 3560 847 3616 erat
882 3550 982 3631 alius,
1019 3570 1116 3632 quam
1148 3569 1183 3616 se
1234 3551 1409 3632 scriptum,
1448 3547 1622 3631 placebant
1657 3547 1746 3623 Deo,
1787 3545 1943 3611 dicuntur
1977 3547 2053 3612 boni
2089 3548 2208 3615 odoris.

208 3637 398 3703 ostenderat
432 3638 541 3720 prius,
579 3656 680 3719 quum
716 3637 880 3719 patienter
916 3637 1003 3720 ipsos
1035 3635 1181 3704 tulisset:
1235 3635 1397 3718 Quoniam
1420 3645 1528 3700 autem
1550 3635 1584 3698 in
1602 3631 1888 3716 superstitionibus
1909 3631 2039 3697 nullum
2061 3643 2132 3698 erat
2146 3632 2210 3698 Dei

208 3724 300 3807 quasi
324 3722 460 3806 diceret,
489 3723 562 3808 Ego
584 3722 625 3788 ad
648 3732 833 3788 extremum
863 3744 964 3806 usque
987 3724 1118 3806 exigam
1142 3722 1182 3788 de
1233 3729 1449 3805 praeceptum,
1468 3718 1541 3784 ideo
1559 3719 1709 3785 victimae
1724 3727 1884 3785 vocantur
1902 3715 2022 3782 foetida
2039 3719 2209 3785 cadavera

206 3809 287 3892 ipsis
310 3829 442 3892 poenas,
464 3811 510 3874 ita
528 3817 565 3874 nt
584 3807 675 3874 nulla
697 3809 739 3873 sit
757 3810 915 3887 remissio,
939 3809 1031 3874 nulla
1053 3809 1181 3887 lenitas,
1234 3809 1280 3874 Et
1303 3806 1382 3871 dicit
1400 3815 1522 3890 postea,
1546 3803 1625 3871 Saia
1645 3804 1906 3888 iniquinamenta
1927 3803 2084 3886 replerant
2103 3804 2211 3871 baert·

206 3894 298 3961 nulla
319 3894 504 3962 clementia.
548 3894 710 3960 Videmus
732 3914 811 3979 ergo
833 3893 886 3960 hic
909 3894 1101 3979 simpliciter
1122 3915 1181 3958 no·
1234 3893 1364 3959 ettotam
1384 3911 1495 3958 meam.
1539 3891 1666 3957 Eodem
1696 3911 1794 3957 sensu
1817 3895 1907 3954 terra
1930 3888 2090 3955 Obanaan
2113 3911 2210 3957 voca·

207 3981 270 4046 tari
292 3988 479 4046 extremum
508 3979 660 4066 rigorem,
690 3981 744 4062 qni
769 3993 878 4046 tamen
908 3980 1040 4046 carebat
1069 3980 1181 4063 eulpa:
1235 3986 1291 4044 tur
1321 3978 1506 4044 baereditas
1535 3976 1614 4058 Dei,
1648 3999 1712 4060 qao
1744 3997 1850 4060 nuper
1880 3984 1996 4041 vocata
2029 3975 2089 4042 tuit
2123 3986 2210 4042 terra

207 4069 283 4151 quie
311 4067 409 4132 etiam
437 4070 465 4133 si
492 4066 646 4150 centuplo
677 4065 809 4150 gravius
838 4067 971 4148 puniret
999 4065 1092 4131 Deus
1126 4067 1182 4148 qui
1235 4067 1315 4131 eius.
1361 4063 1427 4130 Sed
1450 4064 1594 4131 secunda
1616 4063 1677 4130 hac
1701 4083 1776 4128 voce
1799 4061 1873 4145 plus
1900 4060 2022 4144 aliquid
2053 4063 2210 4145 exprimi·

206 4154 269 4219 visi
291 4162 369 4218 eunt
390 4152 509 4217 leviter
531 4172 693 4234 peccasse:
717 4172 783 4216 non
806 4161 917 4216 mmen
940 4162 1050 4235 posset
1071 4153 1106 4216 in
1130 4153 1181 4218 ins
1234 4164 1297 4230 tur,
1316 4150 1589 4234 quemadmodum
1608 4151 1771 4232 scriptura
1789 4149 1885 4214 etiam
1903 4147 1986 4212 solet
2001 4148 2209 4230 amplificare.

207 4239 332 4316 vocari,
366 4237 460 4322 quasi
493 4239 635 4304 saeviret
666 4236 900 4303 inhumaniter.
956 4238 1046 4324 Ergo
1080 4259 1180 4321 quum
1234 4237 1307 4303 Hoc
1325 4235 1456 4321 quidem
1471 4237 1537 4303 iam
1554 4255 1711 4319 magnum
1730 4244 1810 4312 erat,
1830 4243 1961 4310 terram,
1981 4253 2065 4316 quae
2082 4243 2211 4300 sacrata

206 4324 320 4391 Iudaei
351 4331 399 4388 tot
427 4323 541 4404 modis,
574 4334 608 4388 et
636 4331 703 4388 tam
733 4323 831 4407 longo
866 4334 1020 4409 tempore,
1054 4334 1086 4391 et
1115 4335 1181 4389 tem
1234 4323 1343 4389 luerat
1364 4323 1446 4404 Deo,
1474 4323 1574 4388 fuisse
1594 4321 1771 4404 pollutam:
1801 4318 1858 4386 sed
1881 4339 1980 4403 quum
2004 4319 2091 4399 dicit,
2122 4319 2211 4387 Haec

207 4411 352 4496 graviter
374 4421 571 4495 peccassent,
602 4429 666 4474 non
690 4411 794 4493 potuit
815 4409 908 4476 Dens
935 4412 1060 4478 censeri
1083 4411 1181 4477 nimis
1234 4415 1279 4476 eat
1297 4429 1367 4475 otta
1388 4409 1574 4492 menites,
1597 4407 1659 4473 hoc
1679 4416 1737 4482 est,
1760 4405 1845 4472 hano
1863 4415 1985 4471 terram
2004 4407 2084 4470 mihi
2104 4404 2211 4491 delegi

207 4518 359 4576 severus,
395 4499 496 4581 quum
532 4495 599 4561 illis
632 4495 816 4562 mercedem
853 4498 1058 4581 rependeret.
1114 4495 1181 4564 Sed
1234 4503 1272 4560 ut
1291 4495 1466 4562 residerem
1486 4497 1519 4560 in
1537 4495 1610 4576 ipsa
1627 4513 1701 4560 cum
1722 4492 1843 4577 populo
1864 4512 1946 4572 meo,
1969 4502 2006 4556 ut
2023 4499 2109 4558 esset
2127 4492 2211 4556 mihi

207 4583 342 4666 duplum
364 4591 474 4660 vocat,
501 4582 578 4664 quia
600 4581 722 4648 scilicet
750 4581 834 4647 nihil
857 4583 986 4649 omittet
1008 4582 1046 4648 ad
1071 4597 1180 4649 extre·
1234 4582 1328 4665 quasi
1347 4591 1515 4648 terrenum
1533 4578 1665 4663 aliquod
1683 4578 1896 4644 domicilium:
1920 4576 2007 4660 quod
2025 4589 2113 4644 terra
2130 4578 2210 4644 haee

207 4688 294 4734 mam
325 4668 541 4734 severitatem.
590 4667 690 4733 Forte
723 4668 823 4733 etiam
855 4669 970 4734 alludit
1000 4668 1041 4735 ad
1070 4668 1180 4736 hostes
1234 4667 1361 4750 repleta
1388 4667 1486 4734 luerit
1515 4666 1793 4750 iniquinamentis,
1823 4664 1885 4730 hoe
1914 4685 1979 4730 non
2009 4672 2060 4729 est
2090 4665 2208 4728 tolera·

207 4754 373 4820 vindictae
395 4775 474 4819 suae
496 4754 675 4833 ministros,
708 4773 846 4836 quornm
876 4756 1012 4820 saevitia
1042 4757 1181 4822 atrocior
1234 4752 1308 4818 bile.
1358 4753 1455 4820 Nunc
1484 4773 1563 4818 ero
1594 4752 1743 4819 ridemus
1770 4749 1908 4817 Iudaeos
1940 4751 1987 4814 ita
2020 4749 2209 4833 constringi,

206 4840 317 4906 futura
351 4851 421 4905 eret
452 4861 548 4924 qnam
583 4841 741 4924 putabant
773 4839 902 4922 Iudaei,
935 4843 989 4923 qui
1023 4851 1179 4924 tanquam
1235 4847 1271 4904 ut
1294 4841 1415 4904 trustra
1437 4773 1555 4905 deinde
1577 4837 1663 4906 elabi
1684 4847 1854 4917 conentur,
1884 4835 1938 4902 vel
1962 4834 2209 4919 tergiversando

207 4926 335 4992 levibus
360 4927 457 4992 malis
479 4947 565 4993 vana
594 4924 739 4991 remedia
767 4923 829 4991 sibi
852 4926 1028 5011 lingebant.
1073 4927 1179 4994 Sicuti
1234 4926 1425 4991 existiment
1454 4947 1489 4992 se
1518 4944 1613 5010 posse
1646 4925 1823 5009 quidquam
1859 4924 1941 4988 lucri
1973 4921 2095 4986 faeere:
2127 4942 2209 5006 quo·

207 5012 355 5091 dioimns,
378 5010 416 5076 Il
432 5013 486 5098 a'y
501 5012 621 5095 sondro
638 5013 716 5095 pac
733 5017 903 5093 retoamer,
926 5013 985 5094 vel,
1005 5019 1068 5080 toret
1084 5020 1179 5082 meae.
1234 5013 1322 5076 niam
1355 5010 1568 5078 intolerabilis
1601 5020 1673 5078 erat
1701 5031 1815 5078 eornm
1848 5009 2013 5090 impietas,
2047 5018 2081 5072 et
2110 5007 2210 5093 digna

205 5098 319 5178 Addit,
341 5097 490 5165 scateam
511 5105 538 5164 et
559 5099 768 5181 tractuum.
807 5097 892 5164 Nam
915 5101 1005 5182 prius
1022 5101 1181 5167 Ieremias
1233 5118 1331 5181 quam
1370 5096 1463 5164 Deus
1502 5098 1543 5163 ad
1585 5108 1769 5164 extremum
1809 5114 1911 5178 usque
1949 5103 2208 5178 persequeretur.

205 5184 381 5250 induxerat
410 5185 498 5269 ipsos
521 5185 567 5251 sio
589 5185 765 5269 loquentes,
796 5183 890 5266 Quae
912 5200 1024 5252 nostra
1046 5197 1097 5253 est
1118 5189 1180 5253 ini·
1234 5184 1306 5268 Ego
1329 5203 1394 5250 non
1418 5205 1552 5270 pergam
1576 5184 1722 5263 ulterius,
1746 5182 1821 5266 quia
1844 5193 1894 5246 est
1917 5201 2002 5246 nora
2025 5182 2144 5248 eonoio.

207 5269 338 5353 quites?
373 5268 592 5355 etquodnam
622 5269 752 5337 scelus?
785 5291 969 5354 quanquam
998 5273 1085 5336 enim
1114 5295 1178 5340 non

206 5367 357 5441 poterant
388 5377 523 5440 prorsas
551 5378 586 5423 se
615 5359 761 5423 eximere
789 5358 935 5440 aculpa,
969 5368 1079 5424 tamen
1113 5381 1178 5427 non
