5158 6124
210 462 273 527 513
903 461 952 526 IN
975 461 1223 528 teneurunt.
1270 459 1367 526 oAP.
1390 459 1521 526 XXVI.
2148 467 2212 531 514

211 653 317 731 addit,
356 651 419 734 Qui
450 653 576 717 amicat
608 657 643 715 att
676 652 803 716 adereat
836 653 870 717 in
900 651 1011 734 amplo
1044 651 1185 716 Iebonae.
1238 649 1400 730 asperius,
1433 648 1483 714 vel
1506 648 1669 714 subticere
1691 649 1775 732 quod
1798 651 1979 718 offenderet
2001 652 2056 718 ubi
2079 655 2210 738 oblique

212 737 353 804 Videtur
374 737 522 802 consulto
544 736 637 802 Deus
665 757 834 802 occurrere
864 739 1034 819 superbiae
1065 756 1186 814 eorum,
1237 749 1293 799 aut
1326 732 1442 818 frigide
1476 746 1669 819 proponeret
1701 736 1786 818 qnod
1821 759 1885 802 non
1920 747 2025 820 potest
2059 741 2210 823 prodesse

212 825 267 908 qui
290 833 461 906 putassent
483 823 544 888 sibi
566 823 638 887 lieri
661 823 831 902 iniuriam,
862 823 945 906 quod
971 835 1037 887 tam
1060 821 1187 886 duriter
1238 822 1358 903 absque
1392 817 1607 886 vehementia.
1658 821 1748 904 Ergo
1780 840 1844 888 non
1879 823 2014 889 dubium
2048 835 2098 892 est
2131 827 2209 909 quin

212 910 482 993 obiurgarentur:
507 907 618 990 Qtrid?
639 930 698 974 nos
714 908 836 974 relictis
853 909 1011 974 uxoribus
1027 916 1058 972 et
1075 907 1186 972 liberis
1239 906 1291 972 bin
1317 907 1405 971 Deus
1427 909 1617 990 praeveniat
1639 906 1757 970 vitium
1788 929 1852 992 quo
1884 909 2034 975 laborant
2065 915 2211 977 maxima

211 997 276 1062 hun
297 1015 411 1060 sumus
432 994 566 1078 profecti
583 994 623 1058 ad
639 994 810 1059 colendum
829 993 954 1059 Deum:
978 994 1186 1077 deposuimus
1237 1014 1278 1057 ex
1310 1005 1403 1075 parte
1436 992 1536 1056 etiam
1568 990 1660 1075 probi
1695 991 1858 1073 doctores,
1891 997 1968 1078 quia
1997 995 2074 1060 dum
2100 997 2212 1062 vident

213 1103 342 1147 omnem
366 1101 479 1146 euram
514 1081 660 1163 privatae
692 1081 859 1146 utilitatis:
894 1081 947 1144 hie
981 1078 1186 1144 incommode
1238 1088 1368 1143 teneras
1390 1099 1462 1143 esse
1491 1091 1523 1141 et
1553 1078 1708 1143 delicatas
1740 1099 1852 1161 aures,
1887 1101 1951 1145 non
1987 1082 2110 1146 audent
2145 1095 2211 1148 tam

212 1168 413 1233 habitemus:
444 1185 612 1248 possemus
634 1167 721 1248 apud
745 1187 802 1232 nos
825 1166 1003 1248 tranquille
1025 1185 1130 1249 agere,
1154 1175 1187 1226 et
1238 1163 1448 1227 vehementer
1465 1163 1638 1247 obiurgare
1656 1164 1743 1242 vitia,
1767 1166 1895 1246 minari,
1918 1167 2084 1232 damnare.
2118 1168 2211 1234 Haeo

212 1253 276 1319 lrui
299 1253 421 1318 nostris
450 1250 558 1317 bonis:
591 1251 728 1316 facimus
756 1273 892 1335 magnos
923 1262 1089 1335 sumptus:
1124 1251 1186 1312 iter
1238 1249 1322 1313 ratio
1344 1256 1394 1314 est
1417 1269 1475 1314 eur
1499 1248 1588 1313 Dens
1613 1250 1672 1313 hoe
1702 1249 1879 1330 addiderit,
1913 1273 1951 1316 ne
1980 1253 2095 1318 scilieet
2120 1255 2210 1336 qaid·

213 1349 263 1406 est
282 1337 499 1404 laboriosnm:
533 1337 660 1414 deinde,
693 1338 862 1402 afferimus
885 1337 948 1402 huo
970 1337 1131 1404 sacrificia
1153 1345 1186 1399 et
1237 1355 1332 1415 qaam
1348 1334 1540 1400 subtraberet
1558 1335 1713 1400 Ieremias
1730 1355 1767 1400 es
1786 1357 1938 1402 emmone:
1961 1340 2053 1421 quasi
2077 1339 2210 1420 diceret,

213 1424 402 1490 fraudamus
426 1445 484 1488 nos
507 1424 697 1507 quotidiano
726 1423 814 1502 cibo,
845 1435 881 1487 ut
906 1421 996 1488 Deus
1018 1422 1186 1488 colatura
1238 1422 1288 1485 Tu
1311 1420 1429 1486 clausis
1451 1421 1553 1486 oeulis
1575 1432 1607 1484 et
1629 1421 1791 1503 intrepide
1814 1425 1957 1505 proferas
1986 1424 2143 1508 quidquid
2168 1447 2209 1490 ex

213 1512 323 1577 nobis:
357 1511 482 1574 interea
504 1519 539 1573 tu
562 1529 676 1575 severe
698 1510 732 1572 in
757 1530 814 1574 nos
837 1509 1017 1588 inveheris,
1047 1521 1080 1573 et
1104 1507 1185 1571 nibil
1238 1529 1293 1571 ore
1315 1526 1387 1570 meo
1409 1505 1566 1582 audieris,
1598 1515 1629 1569 et
1660 1506 1816 1589 despicias
1845 1529 1863 1573 c
1892 1509 2025 1575 sublimi
2049 1510 2207 1594 quidquid

213 1619 253 1662 ex
277 1617 333 1663 nro
356 1608 413 1662 tuo
435 1595 583 1662 audimus
604 1605 735 1676 praeter
758 1615 864 1660 meros
895 1607 1049 1658 terrores:
1084 1595 1185 1660 hocne
1238 1601 1347 1674 posset
1370 1592 1428 1657 tibi
1452 1591 1598 1655 animum
1622 1592 1779 1657 minuere.
1810 1593 1906 1660 Nunc
1929 1595 2022 1660 facile
2045 1595 2209 1680 colligitur

214 1703 352 1767 aequum
383 1680 458 1747 est?
492 1703 533 1745 nn
565 1679 657 1744 Deus
688 1680 786 1744 talem
825 1679 1004 1744 meroedom
1037 1680 1186 1764 rependit
1240 1678 1337 1743 buius
1360 1678 1525 1743 doetrinae
1549 1677 1681 1742 utilitas.
1726 1678 1872 1744 Mittitur
1895 1682 2056 1764 propbeta
2079 1705 2143 1747 non
2167 1681 2207 1746 ed

214 1771 317 1834 servis
340 1767 430 1834 suis?
475 1767 633 1832 Poterant
655 1766 756 1848 igitur
778 1767 823 1829 ita
846 1767 975 1848 litigare
1005 1787 1081 1830 num
1112 1787 1185 1848 pro·
1238 1763 1386 1827 homines
1409 1763 1569 1846 profanos,
1593 1766 1645 1844 qui
1671 1763 1777 1845 palam
1800 1785 1893 1829 suam
1916 1767 2117 1850 impietatem
2135 1789 2208 1850 pro·

213 1857 321 1939 pheta.
368 1853 434 1920 Sed
457 1851 628 1936 praevenit
649 1851 722 1915 illas
744 1852 954 1927 abiectiones,
985 1865 1017 1916 et
1040 1851 1186 1918 concedit
1239 1849 1327 1922 dant,
1351 1848 1404 1913 vel
1426 1853 1479 1930 qui
1502 1850 1619 1914 crassis
1642 1849 1776 1931 flagitiis
1798 1849 1960 1915 laborent:
1984 1854 2040 1917 sed
2064 1855 2208 1917 mittitur

214 1942 279 2007 illis
301 1941 386 2023 quod
415 1949 565 2020 poterant
595 1935 785 2014 obtendere,
820 1939 948 2002 venisse
979 1937 1103 2003 seilicet
1132 1959 1186 2001 eos
1239 1935 1278 1997 ad
1303 1934 1389 2016 ipsos
1413 1933 1475 1998 Dei
1505 1935 1658 2013 nuberes,
1692 1936 1748 2018 qui
1779 1948 1953 2001 externum
1982 1941 2052 2004 eius
2081 1939 2207 2005 cultum

214 2030 249 2093 in
272 2025 430 2109 templum
455 2037 491 2087 nt
513 2023 670 2088 sacrificia
691 2023 862 2088 offerrent:
886 2023 941 2087 sed
962 2022 1049 2088 alind
1065 2025 1186 2106 requiri
1239 2021 1271 2083 in
1295 2021 1398 2102 pretio
1421 2019 1600 2096 habebant,
1632 2026 1664 2084 et
1687 2020 1747 2086 ban
1768 2043 1865 2088 causa
1896 2022 2019 2089 relictis
2040 2026 2208 2101 uxoribus,

215 2113 344 2178 aDeo:
378 2111 488 2192 itaque
512 2128 575 2172 non
599 2129 669 2172 asse
693 2108 871 2184 defunctos,
901 2129 1001 2191 quum
1025 2109 1058 2172 in
1083 2121 1186 2192 temp·
1239 2114 1271 2169 et
1295 2106 1403 2170 liberis
1425 2107 1600 2170 veniebant
1621 2107 1654 2171 in
1679 2107 1847 2188 templum,
1880 2129 1984 2192 neque
2007 2110 2119 2193 labori,
2153 2133 2209 2176 ne·

214 2200 283 2264 lum
307 2198 486 2271 venissent,
517 2195 579 2258 nisi
603 2192 743 2259 fideliter
770 2194 940 2259 obedirent
965 2195 1034 2274 Deo
1063 2206 1096 2257 et
1118 2197 1187 2260 eius
1239 2211 1301 2273 que
1334 2190 1519 2275 sumptibus
1552 2192 1735 2276 parcebant.
1794 2193 1881 2276 Ergo
1920 2216 2019 2278 quum
2061 2195 2102 2261 ad
2137 2197 2210 2263 illos

215 2285 288 2368 lagi.
335 2284 430 2347 Nune
463 2301 541 2364 ergo
572 2281 719 2344 videmus
750 2301 809 2344 our
838 2280 997 2362 propheta
1024 2283 1187 2361 exprimat
1240 2277 1407 2354 mittatur,
1443 2277 1619 2342 videndum
1653 2291 1718 2355 est,
1753 2300 1794 2343 ne
1823 2279 2060 2348 indormiamus
2088 2285 2210 2348 uostris

214 2393 247 2437 nn
269 2371 402 2434 musam
421 2368 522 2450 scrisse
543 2367 586 2432 ad
607 2385 657 2430 eea
678 2385 781 2431 ommes
802 2368 857 2448 qai
879 2367 1082 2432 ascenderam
1104 2365 1187 2432 Iero-
1241 2363 1344 2440 vitiis,
1378 2373 1410 2427 st
1433 2375 1585 2444 putemus
1616 2373 1814 2430 transactum
1839 2387 1909 2430 esse
1938 2389 2012 2432 eum
2036 2369 2123 2449 Deo,
2155 2369 2210 2434 ubi

214 2457 376 2539 solymam,
401 2473 517 2535 nempe
541 2463 575 2516 ut
597 2450 706 2516 Deum
729 2450 912 2516 adorarent.
957 2451 1032 2534 Ipsa
1055 2453 1185 2535 quidem
1239 2449 1273 2512 in
1303 2449 1442 2531 speeiem
1472 2449 1580 2532 aliqua
1610 2449 1743 2533 pietatis
1771 2452 1866 2534 signa
1897 2453 2099 2519 dederimus:
2134 2457 2210 2538 quia

215 2545 298 2608 actio
322 2561 379 2624 per
401 2560 435 2604 sa
458 2559 521 2603 non
546 2539 652 2619 potuit
675 2539 854 2619 vituperari
883 2539 948 2602 imo
972 2561 1035 2602 non
1060 2539 1187 2621 vulgari
1241 2535 1304 2598 nisi
1328 2556 1403 2599 vere
1426 2545 1458 2600 et
1479 2536 1604 2600 sineere
1627 2535 1814 2602 obediamus
1837 2536 1922 2615 Deo,
1953 2540 2078 2623 reliqua
2100 2541 2211 2606 omnia

215 2628 312 2694 laude
335 2626 433 2708 digna
455 2635 542 2703 crat,
576 2623 661 2705 quod
684 2623 809 2688 scilieet
831 2625 876 2686 ita
899 2644 970 2687 sese
998 2636 1187 2688 exercerent
1240 2641 1348 2685 eoram
1372 2621 1442 2703 ipso
1465 2631 1671 2687 evanescent.
1717 2621 1873 2705 Sequitur
1896 2644 1984 2708 ergo,

215 2716 251 2779 in
273 2712 337 2776 Dei
361 2710 469 2775 cultu:
491 2709 547 2773 sed
571 2711 646 2790 quia
669 2730 735 2772 nnn
759 2709 949 2790 spectabant
964 2708 1076 2774 Iudaei
1093 2731 1186 2791 quor-

216 2820 290 2864 sum
312 2796 462 2862 iussisset
479 2796 569 2860 Deus
584 2795 645 2859 sibi
668 2795 778 2860 offerri
793 2796 960 2871 sacrificia,
984 2807 1017 2859 et
1034 2816 1187 2878 quorsum
1326 2792 1355 2857 3.
1387 2791 1425 2856 Si
1451 2790 1529 2872 sorte
1551 2792 1701 2875 audiant,
1733 2798 1761 2857 et
1789 2799 2006 2859 eonnertautar
2033 2796 2164 2878 quiaque
2191 2819 2212 2862 a

216 2886 314 2950 etiam
339 2881 527 2946 mandasset
555 2902 668 2945 omnes
697 2881 771 2944 illos
800 2893 954 2946 externos
983 2881 1082 2946 ritus:
1116 2882 1188 2946 ideo
1240 2879 1294 2942 vio
1315 2899 1375 2943 sua
1398 2877 1490 2952 male,
1514 2883 1541 2940 el
1559 2878 1718 2960 poeniteat
1737 2880 1888 2962 mentali,
1910 2880 1992 2961 qaod
2009 2901 2061 2963 epo
2076 2883 2213 2964 cogitans

217 2989 347 3036 neeesse
378 2969 437 3032 luit
472 2966 536 3031 illis
570 2967 650 3048 eripi
687 2967 773 3031 buno
806 2987 969 3041 errorem,
1003 2987 1067 3049 quo
1092 2968 1188 3031 nimis
1240 2965 1283 3029 ati
1309 2961 1563 3048 faciendum(id
1586 2972 1652 3045 est,
1681 2967 1786 3047 cogito
1810 2965 1928 3050 iacere)
1959 2966 2057 3046 ipsis,
2083 2973 2213 3048 prepter

216 3056 333 3120 imbuti
357 3063 460 3118 erant.
506 3052 645 3134 Loquere
666 3051 721 3117 boe
741 3071 912 3132 renunes,
943 3072 1019 3134 quoe
1039 3053 1189 3118 mariani
1240 3049 1272 3134 (a
1291 3047 1382 3129 facie,
1403 3048 1443 3112 ad
1467 3047 1615 3134 verbum)
1637 3049 1792 3114 malitiam
1809 3051 1966 3116 amiensem
1988 3052 2141 3132 meorum.

215 3142 282 3219 libi,
304 3145 339 3205 at
360 3139 501 3220 leqmart‘e
522 3137 565 3202 ud
586 3158 645 3203 eos.
691 3137 814 3202 lterum
838 3140 1011 3204 confirmat
1029 3139 1189 3221 propbeta

216 3249 252 3293 se
274 3248 340 3291 non
363 3247 434 3289 esse
456 3234 604 3289 autorem
622 3223 906 3301 huiusdontrinas,
930 3223 986 3288 sed
1003 3227 1187 3289 ministrum
1327 3221 1399 3286 Hoc
1433 3241 1529 3285 versu
1563 3219 1706 3285 breviter
1738 3220 1881 3286 ostendit
1914 3221 2004 3288 Dens
2047 3223 2082 3286 in
2115 3243 2214 3305 quem

217 3315 386 3391 duntaxat,
409 3311 464 3394 qui
483 3310 622 3374 fideliter
640 3309 783 3394 perferat
805 3307 1187 3391 quodDausmandavit.
1242 3310 1339 3373 finem
1364 3307 1473 3370 mittat
1503 3305 1696 3387 prophetam
1725 3328 1831 3372 suum.
1876 3307 1991 3391 Neque
2018 3309 2104 3374 euim
2135 3311 2216 3376 satis

218 3402 327 3482 Atque
355 3398 401 3461 ita
432 3415 497 3461 non
532 3397 638 3479 potuit
672 3395 809 3460 obiicere
843 3395 982 3477 populus
1015 3415 1084 3460 esse
1118 3397 1188 3461 eius
1242 3395 1354 3459 luisset
1387 3391 1569 3457 doctrinam
1603 3390 1707 3473 ipsam
1749 3413 1947 3478 proponere,
1989 3395 2051 3459 nisi
2085 3395 2216 3478 cognita

216 3495 415 3558 commenta,
447 3502 530 3564 quae
554 3495 663 3563 postea
689 3482 722 3545 in
754 3479 896 3546 medinm
926 3481 1076 3562 protulit,
1111 3481 1189 3564 quia
1242 3478 1356 3545 luisset
1388 3477 1452 3541 Dei
1487 3476 1647 3542 volontas.
1699 3477 1764 3542 Hie
1798 3500 1875 3562 ergo
1909 3481 2024 3545 asserit
2054 3479 2146 3545 Deus
2180 3501 2216 3545 se

217 3569 375 3651 repulita
398 3588 432 3632 se
455 3566 540 3632 hauc
561 3567 768 3632 calumniam.
814 3567 972 3630 Poterant
995 3568 1090 3631 etiam
1116 3568 1188 3632 falsi
1242 3567 1308 3630 iore
1331 3563 1530 3629 exorabilem
1555 3564 1689 3646 populo,
1719 3565 1746 3629 si
1771 3565 1917 3630 obtineat
1947 3565 2032 3649 quod
2065 3567 2106 3630 ab
2137 3566 2215 3649 ipsis

217 3655 394 3739 prophetae
416 3652 503 3717 idem
526 3654 662 3718 iactare:
697 3652 753 3718 sed
776 3654 932 3716 Ieremias
962 3652 1076 3717 babuit
1101 3665 1189 3718 certa
1241 3651 1361 3733 exigit,
1395 3670 1512 3733 nempe
1535 3657 1572 3711 ut
1595 3649 1796 3731 resipiscant.
1842 3651 1893 3715 Ita
1917 3651 2001 3717 banc
2030 3648 2213 3717 doctrinam

216 3742 359 3824 insignia
382 3758 460 3804 suae
483 3739 670 3817 vocationis,
693 3737 874 3812 utinensi,
899 3759 997 3820 quum
1021 3738 1113 3803 illum
1138 3761 1188 3804 re·
1242 3747 1381 3802 testatur
1403 3735 1473 3800 fore
1496 3733 1560 3798 illis
1584 3733 1706 3812 utilem,
1728 3735 1806 3817 quia
1828 3739 1987 3801 rationem
2010 3735 2109 3801 habet
2130 3738 2214 3821 ipso·

217 3827 408 3910 pudiarent,
438 3823 498 3888 sibi
523 3826 601 3906 ipsis
622 3838 731 3888 essent
760 3823 899 3902 iudices,
929 3825 1082 3905 quoniam
1113 3845 1189 3888 con·
1242 3845 1313 3887 rum
1346 3821 1470 3887 salutis.
1526 3819 1600 3884 Non
1635 3829 1742 3904 polest
1774 3835 1882 3888 autem
1924 3824 2027 3905 magis
2065 3824 2213 3890 amabilis

217 3912 355 3977 seientia
377 3909 508 3974 tenebat
531 3911 618 3992 ipsos
640 3911 719 3974 satis
737 3929 899 3993 superque
914 3910 1087 3974 convictos.
1123 3909 1188 3974 Sed
1241 3907 1331 3973 reddi
1355 3908 1503 3971 doctrina
1525 3926 1626 3987 quam
1648 3905 1703 3970 ubi
1725 3909 1950 3989 cognoscimus
1977 3929 2048 3972 eam
2080 3911 2213 3976 tendere

217 4019 258 4063 ex
292 3997 354 4063 hon
387 3997 456 4061 loeo
490 4008 523 4058 et
556 3994 716 4060 similibus
749 4015 877 4076 semper
916 3994 1069 4077 colligere
1103 3993 1189 4075 linet,
1241 3993 1443 4060 adsalutem
1468 4003 1622 4057 nostram.
1657 3991 1749 4056 Dens
1771 4013 1848 4076 ergo
1871 3995 1947 4074 quia
1967 3993 2097 4059 videbat
2115 4015 2214 4079 popu-

218 4085 382 4149 neminem
405 4079 563 4146 excellere
594 4079 644 4147 vel
676 4083 823 4164 ingenie,
860 4079 908 4143 vel
940 4079 1102 4155 doctriua,
1135 4081 1188 4145 vel
1243 4081 1310 4145 lum
1333 4099 1429 4143 ruere
1444 4096 1537 4142 eaeoa
1556 4076 1782 4160 desperatione
1797 4078 1837 4142 ad
1854 4099 1981 4143 omnem
1999 4080 2213 4165 impietatem,

217 4170 388 4252 sapientia,
418 4167 471 4231 vel
495 4169 677 4240 autoritate,
708 4166 764 4249 qni
787 4175 957 4248 propterea
985 4167 1027 4230 sit
1054 4165 1188 4230 audien·
1243 4165 1347 4230 voluit
1370 4165 1550 4247 periculum
1574 4163 1690 4242 iacere,
1713 4183 1752 4227 au
1777 4165 1876 4246 aliqui
1899 4179 2008 4229 essent
2031 4165 2213 4232 sanabiles:

219 4257 295 4334 dus,
330 4255 390 4319 nisi
414 4252 565 4318 ostendat
586 4273 621 4317 se
643 4274 714 4318 esse
737 4251 799 4316 Dei
830 4253 1026 4317 ministrum.
1071 4251 1191 4317 Postea
1242 4251 1332 4334 quasi
1356 4250 1494 4322 diceret,
1529 4246 1618 4329 Quid
1641 4249 1745 4314 lenitis
1768 4248 1903 4315 miseri?
1937 4271 2040 4334 neque
2063 4252 2151 4316 enim
2174 4251 2214 4318 de

219 4341 327 4406 addit:
361 4339 433 4406 Nou
461 4337 619 4404 diminues
646 4339 777 4403 umbem.
830 4335 924 4416 Quod
960 4337 1015 4401 alii
1043 4347 1189 4418 vertunt,
1243 4337 1336 4402 vobis
1357 4355 1491 4419 prorsus
1513 4344 1623 4400 actum
1645 4345 1708 4398 est:
1732 4345 1861 4399 tautum
1883 4335 2103 4421 obtemperate
2121 4338 2213 4417 mihi,

218 4428 269 4493 Ne
290 4426 473 4509 prohibeas,
498 4423 613 4488 durius
635 4435 700 4488 est:
735 4433 769 4487 et
790 4435 848 4499 tet
876 4425 1006 4504 proprie
1028 4424 1191 4506 significat
1243 4435 1274 4487 et
1309 4433 1458 4506 paratum
1492 4423 1554 4485 erit
1587 4420 1766 4484 remedium
1799 4419 1893 4486 malis
1936 4425 2062 4489 vestris.
2118 4424 2214 4491 Nune

218 4513 332 4587 minui,
355 4523 453 4593 atque
475 4510 632 4574 consumi.
667 4509 733 4574 Sed
757 4509 818 4574 boo
840 4509 950 4572 eodem
969 4509 1069 4574 verbo
1086 4511 1190 4574 utitur
1242 4529 1319 4592 orgo
1347 4519 1497 4572 tenemus
1527 4505 1698 4570 eonsilium
1728 4504 1809 4586 Dei,
1842 4528 1959 4590 nempe
1990 4510 2093 4574 voluit
2121 4531 2214 4592 spem

219 4601 331 4664 Moses
349 4595 539 4662 duodecimo
556 4594 662 4677 eapite
680 4594 927 4658 Deuteronomii
946 4593 990 4680 (a.
1003 4595 1067 4680 32).
1087 4615 1189 4677 quum
1243 4591 1482 4658 misericordiae
1506 4593 1610 4664 faeere
1632 4591 1782 4670 Iudaeis,
1815 4593 1869 4674 qui
1894 4601 2003 4658 tamen
2029 4607 2124 4660 erant
2146 4595 2214 4660 fera

220 4685 307 4762 dicit,
331 4683 405 4747 Non
423 4681 532 4754 addes,
554 4700 658 4762 neque
677 4680 848 4756 diminues,
873 4679 927 4744 ubi
948 4680 1017 4745 vult
1035 4680 1188 4764 populum
1243 4679 1369 4762 perditi,
1395 4699 1435 4742 ne
1458 4687 1651 4759 respuerent
1674 4677 1757 4742 banc
1780 4677 1971 4762 doctrinam,
1998 4701 2098 4762 quum
2121 4677 2213 4744 audi-

219 4769 424 4851 acquieseere
454 4768 517 4850 legi
545 4787 638 4841 suae,
673 4781 706 4830 et
739 4766 891 4847 prohibet
924 4787 995 4830 eam
1024 4767 1190 4848 eorrumpi
1243 4775 1315 4830 rent
1344 4764 1407 4829 sibi
1436 4783 1506 4828 esse
1533 4763 1719 4827 salutarem.
1772 4761 1839 4828 Sed
1866 4763 1941 4830 binc
1978 4768 2076 4830 etiam
2103 4765 2213 4851 colligi

220 4854 296 4919 ullis
328 4855 532 4918 nommentis.
585 4853 673 4934 Ergo
707 4853 853 4916 minuere
884 4873 924 4915 ex
959 4873 1108 4917 sermone
1141 4859 1190 4916 est
1243 4857 1348 4930 potest
1370 4848 1532 4933 generalis
1555 4846 1719 4925 doctrina,
1753 4847 1807 4913 ubi
1838 4853 1978 4916 maxime
2007 4851 2214 4918 excandescit

219 4940 341 5022 aliquid
365 4939 573 5004 subtrahere:
609 4937 711 5021 Atqui
741 4937 918 5001 notandum
950 4943 1016 5019 est,
1047 4958 1107 5003 nur
1129 4938 1189 5002 boo
1241 4936 1343 5018 Deus,
1375 4944 1485 4999 tamen
1509 4932 1571 4997 hoc
1592 4934 1723 5017 signum
1747 4955 1817 5000 esse
1841 4937 1970 5017 paterni
1989 4937 2059 5000 eius
2080 4938 2213 5018 favoris,

218 5026 376 5091 Ieremias
399 5024 523 5089 dietum
547 5025 652 5088 luerit.
699 5023 812 5105 Neque
834 5025 921 5086 enim
946 5043 1113 5106 nunquam
1137 5043 1191 5086 ve·
1242 5042 1340 5104 quum
1375 5020 1530 5103 dignatur
1564 5039 1622 5083 nos
1656 5020 1847 5102 prophetica
1886 5020 2043 5087 doctrine.
2099 5023 2214 5107 Neque

219 5112 322 5177 nisset
343 5112 377 5175 in
401 5119 544 5174 montem
573 5123 685 5174 saneto
719 5109 790 5173 viro
821 5109 1005 5173 adulterare
1029 5111 1091 5174 Dei
1121 5129 1189 5174 ser·
1242 5107 1330 5173 enim
1353 5105 1423 5171 vult
1445 5105 1549 5188 ipsam
1573 5107 1680 5169 trunto
1703 5125 1822 5184 carcre,
1845 5106 1907 5170 nisi
1931 5111 2213 5188 pernossteterit.

218 5215 366 5262 monem:
395 5197 452 5260 sed
476 5194 566 5260 Deus
589 5194 642 5260 bin
665 5194 813 5258 bortatur
834 5195 941 5274 ipsum
965 5195 1004 5258 ad
1029 5195 1188 5272 fiduciam,
1243 5192 1309 5259 Sed
1330 5191 1458 5256 interea
1481 5191 1642 5272 maginae
1660 5192 1765 5273 magis
1781 5191 1947 5256 reddimur
1963 5194 2212 5272 inexcusabiles,

219 5295 256 5348 ot
277 5280 441 5364 intrepide
471 5295 606 5364 peragat
634 5301 693 5345 sua
723 5278 885 5344 mandata.
932 5281 1083 5345 Minuere
1112 5301 1189 5363 ergo
1242 5281 1268 5344 si
1293 5278 1455 5343 reiicimus
1477 5275 1566 5339 illam
1590 5274 1793 5356 medicinam,
1824 5298 1905 5358 quae
1927 5291 2014 5344 certo
2037 5281 2129 5346 nobis
2152 5283 2214 5346 erit

219 5369 340 5452 aliquid
363 5389 404 5433 ex
427 5388 576 5433 sermone
599 5376 649 5430 est
675 5366 802 5431 mollire
832 5364 916 5448 quod
949 5364 1051 5431 videri
1081 5374 1190 5449 posset
1243 5365 1383 5430 vivifiea.
1428 5363 1609 5426 Teneemua
1633 5363 1735 5444 igitur
1758 5362 1843 5444 qood
1867 5363 1918 5427 hio
1945 5365 2103 5446 propheta
2125 5365 2214 5446 dicit,

324 5472 433 5527 Caluini
450 5487 542 5540 opera.
575 5471 629 5524 Vol.
649 5468 827 5525 XXXVIII.
1973 5466 2008 5521 33
2078 5521 2079 5526 χ
