5118 6136
386 450 449 518 575
1192 449 1578 520 Passuuomoulte
2316 450 2377 516 576

384 641 517 710 titulum
547 640 735 725 prophetae.
786 639 850 708 Sic·
872 640 1018 724 papistae
1057 648 1192 722 crepant
1226 638 1357 705 nomina
1496 639 1545 704 13.
1577 638 1662 706 Vade
1679 644 1706 704 et
1723 641 1845 723 loquere
1865 659 1935 706 cum
1952 638 2118 705 cuneata
2137 639 2266 704 diendo
2289 638 2377 724 (allo

384 728 572 814 praesulum
595 739 627 792 et
646 727 880 810 episcoporum,
900 745 999 810 seque
1016 745 1216 792 successores
1230 733 1357 808 apesto-
1409 747 1508 810 quere
1531 724 1736 792 Obananiam
1760 725 1920 812 diceudo),
1952 724 2006 792 Sic
2025 725 2102 792 dicit
2125 723 2274 808 Iehevob,
2305 723 2377 790 Viu-

384 817 492 882 lornm
514 813 712 898 gloriantur:
741 812 888 913 diabolus
919 822 1027 912 autem
1043 811 1104 912 ‚ille
1132 831 1245 910 eorum
1267 810 1358 893 priu-
1408 813 1479 880 caelo
1505 811 1610 896 limera
1635 812 1777 896 fregisti:
1803 813 1856 896 soc
1878 815 1981 878 cutem
2002 811 2059 877 tobi
2080 810 2141 876 loto
2163 811 2291 876 ι’ῑιοηιιιι
2311 811 2377 876 eia

385 898 1006 1055 hhhhulhowihresuoria?hthltsitdshqthiibiiilt1
1027 903 1215 1065 pirihphedthh
1236 896 1358 1048 nffih
1408 899 1479 966 aaa
1496 898 1609 981 sm·

386 1071 586 1151 Chananiae,
619 1079 655 1136 ιιι
687 1091 787 1155 quum
820 1068 885 1135 tale
917 1067 1038 1153 aliquid
1072 1069 1163 1133 uobis
1193 1068 1357 1148 acciderit,
1493 1067 1582 1136 Hinc
1621 1082 1754 1153 apparet
1794 1069 1967 1136 Ieremiam
2010 1075 2174 1151 spectasse
2219 1066 2377 1134 duntaxat

383 1159 465 1224 fides
499 1167 609 1222 nostru
642 1177 708 1221 non
741 1156 885 1222 labascat
917 1155 1011 1239 quasi
1043 1154 1203 1222 accideret
1236 1154 1357 1237 aliquid
1408 1175 1614 1224 communem
1652 1155 1762 1240 populi
1802 1155 1998 1222 utilitatem:
2044 1153 2161 1218 deinde
2201 1153 2377 1237 prudenter

384 1247 472 1312 novi.
511 1243 587 1309 Non
610 1263 737 1327 possem
761 1241 856 1307 hodie
879 1240 1045 1307 absolvere
1068 1250 1265 1325 postremam
1283 1261 1357 1323 par·
1409 1243 1550 1310 tacuisse
1570 1240 1611 1307 ad
1633 1251 1772 1324 tempus,
1794 1264 1837 1308 ne
1859 1241 2030 1325 proiiceret
2053 1241 2249 1322 margaritas
2271 1261 2378 1305 coram

384 1344 451 1397 tem
474 1349 597 1396 versus
1409 1328 1523 1411 porois,
1554 1340 1651 1410 atque
1671 1328 1720 1393 ita
1742 1329 1952 1411 prostitueret
1982 1323 2219 1408 quodammodo
2250 1347 2377 1392 sacrum

1409 1414 1472 1481 Dei
1496 1433 1614 1480 nomen
1636 1413 1812 1496 impiorum
1834 1412 2044 1497 petulantiae.
2085 1411 2298 1493 Exspectavit
2318 1413 2379 1497 igi·

472 1503 649 1583 Postquam
665 1499 853 1567 Obananias
874 1499 1021 1583 abruptis
1043 1498 1185 1564 vinculis
1199 1497 1358 1563 Ieremias
1409 1512 1463 1566 tur
1485 1501 1562 1565 dnm
1585 1505 1693 1583 posset
1714 1521 1829 1566 rursus
1851 1498 1981 1582 prodire
2003 1518 2076 1564 cum
2101 1498 2194 1562 novis
2217 1497 2379 1564 mandatis

386 1587 543 1674 praedicit
560 1587 666 1652 Deum
686 1597 916 1669 exemptarum
931 1605 1002 1651 esse
1020 1590 1087 1649 tam
1103 1583 1242 1649 Iudaees
1260 1604 1357 1667 quam
1409 1595 1445 1652 ut
1466 1587 1528 1653 sibi
1557 1584 1631 1669 plus
1660 1583 1736 1651 fidei
1765 1587 1957 1669 acquireret.
2002 1583 2087 1649 Nam
2117 1583 2145 1648 si
2168 1584 2289 1649 diutius
2319 1605 2380 1666 pu·

386 1675 528 1758 reliquae
550 1681 665 1754 gentes
694 1671 770 1756 iugo
799 1673 886 1756 regis
907 1668 1195 1746 Nabuohadneaer,
1226 1669 1356 1734 tandem
1408 1683 1541 1757 guasset
1562 1691 1635 1736 cum
1654 1670 1860 1748 Obauauiah,
1884 1668 2060 1736 hincinde
2083 1670 2283 1738 exarsissent
2305 1691 2379 1736 eou-

386 1760 517 1828 additur
540 1758 708 1823 Ieremiam
730 1758 905 1841 profectum
932 1755 1113 1840 fuissetis
1141 1777 1210 1839 auo,
1241 1756 1357 1839 quibus
1408 1759 1580 1836 tentiones,
1609 1776 1677 1822 non
1707 1757 1821 1823 fuisset
1850 1756 1983 1821 auditus
2012 1757 2045 1819 in
2072 1755 2129 1819 illo
2156 1756 2318 1835 tumultu,
2349 1766 2381 1822 et

387 1845 494 1912 verbis
517 1844 679 1929 significat
701 1843 918 1927 prophetase
939 1844 1008 1909 loco
1030 1841 1173 1920 cessisse,
1204 1843 1280 1923 quia
1303 1862 1357 1906 no·
1407 1843 1522 1910 Iudaei
1555 1843 1655 1910 etiarn
1688 1863 1745 1925 pro
1776 1841 1879 1909 nihilo
1911 1841 2080 1907 duxissent
2113 1839 2268 1924 quidquid
2302 1853 2381 1907 tuuc

386 1933 473 1998 lebat
495 1929 697 1998 contentiose
719 1950 865 2013 pugnare
887 1949 960 1995 eum
983 1929 1113 1994 homine
1133 1927 1283 2006 violento,
1303 1927 1357 1992 vel
1408 1931 1523 1995 fuisset
1545 1929 1707 2011 loquutus.
1753 1927 1819 1996 Sed
1842 1929 1921 1994 dum
1944 1949 1980 1993 se
2002 1926 2153 1993 subducit
2175 1948 2193 1992 e
2217 1928 2323 2006 turba,
2351 1937 2381 1992 et

386 2018 494 2103 potius
514 2035 589 2082 cum
611 2013 728 2080 bellua.
773 2015 858 2080 Nam
881 2014 1059 2081 verisimile
1082 2022 1139 2092 est,
1163 2013 1228 2078 imo
1249 2021 1358 2097 potest
1409 2024 1519 2099 postea
1552 2015 1696 2080 mittitur
1728 2035 1748 2079 a
1777 2014 1866 2096 Deo,
1899 2035 1965 2079 non
1994 2015 2042 2078 ita
2074 2022 2196 2078 temere
2229 2023 2383 2095 poterant

386 2113 474 2172 certo
496 2101 605 2184 colligi
627 2099 832 2166 Obananiam
863 2101 960 2166 fuisse
988 2099 1188 2165 dominatum
1217 2100 1251 2163 in
1275 2108 1356 2164 tem·
1408 2101 1609 2185 vilipendere
1639 2121 1745 2183 neque
1774 2102 1881 2183 ipsum
1911 2120 2017 2182 neque
2047 2097 2226 2164 doctrinam
2253 2099 2382 2166 Iudaei.

385 2190 450 2272 plo,
469 2188 622 2271 quoniam
641 2187 827 2270 plausibiles
847 2191 941 2251 erant
958 2186 1028 2251 eius
1046 2183 1242 2268 prophetiae.
1272 2183 1357 2250 Nam
1409 2187 1500 2254 Hace
1521 2188 1622 2270 igitur
1645 2187 1706 2251 fuit
1728 2187 1811 2251 ratio
1830 2206 1889 2252 eur
1905 2185 1946 2250 ad
1964 2184 2063 2250 breve
2082 2195 2210 2267 tempus
2233 2189 2382 2252 tacuerit

386 2288 424 2340 ut
445 2274 593 2339 homiues
622 2293 751 2356 semper
772 2283 929 2357 appetunt
957 2271 1147 2351 blanditias,
1177 2292 1276 2354 quum
1300 2291 1357 2336 au·
1410 2272 1505 2354 Quod
1521 2275 1547 2339 si
1564 2270 1741 2356 trepidaret
1756 2273 1842 2337 inter
1857 2273 1929 2337 illos
1945 2281 2063 2345 motus,
2081 2270 2172 2335 Deus
2189 2272 2384 2354 tempestive

387 2361 495 2426 dirent
527 2359 590 2425 sibi
627 2359 776 2460 promitti·
810 2360 998 2460 quoderat
1016 2358 1172 2457 ‘maxime
1205 2357 1356 2458 optabile,
1409 2380 1484 2424 eum
1499 2359 1713 2459 'confirmavit
1734 2379 1834 2440 quum
1854 2359 2051 2456 darettnova
2068 2358 2231 2421 mandata.
2263 2357 2384 2457 Factae

386 2447 632 2598 :ttttlttt
649 2453 923 2611 :ttttlttl
937 2443 1358 2611 attttltdtltt
1409 2445 1821 2597 tatttltttw
1841 2444 2017 2596 hhmdd.
2032 2444 2384 2614 lilllmacfflll

387 2625 464 2682 sunt
486 2614 570 2698 quod
594 2612 721 2680 dicebat
739 2614 794 2679 ille
811 2619 977 2698 impostor.
1007 2612 1136 2678 Deinde
1160 2634 1224 2678 non
1244 2614 1358 2698 lingua
1409 2619 1498 2695 ficet,
1536 2617 1652 2700 impios
1689 2617 1899 2698 quantumvis
1936 2627 2087 2698 proterve
2125 2627 2237 2679 eontra
2271 2615 2381 2680 Deum

387 2709 516 2767 tantum
550 2699 719 2783 pugnabat
751 2709 865 2765 contra
895 2700 1083 2778 larentiam,
1116 2697 1173 2764 sed
1206 2701 1358 2766 manibus
1410 2706 1589 2786 insurgant,
1621 2711 1731 2767 tamen
1762 2723 1890 2785 semper
1920 2700 2083 2767 discedere
2106 2720 2180 2766 cum
2203 2700 2326 2784 pudore
2349 2714 2382 2767 et

387 2787 546 2854 violenter
569 2787 666 2850 etiam
690 2807 864 2870 aggressus
887 2797 938 2852 est
959 2793 1107 2851 sanctum
1130 2785 1248 2863 virum,
1279 2785 1357 2850 dum
1410 2787 1592 2872 opprobrio.
1636 2787 1722 2853 Nam
1747 2787 1937 2852 Chananias
1965 2809 2030 2851 non
2053 2793 2183 2852 tantum
2211 2807 2380 2871 oppugna·

388 2874 518 2958 abrupit
540 2873 680 2938 vincula.
717 2873 791 2937 Non
812 2894 889 2959 ergo
912 2873 1008 2938 aliter
1029 2871 1135 2954 potuit
1157 2890 1254 2955 egere
1271 2870 1355 2936 Iere·
1411 2882 1502 2939 verat
1526 2874 1632 2941 verbis
1655 2882 1688 2937 et
1710 2873 1824 2956 lingua
1844 2873 2028 2949 Ieremiam,
2055 2871 2111 2938 sed
2132 2872 2294 2938 violenter
2316 2873 2380 2938 fre-

387 2961 471 3025 mias
491 2977 588 3042 quam
612 2967 648 3022 ut
670 2959 835 3042 paulisper
856 2959 1045 3024 deflecteret
1073 2957 1114 3022 ab
1135 2957 1190 3020 illa
1219 2962 1358 3040 tempee·
1410 2968 1504 3045 gerat
1537 2971 1569 3025 et
1607 2959 1796 3024 detraxerat
1822 2959 1955 3025 vincula
1984 2958 2035 3024 vel
2068 2958 2223 3041 ligamina
2252 2980 2270 3023 e
2298 2958 2381 3024 colle

388 3055 469 3110 tate:
494 3064 598 3126 neque
615 3044 677 3110 hoe
694 3045 772 3110 feeit
789 3056 885 3125 metu,
904 3044 961 3110 sed
976 3044 1055 3127 qnia
1070 3042 1201 3108 videbat
1219 3043 1358 3108 rixando
1410 3047 1490 3112 eins.
1536 3046 1608 3111 Hoc
1637 3066 1714 3130 ergo
1745 3067 1832 3111 nunc
1862 3045 1980 3128 repetit
2009 3043 2177 3126 propheta,
2211 3053 2250 3108 ut
2278 3043 2380 3127 digito

387 3132 585 3213 superiorem
616 3131 684 3195 lore
709 3131 950 3197 adversarium:
981 3129 1097 3194 deinde
1119 3150 1183 3194 non
1207 3131 1358 3213 sperabat
1410 3133 1559 3198 ostendat
1585 3130 1788 3197 Chananiam
1822 3151 1881 3195 sua
1910 3129 2044 3196 audacia
2074 3129 2157 3194 nihil
2190 3128 2277 3195 alind
2309 3151 2381 3195 esse

388 3217 586 3281 audientiam
619 3216 680 3280 sibi
713 3217 781 3282 fore
816 3219 903 3281 inter
935 3216 1091 3298 strepitus
1124 3223 1157 3279 et
1189 3216 1357 3282 clamores.
1409 3218 1580 3301 adeptum,
1612 3218 1675 3282 nisi
1702 3226 1741 3282 nt
1763 3219 1890 3282 vanitas
1919 3217 1987 3282 eius
2015 3217 2120 3300 magis
2152 3216 2382 3282 innotesceret.

387 3301 531 3366 Videbat
554 3302 642 3366 enim
664 3302 775 3366 statim
799 3303 1000 3367 exoriturum
1023 3321 1158 3382 gravem
1181 3301 1215 3367 in
1238 3301 1358 3385 populo
1411 3305 1472 3368 Est
1494 3313 1603 3370 autem
1627 3303 1784 3384 abruptus
1806 3323 1913 3369 sermo
1935 3322 2036 3384 quum
2059 3301 2153 3380 dicit,
2183 3300 2278 3380 Vade,
2306 3323 2384 3384 pro-

387 3387 578 3466 tumultum,
605 3387 633 3450 si
656 3388 815 3471 coepisset
837 3387 933 3470 loqui.
980 3387 1069 3468 Ergo
1091 3405 1221 3452 necesse
1244 3388 1359 3453 babuit
1410 3391 1569 3469 deiecere,
1602 3389 1652 3454 dio
1684 3389 1826 3468 timendo,
1862 3387 1915 3452 Sic
1946 3389 2022 3452 dicit
2056 3387 2210 3467 Mrem,
2249 3387 2384 3454 Vincula

388 3495 423 3540 ee
456 3473 636 3540 subduccre
670 3494 712 3537 ex
745 3474 855 3556 populi
888 3482 1071 3555 conspectu.
1127 3471 1222 3537 Unde
1259 3473 1359 3538 etiam
1409 3475 1511 3560 licaeo
1532 3475 1724 3558 coufrepisti,
1752 3475 1851 3557 etfao
1872 3474 1937 3539 tibi.
1981 3473 2094 3556 Neque
2116 3475 2204 3538 enim
2227 3475 2383 3538 continuo

387 3581 558 3626 monemur
581 3558 757 3625 videndum
775 3580 845 3626 esse
863 3558 1041 3642 prudenter
1056 3557 1131 3640 qnid
1148 3557 1231 3623 ferat
1246 3580 1360 3642 oppor-
1410 3571 1523 3627 tenore
1551 3562 1758 3644 prosequitur
1787 3581 1971 3627 sermonem
2002 3580 2098 3625 suum
2120 3558 2295 3624 Ieremias:
2327 3561 2386 3625 sed

388 3646 519 3711 tnuitas.
553 3644 667 3727 Neque
685 3646 773 3709 enirn
791 3666 920 3728 semper
936 3652 970 3710 et
987 3643 1105 3727 ubique
1124 3643 1210 3726 loqui
1230 3665 1359 3710 necesse
1410 3648 1518 3728 priore
1551 3646 1696 3712 membro
1727 3647 1843 3712 recitat
1876 3646 1953 3728 quid
1989 3647 2098 3710 iussus
2135 3645 2238 3710 fuerit
2276 3645 2387 3713 dicere

388 3743 438 3796 est
460 3731 512 3796 vel
533 3730 675 3814 expedit.
709 3729 747 3798 Si
770 3752 848 3816 ergo
865 3730 1029 3796 Dominus
1051 3749 1087 3796 os
1110 3731 1201 3796 nobie
1224 3731 1358 3813 aperiat,
1409 3732 1614 3798 Obananiee:
1633 3732 1774 3798 secundo
1792 3741 1899 3797 autem
1918 3730 2062 3797 membro
2079 3730 2194 3796 recitat
2209 3731 2273 3796 Dei
2291 3732 2387 3798 iussu

387 3817 455 3883 illic
485 3816 594 3881 nullae
627 3816 834 3882 difficultates
866 3816 985 3882 debent
1013 3816 1151 3894 obstare,
1185 3817 1359 3899 quominus
1410 3840 1444 3884 ee
1466 3819 1580 3885 fecisse
1605 3817 1738 3883 vincula
1768 3819 1880 3883 ferrea.
1925 3817 1992 3884 Sed
2022 3819 2054 3881 in
2083 3837 2182 3883 sensu
2212 3816 2304 3882 nulla
2336 3827 2388 3884 est

388 3913 520 3969 stream
542 3901 725 3985 loquamur:
748 3901 806 3968 sed
829 3900 882 3966 ubi
905 3901 996 3966 nulla
1018 3911 1091 3985 spes
1113 3911 1162 3968 est
1184 3903 1358 3986 prolectas,
1409 3905 1604 3971 obscuritas:
1633 3904 1708 3987 quia
1735 3905 1871 3969 minime
1894 3903 2028 3969 dubium
2052 3911 2100 3967 est
2122 3903 2201 3984 quin
2224 3903 2388 3987 propheta

388 3989 507 4054 melius
534 3998 583 4053 est
605 3988 767 4053 interdum
799 3997 906 4052 tacere
935 4008 1032 4070 quam
1062 4007 1192 4053 morere
1221 4009 1358 4071 magnas
1410 4012 1592 4057 sermenem
1613 3989 1675 4056 hoc
1698 3989 1792 4055 modo
1815 3989 2036 4066 contexuerit,
2067 3989 2116 4052 'Iu
2141 3989 2269 4072 fregisti
2299 3989 2387 4074 liga·

387 4074 501 4140 turbas
523 4073 643 4155 absque
665 4074 732 4140 nllo
756 4075 874 4140 fructu.
909 4072 1034 4136 Verum
1056 4073 1186 4154 quidem
1208 4086 1259 4140 eet
1276 4076 1358 4140 illud
1409 4079 1538 4142 minae
1561 4076 1752 4142 collomeo:
1783 4075 1875 4142 Deus
1903 4085 2012 4139 autem
2041 4077 2215 4157 praecepit,
2246 4084 2283 4140 ut
2305 4095 2388 4141 con-

388 4160 485 4226 Pauli
513 4158 557 4246 (2.
581 4159 664 4224 Tim.
688 4160 717 4236 4,
740 4159 790 4246 2),
820 4157 1037 4225 insistendum
1066 4179 1135 4223 esse
1157 4161 1358 4243 importune:
1409 4165 1540 4229 ficerem
1571 4162 1653 4226 mihi
1685 4182 1771 4228 nova
1800 4183 1843 4226 ex
1872 4161 1968 4227 ferro.
2020 4158 2182 4242 Quamvis
2214 4179 2294 4246 ergo
2333 4160 2389 4226 hic

389 4247 445 4310 sed
473 4243 629 4330 intelligit
663 4246 830 4311 ministros
858 4243 983 4311 Christi
1017 4245 1166 4326 quamvis
1194 4247 1359 4311 interdum
1410 4257 1539 4313 tantum
1562 4257 1671 4313 narret
1689 4246 1846 4313 Ieremias
1868 4269 1901 4312 se
1918 4246 2010 4312 iussu
2027 4246 2090 4311 Dei
2112 4246 2227 4312 lenisse
2250 4247 2391 4312 vincula

388 4332 555 4397 offendant
578 4340 610 4395 et
632 4341 827 4414 exasperent
848 4331 1025 4396 multorum
1048 4330 1183 4408 animos,
1215 4353 1279 4395 non
1304 4332 1358 4396 de·
1410 4333 1528 4414 ferrea,
1560 4332 1654 4398 facile
1685 4343 1795 4398 tamen
1825 4342 1875 4397 est
1905 4331 1981 4398 inde
2010 4331 2177 4414 colligere,
2211 4353 2311 4415 quum
2346 4334 2390 4397 de

388 4417 465 4482 bere
487 4426 597 4482 tamen
620 4436 639 4480 a
660 4419 843 4484 constantia
864 4416 1029 4481 desistere.
1058 4414 1183 4479 Verum
1203 4416 1359 4483 Ieremias
1410 4417 1549 4484 vinculis
1581 4419 1698 4504 ligneis
1732 4420 1885 4502 loquutus
1918 4425 1982 4496 est,
2015 4417 2113 4482 simul
2146 4415 2309 4483 addidisse
2347 4417 2391 4484 de

388 4502 497 4568 nullos
515 4500 629 4567 habuit
647 4502 823 4569 auditores:
846 4513 879 4567 et
897 4511 984 4568 totus
1001 4500 1139 4586 populus
1158 4501 1204 4566 sic
1222 4504 1359 4569 infestus
1411 4503 1551 4570 viuculis
1580 4505 1694 4570 lerreis
1717 4503 1803 4589 quod
1825 4505 1940 4581 refert,
1969 4503 2026 4569 sed
2048 4503 2112 4568 alio
2135 4503 2239 4568 medo.
2285 4503 2389 4570 Nunc

389 4598 462 4655 erat
483 4597 520 4653 ut
540 4588 637 4652 etiam
661 4599 764 4654 morte
786 4610 845 4654 sua
868 4607 934 4652 nou
956 4597 1067 4671 posset
1090 4585 1266 4671 quidquam
1289 4610 1360 4670 pre
1411 4590 1556 4674 sequitur
1577 4591 1746 4674 expositio,

390 4677 486 4740 ficere
519 4672 677 4739 adversus
713 4675 805 4739 illum
844 4675 1062 4757 impostorem.
1118 4673 1235 4738 Tacuit
1271 4695 1357 4758 ergo,

389 4764 543 4844 quoniam
576 4759 683 4826 olficio
716 4781 776 4826 suo
805 4763 871 4825 iam
900 4768 971 4825 erat
999 4758 1181 4825 defunctus.
1229 4761 1359 4825 Deinde
1497 4763 1546 4828 14.
1574 4763 1727 4845 Quoeium
1749 4764 1795 4828 eie
1816 4763 1892 4827 dicit
1915 4759 2049 4827 Ielsooob
2069 4762 2269 4841 moratorem,
2293 4760 2390 4827 Dea:

388 4848 494 4930 potuit
522 4847 621 4910 etiam
643 4867 678 4911 ee
700 4847 879 4912 subducere
904 4866 967 4928 quo
989 4846 1115 4910 veniret
1143 4848 1236 4911 novis
1265 4866 1358 4911 man·
1411 4848 1524 4933 Israel,
1546 4850 1663 4931 lupum
1683 4848 1824 4931 ferream
1844 4849 1981 4930 imposui
2002 4867 2096 4928 saper
2113 4846 2226 4912 marem
2244 4849 2392 4912 omus'ma

390 4932 475 4998 datis
497 4933 685 5010 instructus,
708 4939 804 5015 atque
821 4935 867 4996 ita
884 4930 1052 5014 praeditus
1072 4951 1158 4996 nova
1175 4933 1359 5012 autoritate,
1408 4936 1547 5019 centiam
1582 4936 1733 5015 istorum,
1769 4940 1804 4999 ut
1839 4935 1977 4999 seviunt
2014 4931 2279 4998 Nobucbudaerer
2315 4936 2392 5033 rapi

390 5018 664 5101 quemadmodum
688 5027 797 5101 postea
819 5019 976 5101 sequitur,
1410 5020 1594 5172 ffftlhiis'
1627 5025 1654 5085 et
1683 5022 1816 5087 servm
1845 5021 1884 5103 et',
1912 5023 2002 5100 etque
2031 5019 2125 5083 etiem
2153 5019 2284 5084 bestiam
2313 5041 2392 5105 cyra

1471 5129 1482 5170 t
1541 5129 1563 5170 ι.

478 5191 527 5255 12.
560 5189 604 5254 Et
631 5189 694 5271 fuit
722 5210 821 5256 serm
849 5188 986 5254 Iebooae
1016 5189 1058 5253 ad
1086 5188 1252 5254 Iconium
1273 5193 1360 5269 poet-

390 5295 486 5358 quom
507 5277 656 5360 confregit
680 5275 865 5342 Gbunoniob
880 5274 1034 5356 propbeta
1056 5275 1165 5357 iugum
1186 5275 1268 5360 (aut,
1291 5275 1360 5340 vin·
1496 5276 1629 5343 Fuisset
1651 5277 1751 5342 inane
1773 5277 2004 5361 spectaculum,
2027 5277 2054 5341 si
2077 5275 2234 5343 ieremias
2261 5277 2392 5344 selum-

391 5361 514 5449 culum)
537 5383 552 5426 e
572 5363 646 5428 collo
668 5361 822 5428 Ieremias
838 5359 1017 5445 prophetoe,
1040 5360 1176 5442 diseede,
1413 5362 1506 5428 modo
1529 5364 1695 5429 attulisset
1717 5369 1862 5430 catenam
1886 5363 2034 5443 ferream,
2057 5383 2121 5446 qua
2144 5362 2264 5428 collum
2286 5384 2394 5432 suum
