5118 6136
196 467 260 534 573
872 467 921 532 IN
943 465 1192 534 IERIIMIAM.
1226 468 1326 534 ΟΑΡ.
1348 466 1516 535 XXVIII.
2130 475 2194 542 574

197 658 292 726 etde
314 665 402 726 statu
424 660 480 744 qui
502 658 648 725 estmibi
670 659 861 743 subuculis,
884 679 979 742 quam
1003 658 1031 723 si
1054 666 1169 721 exten·
1220 657 1255 720 in
1278 656 1360 723 sollo
1382 679 1451 725 suo.
1496 659 1656 724 Videmus
1679 679 1756 745 ergo
1778 669 1927 743 quantus,
1958 671 1992 727 et
2013 683 2110 747 quam
2133 667 2195 732 im·

197 745 271 811 dam
295 767 366 814 mea
387 746 545 813 vaticinia
566 745 607 812 ed
635 747 785 830 regiones
809 745 1012 830 longinquas.
1058 740 1168 822 Quem
1221 751 1376 824 petnosus
1405 745 1448 810 sit
1478 765 1591 810 sorum
1618 745 1726 823 furor,
1754 765 1836 829 qnos
1863 747 2002 832 impellit
2031 749 2193 819 diabolus:

196 852 275 918 ergo
296 833 375 898 disit
392 831 547 898 Ieremias
561 830 728 916 propbetas
745 832 887 913 loqautos
902 831 1003 912 faisse
1018 830 1056 895 dc
1073 828 1171 893 terris
1220 830 1295 911 quia
1328 829 1384 895 nbi
1417 831 1517 897 semel
1550 851 1587 896 eo
1619 833 1765 915 provesti
1798 843 1874 897 sunt
1912 837 2123 921 temeritatis,
2156 847 2195 906 ut

195 919 331 985 diversis
352 923 379 983 et
399 919 534 1003 mapale,
556 919 593 982 de
613 919 722 1001 repm's
737 918 978 999 potentissimis
1008 915 1170 998 signifieat
1221 915 1365 981 audeant
1386 935 1457 982 sese
1479 936 1642 1000 opponere
1664 917 1764 983 verbe
1786 916 1865 998 Dei,
1894 920 1921 984 si
1943 931 2075 1002 possent
2097 924 2194 990 etiam

195 1025 308 1071 eornm
334 1005 488 1072 vaticinia
509 1025 575 1070 non
598 1006 742 1086 potuisse
758 1003 896 1068 adssribi
916 1001 1071 1067 humanis
1093 1018 1169 1066 eon·
1221 1001 1432 1068 detraherent
1454 1023 1568 1069 eume
1596 1003 1676 1068 solio
1705 1023 1774 1069 sno.
1818 1003 1892 1070 Non
1923 1017 2063 1089 pareunt
2090 1008 2195 1093 igitur

195 1091 344 1157 iecturis:
378 1090 454 1174 quia
485 1091 513 1156 si
546 1089 620 1174 quis
654 1090 698 1155 sit
725 1089 938 1166 acutissimus,
973 1097 1007 1152 et
1038 1095 1169 1170 superet
1220 1086 1295 1152 ullis
1318 1087 1503 1172 insignibus
1525 1090 1690 1172 potentiae
1712 1091 1781 1155 eius
1804 1099 1838 1155 et
1865 1091 1997 1174 gloriae.
2040 1093 2195 1162 Notanda

195 1178 286 1259 ipsos
308 1176 441 1260 angelos
462 1176 677 1260 perspicacia,
707 1196 773 1240 non
801 1185 909 1240 tamen
934 1174 1053 1257 poterit
1075 1191 1168 1254 pras·
1219 1180 1271 1237 est
1291 1175 1432 1257 primum
1456 1175 1537 1241 hene
1552 1174 1743 1250 ChananIae
1761 1178 1903 1256 vesanie,
1926 1179 2012 1260 qnod
2034 1201 2100 1245 non
2123 1193 2194 1246 tan·

196 1263 303 1328 disere
326 1262 403 1346 quid
425 1263 572 1328 futurum
596 1263 638 1327 sit
659 1263 693 1326 in
716 1262 814 1326 terris
833 1260 1069 1325 transmarinis.
1101 1255 1169 1322 Sed
1220 1271 1290 1323 tum
1313 1279 1348 1324 se
1370 1262 1517 1344 opposuit
1539 1281 1633 1327 servo
1648 1259 1721 1338 Dei,
1744 1272 1777 1326 et
1793 1263 1984 1329 vetitinium
2007 1265 2077 1331 sius
2099 1287 2194 1332 sona·

195 1348 351 1432 quidquid
390 1349 594 1432 praedictum
632 1347 694 1412 tuit·
727 1369 747 1413 a
779 1345 945 1430 prophetis
981 1344 1041 1410 hos
1078 1343 1168 1408 Deus
1220 1353 1273 1410 tus
1296 1358 1345 1411 est
1368 1357 1522 1426 evertere,
1545 1347 1602 1412 sed
1620 1347 1759 1430 arripuit
1781 1345 1933 1434 ligamen,
1955 1361 1994 1414 ut
2015 1363 2193 1435 opponeret

195 1436 336 1501 sancivit
363 1435 434 1518 ipso
460 1454 570 1499 rerum
592 1453 753 1500 successu.
798 1432 955 1516 Sequitur
976 1451 1063 1515 ergo,
1093 1428 1170 1493 iude
1220 1431 1379 1498 fallaciam
1396 1432 1515 1499 diaboli
1538 1453 1618 1499 vero
1639 1445 1853 1500 sacramento.
1888 1433 2043 1502 Diximus
2062 1439 2193 1522 signum

194 1520 294 1587 simul
316 1520 473 1586 sancitam
495 1517 596 1585 inisse
611 1539 722 1584 eorum
738 1519 948 1595 vocationem,
971 1514 1168 1599 qnasiDens
1219 1517 1299 1583 illud
1322 1519 1466 1584 valuisse
1494 1519 1534 1583 ad
1564 1520 1843 1584 confirmationem
1866 1522 2029 1604 vaticinii,
2060 1522 2100 1588 de
2130 1546 2193 1608 qno

194 1617 302 1672 ratum
325 1607 462 1672 haberet
484 1628 502 1672 e
524 1605 613 1671 coele
635 1605 791 1688 quidquid
812 1605 876 1689 ipsi
898 1603 1022 1686 loquuti
1040 1603 1169 1667 fuerant
1221 1605 1414 1670 audivimus.
1466 1604 1554 1686 Quid
1583 1611 1693 1670 autem
1726 1605 1934 1671 Chananias?
1970 1629 2035 1672 non
2065 1619 2192 1676 tantum

193 1696 228 1758 in
251 1702 349 1758 terra.
393 1691 473 1758 Sive
503 1711 582 1777 ergo
610 1691 789 1776 prophetae
818 1691 945 1774 loquuti
975 1689 1097 1754 luerint
1128 1686 1168 1752 de
1220 1690 1305 1754 tollit
1328 1690 1467 1756 emedio
1489 1693 1620 1775 signum
1643 1690 1732 1768 illud,
1756 1690 1811 1758 sed
1831 1693 2010 1778 frangendo
2024 1695 2192 1762 vinculum

193 1798 281 1864 pase,
304 1778 365 1844 hos
387 1787 447 1862 est,
469 1778 628 1844 derebus
651 1778 828 1860 prosperis,
858 1777 928 1841 sive
951 1773 1105 1850 debello,
1136 1782 1169 1837 et
1221 1777 1267 1840 eri
1294 1777 1317 1840 't
1339 1777 1509 1842 hominnm
1532 1797 1656 1852 sensus,
1679 1789 1716 1840 ut
1732 1778 1824 1860 quasi
1846 1778 1879 1842 in
1895 1799 1965 1844 rem
1988 1792 2190 1863 praesentem

194 1866 288 1941 lame,
312 1875 346 1929 et
367 1864 407 1930 de
429 1873 537 1948 peste,
570 1885 670 1946 quum
699 1863 900 1946 experientia
923 1861 1032 1926 denuit
1053 1879 1168 1926 verum
1220 1863 1260 1927 ad
1285 1863 1351 1928 usti
1384 1863 1549 1928 confidant
1578 1882 1613 1929 ss
1645 1861 1816 1928 liberatum
1849 1864 1890 1929 iri
1923 1866 2016 1930 finito
2050 1867 2191 1935 biennio.

193 1971 264 2017 esse
287 1951 441 2034 quidquid
466 1950 631 2027 dixerant,
662 1949 760 2015 simul
788 1968 899 2014 eorum
930 1946 1086 2012 autoritas
1107 1945 1168 2010 tuit
1221 1947 1352 2032 Duplex
1380 1949 1481 2034 igitur
1510 1948 1573 2013 luit
1600 1949 1792 2015 Chaneniae
1820 1949 1924 2030 furor,
1955 1953 2039 2035 quod
2069 1954 2193 2021 scilieet

193 2037 349 2113 stabilita,
381 2037 474 2118 quasi
496 2034 589 2101 Deus
616 2035 801 2100 ostenderet
823 2056 842 2099 a
864 2054 899 2100 ss
921 2034 1020 2098 luisse
1042 2032 1167 2097 missos.
1219 2033 1355 2100 violavit
1389 2035 1468 2099 illud
1502 2036 1630 2119 signnm
1665 2035 1750 2118 quod
1782 2034 1939 2103 Ieremias
1972 2039 2006 2101 in
2048 2039 2191 2105 medium

195 2121 349 2189 Notenda
371 2130 422 2186 est
444 2123 543 2186 etiam
565 2121 724 2204 pertinula
750 2133 858 2200 nutes,
888 2120 968 2202 qaod
990 2119 1094 2198 Dema,
1117 2119 1167 2181 in·
1219 2119 1398 2202 protulerat
1429 2142 1469 2185 ex
1503 2121 1564 2186 Dei
1599 2119 1768 2186 mandato:
1799 2121 1915 2187 deinde
1944 2123 2027 2206 qnod
2061 2126 2191 2210 signum

196 2209 277 2291 quit,
299 2209 420 2274 miserit
441 2228 491 2272 eos
512 2209 547 2272 ira
568 2209 704 2273 oeritme.
738 2205 937 2289 Perstringit
959 2207 1045 2270 enim
1069 2204 1167 2269 auda·
1220 2206 1326 2290 eripit,
1349 2209 1443 2290 quasi
1465 2206 1563 2272 vellet
1585 2207 1656 2272 Deo
1680 2228 1751 2272 esse
1773 2207 1936 2291 superior,
1964 2221 1996 2272 st
2020 2211 2191 2276 veritatem
2285 2239 2286 2242 ¹

195 2295 288 2370 eiam,
329 2315 392 2376 qua
431 2313 559 2376 semper
599 2293 689 2358 ebusi
729 2304 806 2357 sunt
845 2293 1053 2374 impostores,
1094 2290 1169 2372 qnia
1220 2292 1290 2357 eins
1312 2293 1449 2358 obruere
1464 2303 1596 2358 asturus
1617 2293 1657 2358 de
1674 2292 1731 2357 illa
1747 2293 1968 2377 triumphum:
1991 2297 2075 2360 sient
2092 2299 2192 2362 etiam

195 2378 394 2463 superabant
422 2379 538 2444 fideles
559 2378 624 2444 Dei
652 2399 764 2443 servos
793 2378 854 2442 has
883 2377 1055 2461 iaetantia,
1084 2373 1168 2458 quod
1220 2379 1338 2443 fastum
1361 2378 1511 2444 videmus
1537 2379 1571 2443 in
1601 2389 1731 2462 papatu.
1777 2379 1862 2444 Nam
1895 2381 2014 2446 seimus
2037 2383 2193 2467 quidquid

194 2466 285 2530 missi
308 2475 426 2531 essent.
461 2464 573 2546 Quum
589 2485 666 2548 ergo
682 2465 727 2528 ita
746 2463 986 2540 insolescerent,
1009 2473 1041 2527 et
1062 2460 1168 2526 iallesi
1220 2462 1372 2529 Christus
1394 2466 1532 2530 iusserat
1553 2464 1653 2530 inisse
1676 2465 1716 2529 ab
1737 2465 1818 2546 ipsis
1839 2465 1891 2530 vel
1914 2477 2117 2553 corruptum,
2139 2471 2194 2536 vel

195 2551 376 2618 venationis
410 2559 580 2634 praetextu
615 2550 800 2632 desiperent
832 2550 968 2614 miseros
1008 2547 1168 2628 homiues,
1221 2549 1438 2628 obseuratnm,
1462 2551 1514 2614 vel
1539 2550 1700 2615 deletum:
1724 2561 1836 2634 postea
1859 2555 2087 2636 excogitarunt
2108 2557 2192 2621 fieti-

194 2638 353 2722 propheta
376 2636 428 2702 his
450 2637 603 2701 adiunxit
624 2635 828 2720 partionlam,
859 2634 942 2719 quod
965 2654 1031 2699 non
1055 2653 1167 2697 omnes
1220 2636 1266 2698 tia
1287 2648 1488 2701 sacramente
1510 2641 1543 2701 et
1565 2637 1754 2702 innumeras
1777 2657 1927 2721 pompas,
1956 2637 2073 2720 quibus
2100 2641 2193 2707 lassi·

193 2724 284 2789 missi
308 2723 375 2789 sint
397 2724 431 2787 in
455 2723 602 2787 veritete,
640 2721 797 2787 Consedit
819 2741 897 2805 ergo
918 2720 1048 2784 titulum
1073 2738 1165 2784 voea-
1220 2729 1338 2787 nerent
1360 2721 1477 2788 stultos
1498 2721 1645 2788 homines
1668 2722 1720 2787 vel
1747 2733 1869 2788 temere
1898 2723 2054 2790 credulos.
2098 2725 2191 2792 Idem

192 2810 291 2874 tionis
331 2807 516 2888 erronibns,
554 2807 611 2873 sed
649 2806 789 2873 ostendit
821 2816 930 2871 tamen
968 2815 1166 2889 quantopere
1218 2807 1296 2872 Issit
1316 2807 1518 2873 Chananias:
1548 2816 1580 2873 et
1602 2808 1675 2872 ideo
1698 2808 1847 2891 discipuli
1869 2810 1939 2874 eins
1959 2818 1991 2874 et
2012 2811 2191 2878 imitatores

193 2893 348 2960 differant
370 2915 390 2959 a
411 2895 517 2960 servis
539 2894 617 2973 Dei,
648 2913 788 2977 quornm
811 2893 936 2958 vocatio
959 2913 978 2956 a
1000 2891 1071 2956 Deo
1097 2892 1166 2974 ipso
1219 2902 1294 2958 sunt
1324 2896 1478 2977 papistae,
1513 2894 1569 2977 qui
1601 2913 1669 2958 non
1702 2901 1829 2958 tentum
1863 2895 2014 2959 reiisiunt
2046 2897 2099 2960 vel
2134 2919 2191 2962 ex-

191 2980 393 3065 obsignatur.
438 2978 605 3064 Sequitur,
1220 2986 1356 3044 tenuant
1385 2981 1574 3044 testimonia
1601 3000 1620 3042 a
1643 2978 1715 3045 Deo
1743 2980 1906 3064 profesta,
1938 2981 1995 3045 sed
2029 2981 2191 3048 insultant

1218 3065 1315 3147 plene
1343 3065 1413 3130 eius
1442 3066 1662 3144 sacramentis,
1697 3085 1797 3148 quum
1830 3085 1890 3131 sna
1923 3078 2107 3132 commenta
2136 3070 2190 3134 vel

280 3151 329 3216 10.
354 3151 399 3216 st
418 3151 545 3216 attolit
564 3149 747 3217 smarnos
762 3149 915 3233 proptera
935 3149 1068 3232 ligamen
1086 3149 1166 3216 illuc
1218 3152 1373 3234 figmenta
1396 3162 1462 3216 tam
1485 3161 1636 3235 proterve
1658 3149 1846 3217 obtrudunt.
1885 3153 1930 3217 Et
1952 3153 2050 3217 simul
2073 3163 2190 3220 notan·

192 3236 388 3323 (vinculum)
421 3258 437 3301 e
473 3237 547 3303 collo
581 3236 734 3302 Ieremias
761 3235 950 3319 prophetoe,
989 3240 1016 3300 et
1048 3235 1165 3318 comsrc·
1218 3235 1295 3300 dum
1318 3248 1382 3316 est,
1412 3257 1510 3320 quam
1538 3236 1654 3302 callide
1682 3258 1753 3302 sese
1775 3239 1919 3303 insinuet
1940 3235 1993 3304 blo
2015 3239 2190 3324 impostor:

189 3325 236 3408 pit
256 3324 354 3390 allud:-
1218 3321 1349 3388 videtur
1378 3325 1465 3387 enim
1494 3323 1617 3389 referre
1646 3343 1741 3388 veros
1770 3322 1833 3388 Dei
1863 3323 2054 3408 prophetas,
2085 3346 2188 3408 quum

279 3410 329 3474 11.
354 3408 397 3474 Er
423 3410 507 3476 dicit
538 3407 719 3474 Uictorias
748 3409 784 3473 irs
812 3407 908 3474 omlis
935 3407 1029 3472 totius
1051 3407 1166 3490 populi
1218 3408 1347 3493 signnm
1371 3409 1488 3474 statuit
1510 3420 1586 3474 ente
1607 3408 1734 3487 oeulos,
1764 3409 1880 3474 deinde
1911 3410 2062 3495 adiungit
2083 3411 2189 3495 ipsam

206 3496 268 3562 hoo
298 3503 357 3573 est,
387 3515 495 3562 coram
525 3503 592 3560 toto
621 3494 739 3577 populo
761 3494 916 3576 loquutus
938 3492 1000 3578 cst)
1029 3493 1165 3579 dicendo,
1218 3493 1409 3560 doctrinam.
1464 3495 1615 3578 Papistae
1648 3495 1770 3560 hebent
1802 3496 1896 3580 signa
1928 3497 2055 3576 inania,
2092 3507 2189 3580 atque

224 3583 230 3596 '
267 3583 344 3648 dicit
358 3580 503 3660 lederet,
527 3580 569 3644 Irr
591 3579 674 3646 burte
694 3581 819 3645 modam
840 3579 1035 3662 confringam
1057 3580 1166 3663 iopam
1216 3579 1261 3645 ita
1291 3582 1451 3647 duntaxat
1478 3590 1616 3664 pascunt
1645 3581 1768 3646 oculos:
1800 3582 1928 3647 aurium
1958 3591 2067 3647 antem
2098 3584 2189 3648 nulla

191 3666 458 3734 Nobuclrsdmercr
486 3667 570 3752 repis
599 3664 753 3749 babylonii
782 3685 879 3747 quum
907 3665 1008 3731 actm
1037 3664 1165 3750 (idest,
1217 3667 1303 3750 apud
1326 3668 1412 3750 ipsos
1434 3687 1512 3732 eura
1533 3667 1587 3731 vel
1615 3668 1708 3732 ratio.
1755 3663 1820 3732 Sed
1843 3666 2031 3732 Ohananias
2053 3670 2188 3753 propius

191 3753 289 3820 simul
311 3752 362 3839 ae)
383 3753 504 3836 fuerim
524 3754 585 3818 duo
613 3751 852 3832 numidiarum,
882 3771 898 3816 e
926 3750 1001 3818 collo
1027 3752 1165 3816 ommium
1216 3754 1350 3818 accessit
1382 3753 1423 3818 ad
1456 3773 1567 3817 servos
1596 3750 1668 3830 Dei,
1702 3751 1747 3816 ita
1781 3757 1817 3816 nt
1849 3763 1955 3835 posset
1988 3754 2085 3818 etiam
2121 3775 2188 3821 non

188 3841 336 3924 peritiam.
392 3837 436 3903 Er
471 3838 630 3921 profectam
669 3843 713 3902 eet
745 3836 898 3903 Ieremias
923 3836 1078 3920 proptera
1104 3857 1165 3919 per
1216 3839 1362 3922 stupidos
1394 3838 1515 3904 fallere.
1566 3835 1655 3918 Quid
1689 3838 1776 3902 enirn
1810 3836 2031 3902 desideremus
2064 3841 2097 3904 in
2125 3840 2187 3908 hos

189 3927 276 3992 ciam
296 3944 398 3991 suom.
1216 3923 1363 4004 homine,
1403 3924 1458 4007 qui
1495 3924 1625 4008 signnm
1665 3924 1841 4006 proponit?
1881 3920 1998 3987 deinde
2038 3925 2188 4008 adiungit

1215 4031 1333 4075 nomen
1349 4009 1422 4088 Dei,
1444 4010 1633 4093 pronuntiat
1650 4009 1727 4092 quid
1752 4009 1811 4073 hoc
1834 4009 1896 4073 sibi
1918 4009 2006 4086 velit,
2030 4029 2187 4091 quorsum

276 4096 350 4162 Non
385 4095 465 4160 satis
496 4095 558 4160 fnit
591 4095 758 4178 impostori
790 4094 825 4158 in
861 4093 979 4159 faeiem
1011 4094 1162 4159 resistere
1214 4097 1418 4178 spectaverit.
1482 4097 1525 4159 Ira
1564 4094 1646 4160 burc
1685 4095 1807 4160 modum
1851 4096 1953 4178 igitur
1993 4096 2188 4180 confringam

190 4191 303 4249 sancto
326 4181 390 4247 Dei
412 4200 525 4265 servo,
549 4181 611 4246 nisi
634 4182 730 4246 etiam
754 4179 928 4264 sacrilegas
950 4199 1067 4244 manus
1088 4178 1161 4244 inii·
1214 4184 1321 4264 ispum
1353 4181 1634 4248 Nabuchodrrcrer:
1663 4199 1770 4262 neque
1802 4200 1844 4244 ex
1870 4201 1905 4245 se
1934 4183 2003 4263 ipso
2032 4180 2185 4265 loquitur,

189 4278 278 4335 seret
298 4269 391 4352 signo
409 4266 537 4346 visibili,
560 4286 623 4350 qno
639 4267 728 4332 Deus
747 4267 895 4331 volueret
917 4265 1029 4330 testari
1047 4285 1161 4329 veram
1213 4267 1268 4332 sed
1285 4267 1383 4332 sumit
1398 4288 1566 4350 personam
1580 4267 1652 4343 Dei,
1672 4263 1724 4332 Sic
1738 4267 1814 4332 dicit
1825 4265 1971 4346 chsvsb,
1992 4267 2187 4352 sorfrimpom

189 4375 261 4420 esse
283 4354 462 4437 prophetae
484 4352 674 4418 doctrinam.
707 4352 794 4433 Quia
815 4353 898 4416 enim
922 4360 1013 4416 tanta
1035 4357 1106 4416 eret
1127 4353 1161 4415 in
1212 4354 1320 4436 tapam
1337 4353 1609 4420 Natocmsmaer.
1637 4351 1703 4420 Sed
1715 4351 1989 4434 quemadmodum
2007 4352 2083 4418 alibi
2103 4354 2186 4420 dixi·

188 4441 307 4523 populo
340 4439 494 4514 tarditas,
535 4439 600 4503 imo
632 4440 791 4520 soosrdia,
830 4445 869 4502 ιιι
901 4438 1009 4504 verbis
1043 4457 1161 4520 parum
1212 4460 1297 4516 mus,
1328 4460 1393 4503 non
1416 4440 1510 4506 debet
1533 4440 1612 4503 haec
1633 4448 1843 4522 praepostera
1868 4438 2044 4503 aemulatio
2067 4438 2186 4505 diaboli

188 4536 384 4606 moveretur,
406 4524 478 4588 ideo
501 4523 653 4590 adiunxit
663 4523 755 4589 Deus
777 4525 907 4608 signnm
922 4523 1012 4588 illud.
1046 4523 1159 4590 Gesta·
1213 4526 1345 4591 turbare
1367 4525 1438 4608 pias
1459 4534 1602 4602 mentes,
1631 4525 1705 4606 quie
1726 4525 1817 4588 Deus
1844 4544 1972 4606 semper
1999 4525 2186 4608 suppeditet

182 4613 241 4692 ¹vit
273 4611 359 4676 enim
389 4610 546 4675 Ieremias
574 4610 705 4676 vinsula
735 4621 791 4676 ant
822 4610 980 4694 ligamina
1011 4610 1046 4674 in
1080 4611 1161 4675 sollo
1212 4613 1280 4677 suis
1306 4611 1457 4694 spiritum
1488 4611 1706 4688 discretionis,
1735 4609 1830 4674 modo
1859 4611 1965 4692 ipsum
1998 4619 2186 4676 reverenter

189 4715 266 4762 sno:
295 4705 326 4761 et
356 4716 540 4779 quanquam
571 4696 631 4762 hoe
664 4706 734 4760 erat
767 4697 1018 4780 ignominiosum
1052 4717 1161 4761 soram
1211 4699 1382 4762 invocent:
1412 4707 1445 4761 et
1473 4696 1545 4760 ideo
1572 4695 1667 4761 toties
1690 4696 1807 4777 repetit
1828 4695 1984 4761 Ieremias
2007 4697 2185 4778 prophetae

187 4782 393 4861 hominibus,
423 4793 460 4847 ut
482 4795 591 4847 tamen
615 4781 773 4865 populum
796 4783 953 4861 afficeret,
982 4801 1046 4846 non
1069 4802 1160 4848 recu·
1213 4805 1340 4861 nomen,
1363 4782 1447 4864 qnod
1470 4804 1535 4847 non
1558 4783 1662 4866 magis
1685 4781 1745 4846 sibi
1763 4793 1900 4866 usurpat
1917 4804 2013 4866 qnam
2037 4783 2184 4847 concedit

189 4869 274 4934 savit
296 4868 460 4951 suscipere
474 4868 536 4934 hos
552 4867 714 4952 probrum.
749 4869 838 4952 Ergo
861 4867 1003 4951 ligamen
1026 4867 1062 4931 in
1079 4868 1161 4934 collo
1213 4869 1419 4934 Chananiae:
1443 4869 1569 4952 quoties
1591 4866 1631 4932 de
1644 4865 1811 4932 Chanania
1827 4867 1977 4951 loquitur,
1997 4877 2091 4932 ornet
2106 4889 2183 4933 eum

189 4953 348 5019 Ieremias
360 4959 431 5019 eret
442 4955 545 5020 inster
556 4955 759 5033 aeramenti,
783 4953 1160 5037 quoniameratsignum
1213 4955 1379 5039 praeclaro
1402 4954 1518 5039 elogio,
1541 4974 1658 5036 nempe
1679 4953 1763 5037 quod
1787 4953 1886 5018 fuerit
1907 4953 2074 5034 propheta.
2109 4954 2183 5019 Non

189 5040 315 5106 visibile
334 5040 373 5104 ad
390 5039 615 5106 stabiliendam
632 5040 796 5106 doctrinae
811 5039 918 5103 fidem.
948 5037 1034 5121 Quid
1051 5050 1160 5104 autem
1213 5041 1308 5105 latuit
1331 5052 1478 5105 sanetum
1504 5040 1610 5106 virum
1633 5045 1757 5122 quanta
1787 5042 1829 5105 sit
1858 5039 1937 5104 haes
1967 5038 2018 5102 vel
2049 5041 2184 5104 materia

188 5125 398 5192 Obananias?
420 5135 590 5210 postquam
611 5124 793 5210 petulanter
810 5125 960 5190 investes
981 5136 1031 5190 est
1048 5136 1162 5190 centra
1214 5126 1264 5193 vel
1283 5127 1405 5190 occasio
1423 5126 1577 5205 scandali,
1600 5126 1655 5191 nbi
1670 5127 1837 5210 propheta,
1861 5125 1916 5207 qui
1938 5125 2126 5208 agnoscitur
2148 5126 2182 5190 in

188 5212 380 5290 Ieremiam,
421 5223 453 5277 st
494 5211 641 5294 promisit
679 5211 798 5294 populo
831 5211 1054 5276 liberationem
1089 5221 1161 5296 post
1213 5211 1346 5278 ecelesia
1368 5211 1447 5288 Dei,
1478 5221 1528 5277 est
1553 5223 1662 5277 tamen
1684 5211 1827 5278 Satanae
1850 5211 2007 5288 minister,
2042 5209 2183 5277 mendax

188 5297 368 5378 biennium,
420 5299 483 5362 iam
529 5296 686 5363 violenter
728 5296 906 5381 confringit
950 5307 982 5360 et
1025 5295 1161 5382 dissipet
1213 5303 1246 5363 st
1274 5299 1437 5380 lmpoetor.
1483 5296 1548 5363 Sed
1582 5297 1685 5364 voluit
1714 5318 1772 5362 nos
1800 5299 2008 5379 intempore
2038 5317 2182 5378 monere,

188 5385 358 5451 vinsnlum
380 5382 473 5463 illud,
496 5380 548 5448 vel
566 5382 716 5468 ligamen,
741 5383 824 5467 quod
841 5379 990 5466 gestabat
1005 5381 1160 5450 Ieremias
1214 5403 1255 5448 ne
1276 5384 1348 5467 ipsa
1370 5383 1498 5449 novitas
1520 5403 1580 5448 nos
1603 5391 1740 5462 terreat,
1770 5401 1868 5466 quum
1898 5383 2059 5466 quispiam
2082 5385 2183 5449 iestat
