5158 6124
236 469 244 478 -
374 424 437 490 503
1177 415 1564 484 Paaatcoutortas
2306 420 2372 485 504

375 610 495 680 stantia
516 607 579 674 loci
600 607 634 672 id
656 605 811 690 postulat.
844 606 1019 688 Perperam
1038 603 1168 687 quidem
1190 605 1347 687 putabant
1484 604 1700 686 Prosequitur
1714 603 1850 670 eandem
1866 607 2079 672 senteutiam:
2096 603 2175 672 dicit
2189 615 2256 670 tam
2268 605 2371 672 horri-

375 696 485 762 Deum
503 693 565 760 sibi
585 713 655 758 esse
677 691 858 776 alligatum,
881 688 957 773 quia
972 689 1094 756 dictum
1116 689 1233 766 luerat,
1255 688 1347 756 Haec
1400 689 1496 754 bilem
1519 688 1588 755 fore
1609 689 1778 771 impetum,
1801 699 1838 754 ut
1859 700 2007 773 penetret
2025 709 2129 772 nsque
2148 688 2188 756 ad
2207 701 2371 758 extremas

377 781 505 864 requies
528 797 600 846 mea
621 777 655 842 in
677 776 843 844 aemulum
865 773 1002 843 saeculi:
1031 773 1084 838 hic
1112 773 1267 840 residebit
1288 794 1346 838 uo·
1398 772 1513 839 mundi
1535 782 1655 856 partes.
1673 785 1747 866 ptati
1763 775 1926 858 signifieat
1941 776 2122 858 strepitum,
2142 775 2195 840 rel
2210 777 2370 842 sonitum:

376 887 452 932 men
466 884 575 928 meum
588 873 620 928 et
632 861 749 927 virtus.
771 861 949 943 Perpetem
961 861 1121 942 putabant
1133 859 1257 924 nullum
1276 878 1346 924 esse
1399 859 1555 942 accipitur
1578 869 1688 923 tamen
1708 879 1766 940 pro
1784 860 1948 940 violentia,
1969 870 2003 926 et
2020 861 2160 942 impetu:
2183 869 2216 926 et
2234 870 2371 944 uterque

376 950 496 1029 Deum,
519 949 581 1014 nisi
603 947 749 1012 inclusus
771 956 858 1012 esset
878 946 913 1009 in
935 944 992 1009 illo
1011 944 1132 1009 visibili
1155 953 1188 1008 et
1209 953 1346 1008 externo
1399 963 1514 1010 sensus
1547 965 1613 1009 uon
1644 945 1727 1009 male
1757 944 1896 1026 quadrat
1927 946 2090 1030 praesenti
2118 945 2197 1011 loco.
2242 943 2372 1012 Sortitus

377 1035 570 1101 sanctuario.
628 1031 718 1098 Hinc
754 1030 812 1097 illa
847 1029 1012 1114 superbia,
1055 1050 1151 1110 quam
1195 1029 1347 1110 obiurgat
1399 1049 1486 1112 ergo,
1509 1029 1563 1094 vel
1584 1028 1736 1111 impetus,
1758 1032 1919 1111 perveniet
1939 1051 2038 1112 usqae
2059 1029 2102 1094 od
2123 1034 2275 1096 ectrentas
2292 1051 2369 1114 pcr-

377 1122 480 1283 dldil?
500 1116 663 1286 Quisnam
696 1201 785 1268 locus
817 1201 955 1284 requieti
988 1198 1104 1265 meae?
1139 1198 1264 1266 eoelum
1299 1211 1347 1264 est
1400 1199 1550 1265 omuibus
1583 1199 1727 1284 populis:
1762 1137 1817 1265 ulti
1849 1203 1978 1267 videtur
2011 1200 2169 1285 propheta
2201 1220 2372 1267 sucurrere

377 1289 471 1358 aedes
508 1309 594 1366 mea,
633 1297 665 1352 et
701 1295 788 1352 terra
828 1285 1005 1354 scabellum
1038 1284 1156 1370 pedum
1191 1304 1346 1350 meorum.
1400 1285 1583 1367 quaestioni
1604 1305 1686 1368 quae
1708 1286 1832 1351 moveri
1856 1294 1989 1372 poterat,
2013 1285 2100 1368 Quid
2123 1285 2183 1351 hoc
2204 1285 2266 1353 sibi
2288 1285 2371 1366 vult,

379 1374 488 1457 Quem
520 1373 627 1441 locum
660 1372 761 1456 igitur
788 1371 869 1436 mihi
899 1369 1128 1437 aedificabitis?
1173 1370 1246 1436 illic
1273 1389 1347 1452 pro·
1400 1370 1508 1435 Deum
1542 1379 1608 1436 tam
1638 1381 1772 1452 repente
1804 1372 2006 1454 tumultuari,
2035 1391 2136 1454 quum
2165 1372 2277 1437 multis
2304 1392 2372 1438 sae·

379 1461 478 1544 phata
493 1479 559 1524 non
575 1451 767 1540 simpliciter
781 1468 893 1521 contra
910 1456 1177 1538 superstitionem
1194 1455 1348 1538 disputat,
1401 1454 1483 1520 culis
1518 1454 1616 1522 luerit
1647 1456 1794 1539 quietus,
1826 1477 1886 1522 nec
1918 1454 2049 1542 signum
2084 1455 2214 1538 aliquod
2247 1456 2373 1522 dederit

379 1554 417 1611 ut
445 1543 542 1609 multi
571 1542 775 1608 existimant:
809 1542 866 1606 sed
896 1541 1003 1624 potius
1036 1540 1183 1604 retundit
1215 1540 1348 1605 stultam
1401 1561 1479 1605 suae
1496 1539 1687 1618 vindictae?
1719 1540 1804 1609 Nam
1828 1540 1970 1607 diximus
1990 1553 2106 1625 gentes
2128 1541 2211 1623 illas,
2232 1563 2372 1625 quarum

380 1628 609 1714 arrogantiam,
643 1626 730 1710 quod
763 1626 886 1691 scilieet
914 1625 1054 1709 populus
1084 1627 1219 1708 putabat
1240 1625 1348 1690 Deum
1402 1626 1487 1692 lacta
1520 1626 1580 1690 luit
1614 1626 1750 1704 mentio,
1789 1627 1845 1692 diu
1884 1627 1983 1692 tuisse
2024 1626 2227 1711 tranquillae.
2282 1627 2374 1710 Ergo

379 1735 445 1781 non
468 1734 562 1797 posse
583 1713 624 1779 ab
646 1711 703 1777 illo
731 1712 892 1777 materiali
922 1709 1042 1794 templo
1071 1731 1212 1793 unquam
1242 1711 1348 1776 avelli.
1403 1710 1575 1792 respondet
1597 1711 1756 1794 propheta
1779 1710 1951 1778 obiectioni
1978 1714 2105 1792 tacitae,
2133 1720 2166 1777 et
2193 1711 2271 1778 dicit
2290 1732 2377 1778 nnnc

381 1799 573 1879 Caeterum,
609 1797 706 1862 modo
743 1797 902 1861 tollantur
937 1797 1033 1875 vitia,
1070 1816 1133 1860 non
1170 1796 1210 1860 de
1247 1796 1349 1860 nihilo
1403 1796 1486 1860 litem
1507 1816 1571 1862 ease
1592 1794 1669 1864 Deo.
1714 1796 1789 1862 Non
1811 1817 1939 1880 semper
1970 1807 2019 1862 set
2047 1797 2199 1880 litigandi
2227 1808 2374 1882 tompus:

381 1884 541 1967 templum
577 1902 696 1948 nomen
728 1881 870 1947 obtinuit
903 1879 1012 1964 regiae
1044 1880 1108 1944 Dei
1141 1881 1237 1946 sedis.
1293 1879 1349 1948 Sic
1403 1882 1458 1965 qui
1488 1879 1711 1947 adversarium
1742 1902 1838 1948 suum
1868 1903 1932 1948 non
1966 1882 2079 1948 statim
2113 1882 2199 1966 apud
2232 1881 2375 1950 iudicem

380 1991 468 2034 nunc
490 1967 660 2052 propheta,
682 1967 829 2049 quamvis
848 1966 955 2031 Deum
975 1986 1074 2047 supra
1091 1965 1195 2033 coelos
1213 1966 1348 2043 attollat,
1404 1965 1605 2049 aggreditur,
1628 1966 1683 2032 sed
1708 1966 1824 2032 blande
1843 1989 1916 2032 cum
1933 1969 2003 2050 ipso
2019 1969 2096 2051 agit,
2119 1981 2151 2032 et
2166 1968 2256 2050 eupit
2271 1968 2375 2034 amice

378 2052 477 2121 simul
504 2051 546 2116 ad
577 2053 799 2118 sanctuarium
822 2051 949 2118 visibile
977 2051 1103 2127 alludit,
1132 2071 1232 2133 quum
1261 2051 1349 2133 dicit,
1403 2052 1443 2116 ab
1463 2054 1534 2134 ipso
1550 2052 1725 2136 impetrare
1739 2051 1824 2135 quod
1843 2062 1967 2118 rectum
1986 2062 2044 2130 cst,
2063 2052 2117 2116 ille
2136 2052 2218 2116 nihil
2234 2054 2376 2118 remittit

380 2139 483 2222 rapiet
504 2135 594 2204 Deus
623 2136 661 2202 ab
694 2137 817 2219 meebe,
849 2140 877 2201 et
904 2156 942 2200 ee
972 2134 1147 2202 bebitcccic
1176 2137 1351 2202 sorditatis
1404 2135 1443 2200 de
1466 2136 1535 2201 iure
1557 2157 1625 2202 suo.
1657 2136 1743 2202 Nam
1766 2137 1821 2202 ubi
1844 2147 1996 2220 expertus
2020 2138 2117 2202 fuerit
2141 2135 2238 2202 talem
2261 2149 2376 2202 eontn·

380 2243 458 2290 sace
491 2222 555 2287 edet
588 2243 687 2288 uocem
719 2241 828 2303 suam,
862 2221 922 2286 hoc
955 2229 1021 2298 est,
1054 2223 1203 2304 quemvis
1235 2229 1352 2304 putent
1403 2221 1540 2287 muciam
1573 2222 1607 2286 iu
1646 2221 1832 2286 adversario
1871 2241 1949 2302 suo,
1989 2231 2027 2286 ut
2064 2220 2146 2286 nihil
2187 2222 2377 2288 humaniter

515 1119 566 1196 66,
592 1117 633 1204 1),
661 1125 695 1182 et
721 1117 876 1199 inquam
905 1136 1020 1180 severe
1049 1114 1217 1181 invehitur
1245 1135 1346 1196 quum
1399 1118 1444 1180 tes
1476 1119 1585 1180 tense.
1634 1113 1705 1178 lam
1740 1137 1773 1180 se
1797 1117 1902 1196 uitur,
1936 1115 2021 1198 quod
2051 1114 2092 1181 lis
2121 1114 2165 1180 sit
2193 1115 2266 1180 Deo
2295 1136 2370 1181 enm

281 2388 284 2396 Ι
380 2318 494 2393 gentos
516 2307 624 2372 Deum
650 2308 684 2372 in
706 2306 826 2389 angulo
848 2305 960 2371 sedere
983 2315 1016 2370 et
1037 2307 1209 2388 quiescere,
1233 2305 1349 2372 solium
1403 2305 1529 2389 agendo
1560 2308 1728 2387 proficiat,
1761 2307 1881 2389 poterit
1912 2316 1991 2372 tane
2024 2327 2098 2372 cum
2131 2308 2201 2391 ipso
2233 2307 2375 2390 litigare.

380 2402 492 2458 tamen
513 2392 601 2457 illius
623 2394 657 2456 in
680 2391 770 2456 coelo
792 2399 852 2457 est.
885 2390 954 2457 Nec
968 2391 1076 2456 obstat
1097 2401 1248 2456 terrestre
1266 2390 1350 2474 qnod
1402 2390 1493 2454 Idem
1518 2410 1594 2474 ergo
1610 2413 1697 2458 nunc
1716 2392 1912 2475 exprimitur
1927 2413 1945 2456 a
1961 2391 2129 2474 propheta,
2153 2391 2238 2474 quod
2260 2393 2377 2458 seilicet

380 2479 442 2544 sibi
474 2478 574 2560 elegit
606 2475 821 2554 domicilium,
858 2477 937 2559 quin
971 2476 1014 2540 sit
1047 2476 1217 2558 imperium
1253 2476 1351 2541 tetius
1403 2475 1493 2540 Deus
1513 2495 1594 2542 nnnc
1615 2477 1712 2558 iitiqet
1732 2477 2280 2562 enneacaedecaetiris
2302 2479 2376 2542 ani·

380 2570 487 2627 terrae
511 2583 610 2644 penes
632 2562 735 2637 illum,
757 2559 894 2642 ideoque
915 2559 1069 2626 extendet
1087 2560 1249 2625 vindictae
1273 2581 1350 2625 suae
1402 2580 1494 2626 cesa
1514 2580 1615 2626 corne.
1660 2561 1752 2627 Deus
1774 2560 1902 2645 quidem
1926 2562 2056 2645 proprie
2085 2561 2245 2643 loquendo
2274 2562 2376 2627 iudex

381 2645 577 2714 documenta
598 2645 753 2716 adversus
775 2666 887 2711 omnes
910 2644 1060 2728 populos:
1085 2665 1196 2709 verum
1220 2648 1254 2708 in
1275 2665 1350 2728 gra·
1403 2654 1453 2709 est
1475 2646 1598 2726 mundi,
1620 2667 1726 2729 neque
1749 2647 1801 2712 vel
1823 2647 1857 2712 in
1880 2646 1968 2712 coelo
1992 2646 2043 2712 vol
2071 2647 2104 2711 in
2134 2655 2223 2711 terra
2250 2647 2376 2713 arbiter

381 2733 460 2796 dam
494 2731 646 2796 ecelesiae
679 2751 771 2805 suae,
805 2749 842 2796 ao
869 2730 897 2794 si
925 2749 943 2794 e
973 2729 1092 2811 templo
1124 2729 1284 2813 prodiret,
1318 2737 1351 2796 et
1403 2739 1461 2795 aut
1482 2729 1581 2795 iudex
1602 2732 1783 2814 reperietur
1809 2752 1917 2798 coram
1945 2753 2008 2814 quo
2037 2732 2210 2814 disceptet:
2239 2731 2295 2797 sed
2325 2731 2377 2796 lo·

380 2819 501 2881 iterum
531 2817 664 2898 repetit:
699 2813 864 2900 Rapiendo
887 2816 989 2898 rapiet
1015 2834 1109 2895 super
1142 2812 1351 2882 bebdcealum
1403 2815 1517 2896 quatio
1547 2823 1655 2881 tamen
1687 2817 1767 2882 haec
1800 2817 1900 2900 digna
1933 2828 1982 2884 est
2015 2826 2138 2894 notatu,
2172 2817 2248 2898 quia
2280 2814 2376 2882 Deus

380 2921 481 2968 suum.
528 2901 750 2985 Hieronymus
779 2899 863 2966 solet
892 2912 1018 2967 vertere
1047 2919 1165 2964 nomen
1198 2899 1266 2977 hoe,
1297 2899 1350 2966 de·
1403 2919 1516 2964 omnes
1549 2901 1766 2983 querimonias
1799 2904 1935 2978 rslutat,
1973 2902 2089 2984 quibus
2115 2899 2227 2968 'solent
2260 2910 2377 2968 eontra

380 3005 503 3065 coram,
536 2985 829 3070 pulchritudinem:
864 2992 897 3050 et
930 2993 1038 3051 tamen
1074 2984 1164 3050 locus
1191 2985 1244 3050 hie
1271 2987 1349 3051 satis
1403 2984 1511 3068 ipsum
1533 2985 1703 3070 insurgere
1733 2984 1893 3052 homines.
1938 2987 2022 3050 Nam
2054 2987 2109 3069 qui
2137 2986 2260 3053 centies
2289 2987 2377 3052 male

380 3071 543 3136 convincit
566 3090 632 3134 non
654 3090 749 3153 posse
771 3069 868 3134 aliter
895 3070 997 3151 accipi
1026 3089 1122 3152 quam
1149 3069 1195 3136 de
1224 3069 1349 3136 habita·
1403 3069 1521 3136 conscii
1544 3069 1606 3135 sibi
1626 3081 1732 3148 erunt,
1751 3080 1858 3138 tamen
1875 3071 2063 3154 obstrepent
2080 3072 2159 3152 Deo,
2181 3073 2209 3136 si
2228 3072 2377 3138 severius

381 3154 469 3232 culo,
503 3163 540 3220 ut
574 3153 672 3220 multi
704 3153 769 3220 alii.
825 3154 945 3220 Postea
978 3153 1145 3220 deseendit
1178 3155 1219 3220 ad
1252 3155 1350 3221 aliam
1403 3156 1490 3239 ipsos
1524 3157 1657 3241 puniat,
1689 3165 1721 3220 et
1753 3155 1863 3222 dicent
1895 3177 1930 3222 se
1963 3157 2059 3240 plecti
2089 3156 2176 3222 ultra
2209 3157 2376 3222 meritum.

381 3240 539 3322 figuram:
567 3239 650 3319 quod
672 3239 786 3304 seilicet
807 3238 999 3320 respondebit
1019 3239 1182 3306 clamorem
1202 3245 1351 3322 tanquam
1404 3240 1495 3306 Deus
1517 3260 1595 3326 ergo
1618 3241 1679 3308 hac
1700 3241 1826 3307 ratione
1849 3241 1936 3321 dicit,
1964 3261 2065 3325 quum
2096 3261 2231 3326 poenam
2262 3243 2377 3324 exigit,

375 3323 586 3404 prodentium
607 3323 743 3390 torosior
771 3342 865 3406 supa
885 3329 1006 3389 eredes
1034 3322 1222 3390 bebitdmea
1242 3330 1350 3391 terroe.
1403 3347 1438 3391 so
1460 3346 1525 3390 non
1548 3345 1699 3392 exercere
1721 3326 1900 3411 potentiam
1923 3329 2139 3410 tyrannicam,
2163 3327 2218 3392 sed
2239 3327 2377 3408 perinde

381 3408 474 3474 Haec
494 3407 644 3490 repetitio
673 3418 706 3472 ot
729 3409 868 3473 varietas
890 3407 1049 3473 sermonis
1071 3410 1244 3474 confirmat
1265 3410 1351 3492 quod
1403 3431 1473 3477 esse
1506 3430 1544 3477 ac
1573 3413 1601 3476 si
1635 3411 1833 3496 disceptaret
1863 3433 1937 3478 oum
1968 3411 2199 3494 peccatoribus.
2242 3411 2379 3476 Interea

382 3493 462 3569 dixi,
485 3513 601 3576 nempe
616 3491 725 3558 Deum
749 3491 956 3576 hyperbolico
978 3491 1163 3574 praedicare
1180 3493 1350 3560 vehemen—
1403 3495 1608 3562 commendat
1631 3497 1807 3562 bonitatem
1830 3517 1924 3561 suam
1946 3516 1966 3559 a
1987 3498 2052 3561 fine
2078 3516 2265 3579 poenarum,
2288 3497 2379 3578 quod

382 3581 461 3642 tiam
485 3597 561 3642 snae
584 3578 681 3661 vocis,
704 3586 742 3643 ut
763 3589 920 3643 torrorem
944 3577 1067 3642 securis
1089 3586 1121 3641 et
1144 3577 1280 3660 torpidis
1302 3580 1352 3646 in·
1403 3580 1528 3646 scilicet
1549 3579 1633 3645 nihil
1656 3581 1744 3647 aliud
1768 3591 1901 3664 spectet,
1931 3581 1987 3646 ubi
2016 3581 2141 3664 rigidus
2170 3591 2221 3646 est
2250 3582 2283 3646 iu
2313 3601 2380 3664 pu·

381 3661 492 3728 cutiat.
538 3662 584 3726 Et
607 3661 735 3730 videtur
758 3662 812 3727 hio
841 3662 999 3746 propheta
1026 3662 1172 3740 innuere,
1202 3665 1353 3747 quamvis
1403 3664 1531 3730 niandis
1563 3665 1748 3744 sceleribus,
1779 3667 1841 3732 nisi
1870 3674 1909 3731 ut
1936 3667 1986 3731 ius
2015 3687 2111 3732 snum
2144 3667 2312 3750 impetret:
2344 3673 2380 3732 et

382 3746 492 3812 nullus
513 3746 662 3814 hortator
684 3748 825 3824 accedat,
854 3760 960 3812 tamen
984 3748 1063 3813 satis
1085 3747 1263 3816 violentam
1284 3749 1352 3816 lore
1404 3749 1480 3833 quia
1516 3769 1583 3814 non
1615 3759 1721 3834 potest
1756 3750 1816 3816 hoo
1848 3750 1968 3817 blande
2000 3750 2142 3836 agendo,
2182 3761 2380 3834 extorquent

383 3829 447 3896 Dei
470 3851 591 3899 vocem.
637 3831 703 3913 Qui
731 3833 819 3898 enim
849 3831 991 3898 torcular
1019 3842 1174 3915 premunt
1201 3835 1352 3914 invicem,
1405 3834 1497 3917 quasi
1525 3835 1634 3919 legum
1664 3835 1794 3902 auxilio.
1837 3835 1996 3901 Notemus
2026 3856 2103 3934 ergo
2134 3835 2217 3902 nihil
2245 3835 2378 3902 detrahi

384 3925 417 3980 et
439 3925 552 3982 mutuo
574 3917 716 3983 clamore
738 3936 810 3982 sese
831 3917 982 3993 inuitant,
1012 3917 1096 3983 alius
1127 3918 1226 3984 alium
1257 3918 1351 3985 advo·
1405 3920 1568 4004 potentias
1601 3920 1653 3987 vel
1686 3941 1815 3987 summo
1848 3921 1983 4005 imperio
2014 3919 2095 4001 Der,
2138 3922 2193 3988 ubi
2228 3919 2307 3987 dicit
2339 3941 2379 3986 se

381 4009 444 4080 eat,
473 4011 505 4065 et
525 4000 573 4064 ita
594 4022 666 4066 sese
695 4010 816 4070 acuunt
843 4000 883 4066 ad
915 4000 1125 4086 diligentiam.
1169 4002 1230 4069 Est
1251 4003 1353 4088 igitur
1405 4005 1585 4087 disceptare
1607 4004 1661 4072 rel
1682 4006 1810 4090 litigare
1836 4027 1909 4071 cum
1941 4006 2144 4070 hominibus:
2175 4005 2302 4070 sedita
2323 4026 2379 4072 re·

380 4093 515 4152 mutuus
547 4084 666 4168 aliquis
697 4106 873 4152 consensus
906 4096 974 4150 tam
1008 4087 1093 4150 inter
1125 4098 1257 4168 nautas,
1296 4090 1352 4156 ubi
1405 4091 1502 4156 lutari
1534 4111 1647 4157 omnes
1680 4089 1884 4174 obstreperet
1917 4111 2031 4169 voces,
2064 4090 2182 4174 quibus
2216 4090 2380 4156 adversus

383 4177 507 4236 canunt
538 4191 634 4237 suum
664 4170 834 4247 celeusma,
865 4190 962 4252 quam
992 4170 1078 4236 inter
1106 4174 1268 4254 operarios
1297 4175 1351 4257 qui
1404 4175 1512 4258 ipsum
1545 4178 1690 4240 fremunt
1721 4176 1828 4259 impii,
1863 4175 1955 4258 quusi
1988 4177 2058 4240 sine
2090 4174 2186 4240 modo
2219 4177 2255 4240 in
2288 4176 2381 4259 ipsos

382 4275 465 4320 uvas
486 4265 642 4402 premunt
663 4255 698 4320 in
720 4257 883 4322 torculari.
926 4253 992 4320 Sed
1014 4259 1164 4337 quemvis
1186 4257 1258 4324 Deo
1280 4258 1352 4324 nul·
1405 4260 1562 4324 saeviret:
1593 4260 1710 4326 deiude
1743 4262 1817 4326 finis
1851 4272 1983 4326 notatur
2010 4261 2156 4326 omnium
2185 4280 2379 4343 poenarum,

382 4339 435 4404 lus
466 4359 484 4403 u
508 4341 552 4404 sit
583 4340 740 4419 hortator,
769 4342 838 4423 ipse
862 4339 924 4405 sibi
954 4339 1102 4407 sufficiet.
1147 4341 1354 4424 Recpondfft
1405 4343 1489 4426 quod
1511 4343 1634 4410 scilicet
1651 4345 1742 4410 Deus
1760 4344 1935 4412 descendat
1956 4353 2110 4429 tanquam
2133 4365 2209 4428 pars
2230 4346 2381 4424 advorsa,

382 4444 470 4575 titt·
493 4424 1272 4594 ,dwltaffltlttlldtt'llt,alili
1293 4428 1352 4578 tl
1405 4428 1654 4580 ttttidlt‘*
1671 4430 2381 4581 dtttddtlild.ttlttttd

382 4559 511 4661 etiamsi
544 4614 655 4661 omnes
689 4595 875 4679 conspirent
911 4594 952 4658 ad
984 4559 1257 4680 exstinguendam
1291 4563 1354 4664 Del
1405 4599 1459 4681 qui
1482 4600 1651 4682 experitur
1673 4535 1759 4682 apitd
1782 4600 1931 4681 iudicem,
1960 4600 2016 4666 ille
2039 4535 2126 4666 ccrtqe
2149 4600 2247 4666 vellet
2269 4609 2381 4666 trans-

383 4677 571 4756 vindictam,
594 4687 704 4744 tomen
727 4680 796 4762 ipse
818 4678 965 4762 superior
987 4679 1113 4760 evadet,
1142 4700 1249 4764 neque
1271 4702 1353 4765 opus
1405 4684 1505 4768 igere,
1528 4684 1649 4750 silleri
1679 4696 1787 4768 posset
1808 4705 1883 4751 cum
1908 4705 1967 4751 suo
1988 4705 2053 4752 roo.
2097 4683 2164 4750 Sed
2186 4684 2264 4768 quia
2286 4685 2381 4750 vidst

383 4762 515 4830 habebit
538 4763 644 4829 alieno
666 4763 820 4830 subsidio.
865 4762 1012 4837 Tandem
1036 4765 1193 4848 seqnitur,
1406 4769 1488 4834 nihil
1511 4789 1582 4834 esee
1599 4771 1678 4854 spei,
1701 4771 1773 4835 ideo
1791 4769 1832 4837 ad
1851 4769 2030 4836 remedium
2049 4769 2130 4836 illud
2149 4789 2221 4836 seso
2241 4769 2382 4834 confert

1405 4853 1460 4919 Ita
1492 4852 1584 4920 Deus
1618 4854 1784 4922 nobiscum
1819 4855 1989 4938 disceptat:
2026 4855 2104 4939 qaia
2136 4855 2198 4918 nisi
2232 4875 2381 4920 essemus

468 4934 519 4999 31.
542 4933 686 5000 Peruenit
704 4933 779 5016 (hoc
793 4942 850 5011 est,
867 4932 1048 5019 perveniet)
1066 4937 1189 5002 sonitus
1207 4935 1274 5024 (vel
1293 4938 1352 5003 im·
1406 4959 1539 5021 prorsus
1557 4939 1719 5023 desperati
1738 4961 1908 5024 possemus
1926 4938 2056 5006 medem
2079 4960 2154 5005 eum
2177 4939 2247 5023 ipso
2269 4938 2382 5004 redire

384 5019 491 5106 petus)
513 5019 556 5084 cd
576 5020 799 5086 attremitotem
827 5023 943 5084 terroe:
972 5019 1049 5099 quio
1069 5019 1110 5085 lis
1132 5019 1262 5088 lebetae
1283 5043 1354 5090 cum
1406 5025 1440 5088 in
1469 5024 1619 5108 gratiam,
1651 5034 1687 5091 et
1713 5035 1828 5108 parata
1857 5025 1952 5092 nobis
1980 5034 2067 5090 esset
2093 5023 2323 5105 reconciliatio,
2350 5024 2382 5088 si

381 5105 531 5189 pentibus,
554 5104 709 5173 iuditium
731 5103 776 5189 (id
799 5112 858 5178 est,
881 5104 1055 5182 contentio,
1078 5105 1130 5171 vel
1149 5105 1339 5194 disceptatio
1406 5115 1534 5174 tantum
1557 5108 1608 5174 ius
1630 5109 1678 5176 illi
1700 5131 1796 5177 snum
1820 5111 2091 5194 permitteremus.

383 5191 413 5256 ei
433 5194 537 5256 matre
560 5207 679 5256 omnem
699 5209 840 5254 nornen:
868 5189 982 5272 impios
1003 5188 1091 5254 dubit
1111 5191 1198 5276 ipsos
1219 5192 1339 5277 (tradet

384 5275 426 5342 ed
444 5273 595 5358 qiediam,
617 5275 694 5342 dicit
716 5272 860 5340 Ieitoeeit.
