5118 6136
201 419 263 486 661
887 417 938 485 IN
961 418 1209 485 maumam.
1255 417 1353 486 oAP.
1377 417 1510 486 XXXI.
1870 415 1873 430 ’
2139 428 2203 494 662

201 609 322 676 mustis
355 607 518 692 patribus,
556 627 694 692 quorum
732 607 797 674 fuit
834 605 947 672 eadem
982 627 1057 690 spes
1089 626 1174 689 quae
1227 605 1306 670 ditio
1328 605 1363 671 in
1386 605 1447 670 hoa
1475 605 1613 673 mundo:
1647 608 1724 690 quia
1754 609 1787 674 in
1817 609 1962 696 singulas
1989 612 2104 692 horas,
2134 617 2201 682 imo

201 705 315 760 nostra
335 703 402 760 est:
434 694 567 777 quouim
589 713 718 776 semper
740 694 927 776 aspirarent
948 692 984 756 in
1006 699 1173 758 aeternam
1227 692 1293 757 lara
1315 693 1350 757 iu
1373 691 1503 775 singula
1526 704 1690 758 momenta
1713 705 1862 761 mutatur
1890 696 2047 782 gaudium
2076 699 2111 765 in
2142 701 2201 768 do·

200 781 448 860 haereditatem,
469 779 565 847 aienti
583 775 1172 863 admonetapostulus(Heb.ll,13),
1226 777 1339 857 loram,
1363 777 1448 843 risus
1469 779 1503 842 in
1525 777 1698 861 laerymae.
1743 777 1810 846 Sed
1832 781 1925 846 Dous
1955 782 2010 848 hio
2033 787 2199 867 promittit

201 865 279 931 dum
301 865 502 950 peregrinati
523 875 601 932 sunt
615 866 650 928 in
667 863 806 930 munde:
827 861 883 930 sed
904 863 1041 947 dissipat
1055 883 1174 946 eorpus
1225 884 1261 928 se
1281 863 1331 928 ita
1351 863 1419 928 fore
1442 862 1618 946 propitium
1641 865 1795 931 eoelesiae
1817 886 1896 932 suae
1919 878 1957 932 ut
1985 868 2105 935 haheat
2125 891 2200 955 per-

200 951 372 1018 eealesiae:
406 949 523 1016 deiude
541 950 726 1034 exstinguit
747 952 887 1034 gratiam
911 947 988 1025 Dei,
1020 968 1104 1032 quae
1126 949 1172 1014 vi·
1225 957 1359 1032 petuam
1381 949 1550 1014 materiam
1573 949 1693 1033 gaudii.
1731 949 1902 1030 Quomodo
1924 963 2034 1020 autem
2057 955 2120 1020 hoo
2140 957 2200 1023 fiat

200 1039 275 1122 guit
305 1038 371 1102 iam
404 1037 483 1101 olim
516 1059 536 1101 a
568 1036 681 1102 multis
720 1035 873 1112 sareulis,
914 1035 1005 1116 quasi
1040 1033 1172 1098 demum
1225 1054 1291 1099 non
1313 1033 1407 1100 faeile
1427 1033 1591 1117 oapimus:
1613 1035 1690 1118 quia
1707 1037 1767 1101 etsi
1784 1037 1875 1104 Deus
1891 1037 1997 1121 palam
2014 1041 2048 1104 in
2065 1039 2200 1107 Ohrieto

200 1123 325 1190 Ohristi
344 1121 489 1188 adventu
505 1121 596 1188 Deua
615 1123 773 1205 coepisset
787 1119 976 1186 hominihus
991 1138 1173 1204 proponere
1226 1119 1319 1185 nobis
1341 1119 1497 1202 expliouit
1515 1118 1684 1187 thesauros
1705 1121 1854 1190 eoelestis
1869 1123 1965 1203 vitas,
1989 1135 2098 1191 tamen
2114 1146 2199 1192 sam-

200 1209 337 1276 ealutem
377 1218 555 1274 aeternam.
610 1206 677 1274 Sed
715 1205 894 1272 tenendum
934 1213 1002 1282 est,
1042 1216 1172 1271 sanatos
1226 1225 1284 1287 par
1304 1214 1473 1288 reptamus
1495 1205 1530 1269 in
1546 1213 1643 1270 terra.
1676 1206 1766 1274 Hine
1781 1208 1828 1289 lit,
1852 1217 1888 1273 ut
1903 1228 1969 1273 non
1985 1229 2199 1294 assequamur
2241 1280 2244 1286 ,

201 1303 309 1378 patres
332 1314 399 1358 uon
420 1293 522 1358 fuisse
550 1303 615 1358 tam
646 1291 742 1358 bruto
769 1313 885 1370 sensu,
915 1298 951 1356 ut
977 1299 1083 1356 metas
1111 1290 1172 1356 sihi
1225 1289 1303 1373 quid
1327 1290 1460 1356 valeant
1482 1292 1665 1357 sententies
1686 1312 1769 1374 quae
1803 1294 1982 1378 loquuntur
2005 1295 2045 1362 de
2068 1317 2146 1363 vera
2166 1309 2200 1362 et

200 1383 363 1465 lingerent
390 1379 426 1443 in
457 1378 519 1443 hoo
545 1377 677 1444 mundo.
730 1376 884 1445 Soiehant
919 1375 1007 1442 euim
1035 1397 1070 1441 sa
1100 1375 1173 1441 ideo
1226 1375 1329 1442 solida
1361 1375 1514 1441 lelieitate
1555 1377 1690 1459 piorum.
1747 1376 1805 1445 Sio
1843 1391 1953 1444 tantan
1993 1381 2029 1445 iu
2070 1401 2199 1448 summa

201 1467 359 1531 divinitus
392 1465 495 1530 luisse
527 1463 713 1550 adoptatos,
752 1471 788 1529 ut
819 1462 1008 1528 frueremur
1039 1461 1172 1526 tandem
1226 1459 1410 1528 habendum
1433 1471 1498 1538 est,
1527 1461 1683 1544 gandium
1714 1473 1861 1530 nostrum
1891 1478 2086 1548 perpetuum
2108 1487 2197 1535 esse:

200 1550 331 1618 opulenti
359 1549 444 1628 vita,
477 1548 551 1615 ideo
578 1559 739 1615 vorarunt
767 1570 802 1614 ae
831 1548 1031 1632 peregrinos.
1074 1545 1172 1613 Iaoob
1225 1546 1302 1630 quia
1323 1546 1479 1630 quidquid
1501 1548 1662 1614 malorum
1686 1548 1779 1615 uobis
1805 1549 1946 1630 aooidat,
1973 1551 2065 1618 Deus
2088 1560 2198 1619 tamen

200 1639 256 1720 qui
277 1636 334 1701 diu
357 1635 563 1701 habitaverat
584 1635 619 1700 in
641 1646 730 1699 tarra
751 1633 932 1712 chanaam,
962 1633 1040 1698 dioit
1063 1641 1171 1698 tamen
1225 1631 1363 1717 affulget
1384 1632 1476 1699 nohis
1499 1653 1559 1718 per
1578 1652 1672 1698 suam
1693 1635 1844 1719 gratiam,
1867 1645 1900 1700 et
1921 1636 1969 1701 ita
1989 1635 2109 1702 aedunt
2130 1658 2199 1704 om·

200 1729 303 1788 totam
322 1721 424 1788 vitam
443 1741 537 1786 snam
556 1720 655 1786 luisse
673 1721 967 1804 peregrinationem
984 1718 1172 1784 continuam
1226 1718 1281 1784 nia
1311 1718 1405 1783 nohis
1438 1719 1471 1783 iu
1506 1719 1643 1796 honum,
1684 1730 1717 1786 et
1748 1729 1826 1786 sunt
1862 1721 2051 1786 adiumenta
2083 1722 2199 1790 salutis

199 1806 299 1893 (Gen.
317 1807 371 1889 47,
388 1805 432 1891 a).
466 1806 512 1871 Et
533 1806 712 1890 Apostolus
735 1806 797 1871 hoo
817 1803 999 1890 prudenter
1019 1804 1173 1870 observat
1225 1811 1366 1882 noemae,
1389 1804 1485 1870 monti
1507 1803 1585 1870 diuit
1605 1804 1732 1870 Paulus
1751 1806 1771 1871 8
1793 1804 1838 1892 (r.
1860 1805 1915 1892 28)
1937 1810 2043 1890 eapite
2065 1807 2106 1873 ad
2128 1809 2199 1874 Ro·

199 1913 302 1976 quum
335 1891 414 1958 dioit
445 1891 519 1956 ideo
552 1893 682 1976 agnitos
714 1890 818 1957 luisse
846 1888 961 1955 aDeo
994 1909 1053 1974 pro
1086 1888 1172 1968 liliis,
1225 1909 1350 1955 manos.
1393 1889 1439 1954 Et
1461 1889 1507 1955 ita
1529 1909 1595 1954 non
1617 1890 1798 1957 desinimus
1825 1892 1959 1976 gloriari
1988 1893 2024 1957 in
2055 1893 2198 1959 miseriis

56 1985 60 1994 '
199 1979 276 2062 quia
296 1999 362 2043 non
385 1987 481 2042 erant
503 1977 602 2042 defixi
626 1977 660 2042 in
683 1976 746 2043 hoo
768 1974 899 2041 mundo.
946 1973 1076 2042 Sanctis
1092 1993 1171 2058 ergo
1224 1985 1258 2040 et
1279 1975 1525 2054 afflictionibus,
1557 1985 1594 2040 ut
1621 1974 1706 2040 idem
1733 1979 1850 2043 traotat
1871 1977 1978 2060 eapite
1999 1977 2022 2043 5
2043 1991 2077 2043 et
2098 1979 2198 2044 aude·

198 2065 345 2148 patribus
365 2062 479 2128 eadem
502 2084 576 2146 spes
598 2063 698 2128 etiam
719 2073 790 2128 arat
812 2081 912 2144 quarn
941 2059 1036 2126 hodie
1066 2060 1171 2126 eunoi-
1223 2081 1300 2126 mus
1320 2061 1420 2125 etiam
1442 2059 1602 2126 insultare
1625 2071 1693 2126 tam
1715 2061 1828 2146 lrigori
1850 2082 1948 2147 quam
1971 2064 2213 2145 oalori,uudi-.1

199 2150 307 2231 pimus
330 2148 574 2232 euvangelio,
598 2148 694 2214 siouti
716 2145 1172 2214 illisoommuuisidamluit
1224 2146 1287 2212 tati
1319 2153 1354 2213 et
1384 2143 1458 2211 aliis
1490 2146 1642 2212 omnibus
1674 2147 1816 2215 miseriis
1850 2168 1952 2234 usque
1982 2148 2024 2214 ud
2057 2161 2198 2215 mortem

199 2234 364 2300 Christus.
408 2233 477 2300 Sed
500 2233 675 2300 disorimeu
698 2241 757 2312 est,
780 2234 857 2316 quia
879 2231 970 2297 Deus
993 2240 1073 2296 tuno
1095 2251 1171 2316 gra·
1223 2232 1339 2315 ipsam.
1384 2229 1451 2299 Sed
1477 2230 1656 2297 meandum
1685 2233 1786 2298 etiam
1814 2242 1878 2311 est¹
1909 2253 2049 2384 requam
2072 2234 2198 2301 Ohrieti

199 2321 278 2385 uum
301 2339 394 2385 suam
418 2321 587 2403 proposuit
608 2318 669 2400 sub
686 2319 802 2404 liguris
819 2315 1010 2400 visibilibus,
1033 2315 1171 2400 ideoque
1224 2317 1412 2384 iuuhoatum
1428 2337 1499 2383 esse
1514 2316 1675 2383 duntaxat
1689 2319 1725 2383 in
1740 2319 1842 2397 uobis.
1865 2327 1899 2384 et
1914 2320 2041 2402 reique
2055 2319 2196 2385 mundo:

198 2405 260 2470 luit
281 2404 465 2487 obseurior,
495 2426 583 2471 nuno
604 2414 714 2470 autem
738 2406 861 2488 figurae
887 2403 963 2467 illae
992 2411 1171 2478 eessaruut,
1223 2401 1297 2468 ideo
1320 2421 1387 2467 uon
1416 2421 1487 2468 esse
1516 2403 1653 2481 mirum,
1684 2404 1713 2470 si
1743 2405 1887 2471 tenuiter
1915 2413 2087 2488 gustemus
2115 2405 2198 2472 haee

198 2497 232 2556 et
255 2488 409 2556 Ohristus
435 2489 554 2574 prodiit
583 2491 617 2555 in
648 2489 805 2569 medinm,
837 2497 870 2554 at
900 2489 1050 2570 apparuit
1079 2487 1172 2554 nohis
1224 2487 1397 2566 benefida,
1426 2507 1509 2571 quae
1532 2495 1600 2553 tam
1623 2488 1795 2574 magnifiee
1821 2491 2001 2574 prophetae
2024 2489 2196 2558 extollunt.

198 2575 326 2642 elarius.
360 2573 439 2641 Ideo
462 2574 531 2640 dixi
551 2575 636 2642 hano
657 2574 836 2640 doetrinam
857 2572 1035 2655 prudenter
1053 2572 1171 2638 debere
1224 2574 1314 2658 Ergo
1337 2574 1365 2640 si
1387 2573 1525 2639 tentatio
1543 2573 1635 2640 nobis
1651 2573 1787 2659 obrepat
1803 2576 1929 2658 quoties
1944 2573 2035 2642 Deus
2050 2577 2197 2658 asperius

197 2663 233 2726 in
256 2681 351 2727 usum
373 2667 521 2726 nostrum
545 2659 799 2740 aooommodari‚
829 2681 871 2724 ne
892 2658 1017 2724 soilioat
1038 2670 1171 2743 appeta·
1224 2680 1284 2724 noa
1307 2667 1427 2725 traotat
1448 2679 1546 2742 quam
1569 2659 1738 2740 vallemus,
1772 2660 1861 2742 Quid
1885 2661 1945 2726 hoo
1967 2659 2029 2725 sibi
2051 2661 2142 2726 vult?
2167 2661 2198 2728 si

200 2767 273 2813 mus
302 2747 450 2830 saginam
480 2766 581 2830 quum
610 2746 701 2810 Deus
730 2765 790 2810 noe
819 2743 861 2810 ad
888 2745 1169 2829 participationem
1223 2765 1310 2811 esses
1332 2766 1418 2810 unos
1441 2764 1482 2809 ax
1504 2743 1579 2809 filiis
1602 2743 1679 2822 Dei,
1709 2765 1751 2811 au
1780 2767 1844 2811 non
1876 2754 1988 2829 ageret
2016 2751 2124 2812 teoum
2145 2746 2195 2811 in-

198 2832 324 2917 gratius
357 2851 442 2897 snae.
468 2831 604 2896 invitat:
636 2830 693 2896 sed
722 2831 865 2896 saiamus
893 2851 952 2896 nos
985 2830 1172 2895 miseriores
1223 2829 1396 2914 dulgenter
1417 2829 1515 2897 siouti
1537 2829 1711 2912 promisit?
1733 2830 1789 2896 ubi
1806 2830 1864 2896 illa
1882 2831 1974 2914 eopia
1992 2829 2102 2912 tritioi,
2125 2831 2196 2897 viui

199 2937 272 2983 esse
293 2915 421 2984 eunetis
443 2916 640 2991 hominibus,
663 2917 691 2980 si
713 2935 788 3000 spes
810 2923 921 2981 nostra
942 2914 1069 2981 inulusa
1087 2924 1172 2980 esset
1223 2925 1256 2982 et
1277 2915 1357 2996 olei,
1390 2934 1490 2998 quum
1518 2923 1555 2979 tu
1584 2933 1682 3000 saepe
1710 2915 1858 2983 asemas?
1892 2915 2035 2983 tenuiter
2065 2935 2196 3000 semper

198 3004 234 3068 in
258 3002 391 3083 mundo,
413 3013 446 3068 et
468 3011 579 3068 tamen
602 3001 659 3068 illo
677 3011 821 3084 tempore
839 3001 921 3066 haee
937 2997 1020 3065 ratio
1034 2998 1172 3066 donandi
1224 3000 1367 3079 vietites,
1399 3019 1459 3064 neo
1481 3008 1592 3065 tamen
1614 2999 1792 3085 quidquam
1815 3010 1972 3088 appareat
1994 3001 2113 3068 melius
2135 3002 2196 3067 tihi

198 3089 261 3154 luit
281 3086 378 3153 valde
400 3089 593 3166 necessaria,
618 3087 773 3170 quoniam
795 3087 857 3152 hoo
880 3085 1063 3170 postulabat
1085 3085 1171 3150 redi·
1204 3086 1258 3166 ¹in
1281 3086 1468 3162 anatinam,
1498 3106 1599 3168 quum
1621 3106 1709 3153 nuno
1730 3087 1889 3170 spolieris,
1913 3108 2002 3154 nuno
2024 3087 2138 3154 venias
2159 3088 2195 3152 in

199 3185 253 3239 tus
286 3172 414 3256 populi,
447 3174 533 3238 siout
565 3173 687 3238 dietum
720 3172 791 3238 luit.
835 3171 931 3237 Nune
964 3191 1043 3256 ergo
1071 3189 1170 3253 quum
1223 3171 1390 3255 regionem
1416 3170 1565 3236 aridam?
1597 3178 1630 3236 et
1659 3191 1868 3256 quaeeunque
1898 3183 2036 3255 possunt
2063 3193 2125 3239 nos
2153 3172 2196 3238 ad

199 3259 287 3336 dioit,
311 3257 472 3338 Oonflaeat
492 3259 535 3324 od
559 3257 788 3338 benrfieentiem
810 3256 957 3340 lebetae,
987 3258 1031 3322 ad
1051 3257 1170 3338 ιιίιιιιιιι,
1223 3256 1482 3340 desperationem
1520 3255 1667 3334 trahere,
1707 3266 1877 3326 suoourrat
1916 3257 1996 3325 haee
2035 3257 2194 3336 doctrina,

197 3345 337 3410 tritirm
364 3349 393 3409 at
413 3343 528 3425 oham,
562 3345 702 3409 seiamus
731 3343 877 3426 promitti
898 3341 1020 3426 aliquid
1042 3342 1168 3427 malins,
1222 3342 1312 3424 Quid
1333 3363 1376 3408 au
1399 3362 1536 3425 reguum
1553 3342 1618 3408 Dei
1635 3342 1670 3407 in
1693 3351 1727 3408 te
1748 3345 1928 3426 perfeetum
1946 3346 2018 3410 est?
2039 3345 2067 3409 si
2085 3352 2195 3408 autem

198 3437 233 3496 et
261 3431 483 3513 praestantius
516 3449 614 3512 quam
640 3430 764 3494 vietum
797 3437 830 3493 et
856 3429 1079 3494 saturitatem:
1112 3428 1168 3494 sad
1222 3429 1448 3511 unusquisque
1469 3437 1618 3493 nostrum
1640 3427 1732 3494 videt
1759 3450 1795 3495 sa
1824 3429 1881 3496 vix
1907 3430 2093 3514 ingressum
2122 3447 2194 3494 esse

198 3514 285 3598 quod
306 3515 476 3599 spirituale
497 3527 548 3582 est
570 3513 709 3580 deseribi
728 3512 789 3580 sub
810 3513 933 3598 figuris,
956 3521 995 3578 ut
1015 3533 1074 3596 per
1094 3533 1169 3598 gra·
1221 3529 1361 3600 regnum
1381 3515 1453 3596 Dei,
1475 3533 1517 3578 ue
1540 3513 1678 3578 miretur
1696 3513 1844 3580 nondum
1862 3535 1897 3581 se
1914 3534 1986 3580 esse
2001 3514 2194 3597 partieipsm

199 3599 261 3666 dus
303 3601 445 3685 populus
488 3598 720 3667 oonsaeuderat
754 3599 796 3665 ad
837 3597 1008 3682 spirituale
1045 3597 1170 3665 Christi
1221 3600 1366 3666 omnium
1401 3599 1561 3664 honorum
1595 3618 1678 3681 quaa
1711 3599 1804 3666 Deus
1836 3599 2001 3682 pollioitus
2032 3607 2082 3666 est
2114 3599 2192 3666 suis.

197 3707 353 3838 rignblffi’
370 3686 467 3837 {ogd
488 3695 560 3837 alr-,at
569 3683 800 3836 tZdhugdptuasi
829 3684 1023 3835 irnglii‘eitum
1036 3685 1170 3835 umbri}
1221 3684 1308 3836 Nega
1330 3685 1359 3749 si
1381 3681 1485 3834 ‹tliebile
1506 3693 1557 3749 est
1582 3693 1616 3749 et
1643 3685 1811 3836 infit-mum
1835 3685 1976 3836 Ohrtiertiti
1988 3685 2194 3834 ²⁰ss¹²¹¹m.lil¹¹

196 3793 309 3924 bia
327 3792 435 3924 tlt
450 3821 516 3922 ’.ιι
532 3790 686 3938 tat
702 3769 1169 3939 Mitys-atltae
1221 3789 1391 3935 ttttt,
1409 3789 1639 3938 {totth
1661 3790 2194 3934 ilrrtltd'delrallllldl

195 3943 399 4028 opulentiam
434 3943 503 4008 fore
535 3951 735 4025 perpetuam
791 3939 827 4007 Si
860 3941 1031 4025 aoudngat
1063 3959 1169 4007 annue
1221 3950 1272 4007 est
1292 3941 1393 4006 totius
1415 3939 1529 4006 muudi
1552 3940 1646 4008 ratio.
1691 3942 1768 4007 Non
1789 3942 1909 4009 mirum
1940 3953 1989 4009 est
2017 3942 2136 4026 igitur,
2165 3941 2194 4007 si

195 4028 323 4108 fertilis,
346 4029 458 4112 fruges
479 4027 609 4110 quidem
632 4036 712 4092 tuno
734 4027 924 4103 exuberant,
947 4030 981 4092 et
1000 4025 1102 4092 maior
1119 4035 1170 4092 est
1222 4028 1313 4093 Deua
1324 4047 1390 4091 non
1408 4025 1571 4108 eomplaat
1587 4047 1670 4110 quae
1687 4026 1838 4111 promisit
1856 4025 1918 4094 sub
1936 4026 2063 4094 Ohrirti
2081 4046 2194 4112 reguo,

196 4115 290 4198 eopia
311 4113 382 4180 vini
403 4120 438 4179 et
458 4113 559 4179 tritiai
587 4131 685 4196 quam
716 4132 774 4196 pro
803 4113 969 4177 eommuni
999 4131 1078 4177 usu:
1111 4112 1168 4178 sed
1243 4131 1321 4177 uum
1338 4110 1488 4177 homines
1506 4131 1573 4176 non
1588 4113 1656 4177 sint
1671 4133 1805 4197 oapaoes
1821 4120 1934 4179 tantae
1951 4112 2193 4179 beneficentiae.

196 4200 225 4266 si
248 4199 366 4265 fertilis
388 4199 432 4264 ait
452 4219 538 4264 unus
562 4217 678 4276 annus,
701 4205 815 4281 postea
837 4205 992 4280 sequetur
1013 4197 1169 4264 sterilitas
1220 4133 1387 4280 herimum
1417 4197 1505 4262 anim
1535 4207 1585 4262 est
1615 4197 1717 4283 (Paul.
1739 4197 1791 4279 81,
1814 4198 1878 4279 11),
1907 4199 2008 4282 Aperi
2030 4219 2066 4264 os
2088 4206 2194 4279 tuum,

196 4305 279 4369 quae
301 4285 472 4352 absorbeat
494 4303 607 4349 omnes
629 4284 747 4366 rupina,
769 4282 866 4365 idque
883 4284 1073 4366 frequenter
1092 4304 1168 4350 oon·
1220 4293 1254 4350 et
1270 4283 1412 4367 implebo
1429 4280 1527 4348 illud:
1550 4304 1610 4350 nos
1627 4291 1735 4350 autem
1754 4284 1922 4350 oonstrioti
1940 4304 2055 4351 sumus
2072 4285 2195 4350 nostris

196 4371 312 4455 tingit:
345 4371 424 4453 quia
443 4368 592 4436 homiues
620 4389 682 4434 sua
709 4368 945 4453 ingratitudine
977 4369 1069 4452 quasi
1093 4389 1112 4434 a
1133 4391 1169 4436 se
1220 4370 1392 4455 angustiis.
1426 4369 1515 4435 Hine
1535 4370 1574 4434 lit
1596 4377 1635 4434 ut
1656 4371 1714 4435 vix
1736 4379 1854 4436 tennes
1876 4379 1991 4456 guttae
2012 4370 2196 4436 benefioan·

197 4455 369 4540 depellunt
401 4455 465 4518 Dei
498 4454 772 4536 benedietionem,
813 4474 855 4519 ne
875 4455 1044 4555 'sentinus
1077 4455 1170 4556 ilnxu
1221 4457 1287 4520 tiae
1309 4455 1372 4521 Dei
1395 4453 1436 4521 ad
1460 4475 1519 4520 uos
1542 4455 1745 4537 perveniant.
1791 4457 1909 4522 Postea
1931 4455 2087 4540 sequitur,

190 4537 1022 4725 mipmlldhhhomselihrghuhiffihmqriiff
1044 4559 1171 4694 iim
1308 4627 1358 4692 13.
1392 4625 1481 4692 Turre
1501 4624 1668 4691 beabitur
1688 4627 1777 4710 sirpo
1798 4627 1870 4713 (aut
1891 4628 2013 4714 puella)
2035 4631 2071 4696 ia
2092 4624 2193 4716 storo,

197 4734 264 4780 non
285 4713 494 4782 sedabuntur,
516 4711 677 4776 duntaxat
697 4709 739 4775 ad
765 4730 920 4794 exiguum
943 4720 1082 4792 tempus,
1112 4712 1169 4778 sed
1220 4717 1249 4777 at
1279 4711 1481 4779 odokaoentes
1520 4711 1585 4795 (vel
1616 4710 1728 4780 elaoti:
1769 4711 1827 4779 sed
1865 4713 2029 4798 signifieat
2061 4718 2195 4798 proprie

195 4809 235 4865 ut
255 4817 423 4882 nunquam
446 4797 590 4864 rendunt
615 4794 768 4876 inediam,
798 4796 851 4861 vel
880 4797 1009 4876 samam,
1040 4797 1091 4863 vel
1114 4797 1170 4864 de·
1221 4796 1455 4883 adolesoautes)
1485 4799 1513 4861 el
1540 4815 1627 4863 seres
1644 4799 1785 4882 puriter,
1818 4803 1847 4866 et
1878 4805 2049 4866 mearum
2077 4801 2193 4867 lauhun

196 4887 330 4952 laetum.
374 4883 420 4948 ut
442 4882 594 4966 adiungit
613 4881 720 4958 simul,
751 4880 825 4946 Noa
853 4882 1001 4948 adiiciant
1029 4884 1171 4968 amplier
1220 4903 1327 4948 eorum
1347 4883 1565 4967 inpendium,
1592 4883 1811 4952 etopusolobor
1833 4903 1893 4964 eoa,
1923 4884 2194 4954 eertturotoa

197 4971 241 5037 od
262 4969 439 5054 temdum.
473 4966 624 5034 Diversis
640 4965 794 5050 loquendi
813 4967 925 5032 l'ormia
943 4968 1080 5033 eandem
1099 4989 1169 5034 rem
1220 4989 1277 5034 aue
1297 4967 1408 5034 dolore.
1783 4995 1786 5000 ¹

196 5057 389 5121 ooulirmat:
411 5053 468 5120 sed
490 5071 620 5120 summa
640 5051 704 5120 huo
725 5051 819 5135 redit,
842 5051 896 5118 nbi
920 5053 1078 5120 liberatus
1098 5054 1170 5120 iue-

196 5142 241 5207 rit
261 5141 326 5206 Dei
349 5139 497 5223 populus,
520 5139 707 5205 eontinuam
731 5139 800 5204 lore
818 5138 883 5203 Dei
901 5137 1168 5218 benedietiouem,
1239 5189 1240 5193 ,
1306 5140 1520 5208 Confirmatio
1549 5147 1599 5207 est
1636 5141 1814 5224 superioris
1856 5144 2049 5210 sententiae.
2103 5144 2193 5213 Dieit

196 5229 244 5292 ita
267 5233 304 5291 ut
325 5247 391 5291 non
413 5224 547 5291 obnoxii
567 5226 634 5290 sint
663 5223 775 5291 fideles
804 5223 1033 5290 eommuuibus
1063 5225 1168 5292 homi·
1219 5227 1307 5292 enim
1341 5226 1496 5310 gandium
1529 5245 1702 5293 eommune
1734 5229 1802 5294 fora
1835 5236 1902 5292 tam
1941 5227 2059 5312 puellis
2093 5250 2193 5315 qnam

197 5332 277 5377 num
300 5311 448 5378 miseriis.
493 5309 625 5377 Soimus
647 5311 736 5376 enim
758 5308 864 5394 qualis
885 5308 927 5377 sit
950 5319 1061 5378 nostra
1091 5331 1167 5378 oon·
1220 5311 1497 5390 adolasoeutibua,
1525 5320 1559 5377 at
1588 5312 1719 5379 senibus
1751 5313 1841 5398 ipsis.
1886 5314 2059 5396 Loquutus
2081 5326 2131 5383 est
2152 5317 2192 5383 de

1936 5415 1988 5470 42*
