5158 6124
211 485 275 552 405
902 483 951 550 IN
974 482 1225 549 maumam.
1265 481 1366 550 OAP.
1387 483 1521 550 xxm.
1744 429 1746 434 Ι
2151 495 2218 562 406

212 674 313 741 nebat
333 692 471 739 nomen:
494 693 633 759 ragnum
656 683 689 740 st
710 672 926 740 sacerdotium
943 679 1039 736 erant
1058 667 1187 734 abolita.
1239 690 1291 734 res
1313 666 1487 749 ordinabit,
1510 674 1566 755 qui
1582 695 1717 740 munere
1732 696 1794 742 suo
1809 677 1906 743 aliter
1919 698 1957 745 ao
1980 679 2077 765 longe
2100 682 2216 749 melius

213 759 294 827 Fuit
315 760 418 843 igitur
447 758 554 826 elades
582 760 642 825 illa
670 759 801 842 quidam
825 757 927 824 veluti
955 757 1122 836 interitus,
1151 764 1189 819 ut
1239 755 1422 839 fungantur
1454 778 1553 841 quam
1582 759 1650 841 lupi
1683 760 1742 844 illi,
1776 773 1810 828 et
1841 764 1992 850 saorilogi
2025 767 2216 849 praedones.

214 865 319 929 nuper
342 843 421 909 dixi.
466 845 532 912 Sed
556 845 648 912 Deus
670 844 724 912 hio
754 843 947 928 pronuntiat
968 840 1091 924 aliquid
1121 842 1188 905 lore
1238 840 1359 908 Postea
1381 843 1471 908 addit
1492 845 1741 926 promissionem
1760 848 1800 913 de
1816 849 1933 915 liduoia
1950 870 2048 934 qoam
2065 852 2216 920 differam

213 931 391 1009 residuum,
422 930 696 1013 quemadmodum
725 931 845 996 dieitur
870 928 979 995 Isaiae
1006 926 1112 1010 sapite
1136 926 1187 1008 10,
1238 928 1486 994 incrastinum.

214 1016 299 1101 qood
322 1017 414 1081 Deus
437 1037 556 1101 pausos
578 1018 724 1083 servavit
743 1015 837 1099 quasi
860 1037 903 1080 ex
925 1013 1187 1094 oonsumptiono.

213 1103 300 1168 Nam
333 1104 613 1185 oonsomptionem
647 1103 796 1167 nominat
824 1099 980 1184 pannulos
1007 1098 1098 1176 illos,
1132 1097 1188 1180 qni
1325 1097 1480 1166 Diximus
1502 1100 1658 1166 hesterna
1673 1102 1819 1184 leotiono,
1842 1125 1942 1188 quum
1958 1106 2122 1175 Dominus
2138 1127 2215 1192 pro-

215 1190 349 1254 tuerunt
377 1189 579 1271 superstites,
610 1208 709 1272 quum
740 1195 912 1271 putassent
937 1205 1051 1251 omnes
1078 1191 1188 1249 autum
1239 1183 1338 1248 mittit
1360 1204 1395 1249 se
1414 1186 1568 1251 daturum
1590 1197 1745 1270 pastores,
1770 1190 1830 1254 bao
1851 1190 2006 1274 loquendi
2028 1194 2133 1259 torma
2154 1215 2215 1260 no·

214 1269 1190 1443 tttt‘0‘ttttt'lutt'tttttt“litttttt‘t
1239 1270 1773 1441 titultttttttttt’
1801 1277 1903 1442 tilli
1929 1277 2052 1427 “tt‘t
2070 1299 2215 1430 it⁰⁰⁰

316 1407 322 1424 ,
1843 1382 1865 1426 ιι
1879 1383 1905 1440 ι,
1937 1382 1954 1426 s
2049 1383 2102 1429 ar
2141 1385 2215 1431 rum

214 1443 357 1511 senous
377 1445 471 1510 terrie
491 1445 535 1511 at
555 1464 635 1528 quoa
656 1443 803 1528 expulero
824 1444 920 1524 ipsos.
965 1441 1091 1507 Iterum
1112 1459 1189 1505 oon·
1240 1461 1353 1506 auram
1384 1442 1499 1508 salutis
1536 1464 1649 1509 sorum
1686 1382 1988 1527 qnospliberaverit
2017 1449 2058 1514 ab
2089 1451 2216 1518 exsilio.

214 1531 325 1596 firmat
343 1529 430 1612 quod
448 1528 527 1608 dixi,
546 1551 664 1612 nempe
681 1550 747 1594 non
767 1537 844 1594 ants
862 1529 931 1593 fore
949 1524 1188 1592 misericordiae
1240 1526 1425 1610 Utrumque
1455 1549 1533 1593 varo
1567 1529 1787 1596 neeessariam
1821 1541 1880 1611 est,
1913 1533 1992 1615 qnia
2023 1534 2107 1599 nibil
2140 1557 2218 1618 pro·

214 1617 332 1695 looum,
354 1636 452 1706 quam
475 1617 665 1700 purgaverit
687 1615 857 1682 ecelesiam
881 1633 973 1678 suam
997 1620 1046 1677 tot
1067 1616 1100 1676 et
1122 1621 1188 1674 tam
1240 1610 1348 1676 desset
1371 1614 1472 1678 semel
1498 1615 1590 1680 nobis
1613 1635 1746 1680 manum
1778 1617 1911 1702 porrigi,
1942 1619 2005 1684 nisi
2027 1618 2119 1686 Dens
2140 1642 2218 1704 pro·

214 1699 316 1766 foedis
331 1701 589 1783 inquinamentis
602 1700 721 1784 quibus
736 1711 815 1765 tuno
828 1699 982 1765 soatebat.
1010 1695 1189 1780 Dissipatis
1240 1707 1430 1779 sequeretur
1458 1699 1598 1783 gratiam
1623 1722 1717 1766 suam
1740 1723 1819 1786 erga
1841 1722 1900 1768 uos
1923 1705 2083 1786 usquein
2104 1707 2216 1772 linem.

214 1787 316 1873 igitur
344 1786 456 1870 populi
484 1788 519 1852 in
549 1789 658 1852 varias
688 1798 793 1852 terras
824 1786 888 1850 tuit
919 1783 1075 1850 eoolesiae
1110 1800 1188 1865 pur·
1242 1782 1380 1850 Summa
1401 1785 1502 1868 igitur
1524 1784 1587 1850 huo
1609 1786 1725 1866 tandit,
1748 1797 1921 1871 postquam
1946 1789 2072 1856 reduoti
2095 1791 2218 1856 tuerint

215 1873 321 1958 gatio:
351 1871 623 1955 quemadmodum
653 1871 752 1938 etiam
776 1874 867 1938 Deus
897 1870 975 1936 dioit
1004 1889 1039 1934 sa
1070 1867 1188 1933 disoer·
1240 1869 1354 1934 Iudaei
1375 1871 1409 1934 in
1433 1871 1583 1953 patriam,
1612 1871 1682 1937 iore
1704 1872 1765 1938 sub
1788 1873 1852 1937 Dei
1874 1874 2030 1950 oustodia,
2063 1885 2100 1941 ut
2128 1876 2217 1942 salus

215 1977 294 2025 nere
314 1956 508 2041 quisquilias
530 1966 562 2023 et
582 1957 710 2040 paleam
733 1978 753 2021 a
776 1957 894 2040 tritioo,
924 1956 1001 2020 dum
1031 1952 1189 2037 populum
1241 1975 1352 2021 eorum
1381 1955 1593 2039 stabilierit,
1626 1978 1689 2022 non
1717 1964 1954 2025 momentanea.
2011 1960 2083 2026 Iam
2113 1982 2215 2043 quum

216 2064 314 2110 suum
348 2044 494 2126 oastigat.
546 2041 631 2107 Nam
665 2042 801 2126 perinde
831 2063 868 2108 ao
900 2042 978 2106 dum
1012 2039 1189 2106 ventilator
1241 2041 1340 2120 addit,
1375 2041 1448 2106 Nou
1479 2041 1636 2122 timebunt,
1668 2063 1764 2125 oeque
1795 2051 2003 2128 superastaret,
2036 2067 2134 2129 oeque
2164 2049 2219 2113 do·

215 2131 359 2194 tritioum
382 2129 416 2194 in
440 2129 557 2209 oribro,
586 2128 698 2212 paleae
728 2129 868 2193 volitant
890 2127 955 2193 huo
983 2137 1017 2192 ot
1044 2125 1131 2204 illno,
1156 2132 1190 2188 et
1238 2127 1357 2210 fioiott,
1395 2127 1447 2192 vel
1485 2128 1736 2212 imminuentur,
1777 2131 1941 2213 signifieat
1971 2130 2113 2197 Iudaeos
2145 2133 2217 2197 tore

215 2215 419 2298 quisquilias,
444 2224 555 2279 manet
577 2223 686 2280 autem
716 2214 871 2290 triticum,
901 2211 986 2296 quod
1014 2215 1128 2295 postea
1154 2210 1189 2273 in
1242 2213 1435 2294 tranquillos
1456 2211 1518 2279 sub
1539 2215 1734 2297 pastoribus,
1757 2234 1838 2297 quos
1861 2216 1926 2282 illis
1946 2218 2126 2298 praefiniet.
2172 2218 2216 2282 Et

215 2300 370 2366 horreum
391 2299 575 2382 reponitur:
598 2301 760 2383 itaquum
774 2298 1009 2382 Deusaxpulit
1031 2298 1066 2362 in
1083 2295 1189 2362 sarias
1240 2300 1361 2365 seimus
1383 2298 1523 2364 offitium
1549 2300 1616 2364 vari
1645 2301 1786 2384 pastoris
1816 2301 1941 2368 duabus
1970 2304 2118 2385 partibus
2140 2323 2217 2369 oon·

215 2399 320 2452 tarrae
342 2384 499 2469 populum
528 2405 634 2466 suum,
662 2395 741 2451 tuno
763 2385 932 2451 eoelesiam
954 2383 1117 2467 purgavit.
1150 2379 1189 2446 Si
1241 2395 1339 2450 stare.
1389 2384 1502 2466 Neque
1532 2385 1620 2449 enim
1652 2385 1733 2452 satis
1763 2394 1849 2452 esset
1877 2406 1955 2452 oves
1985 2408 2116 2471 regare,
2150 2389 2218 2454 nisi

216 2473 289 2555 qais
321 2472 469 2550 obiioiat,
510 2471 600 2555 Ergo
640 2471 703 2537 hoo
735 2490 864 2552 quoque
896 2470 1062 2534 residuum
1096 2475 1190 2532 arant
1241 2471 1329 2553 ipsas
1351 2469 1538 2536 defenderet
1559 2479 1674 2535 eontra
1694 2491 1823 2537 omnem
1840 2472 2042 2550 violentiam,
2065 2475 2217 2539 inoursus

215 2558 310 2640 quasi
331 2555 535 2640 quisquiliae.
580 2555 652 2623 Hoo
675 2575 791 2621 verum
819 2565 877 2635 est,
906 2555 1011 2639 quoad
1043 2553 1189 2618 homines
1241 2557 1406 2622 latronum
1435 2567 1468 2619 et
1496 2555 1658 2639 luporum.
1707 2557 1777 2621 Iam
1806 2559 1982 2641 opponitur
2015 2559 2096 2625 haeo
2125 2571 2219 2624 tran-

214 2644 320 2727 ipsos:
350 2641 407 2707 sed
431 2640 523 2708 Deus
552 2642 606 2709 hio
633 2641 766 2724 respioit
787 2663 823 2707 se
852 2641 970 2725 ipsum,
997 2658 1095 2721 quum
1123 2657 1191 2703 oues
1243 2641 1388 2725 quillitas
1420 2639 1652 2723 inquietudini,
1692 2661 1756 2725 qua
1789 2645 1905 2727 agitati
1938 2643 2071 2708 fuerant
2104 2644 2217 2710 Iudaei

215 2749 293 2795 suaa
325 2728 492 2804 nominat,
532 2727 586 2810 qui
626 2727 754 2811 indigni
792 2739 888 2792 erant
927 2734 1018 2790 tanto
1057 2723 1188 2788 honore.
1242 2727 1339 2810 longo
1370 2735 1524 2809 tempore.
1570 2725 1701 2793 Soimus
1731 2729 1819 2793 enim
1848 2730 1947 2795 luisse
1973 2729 2071 2794 valde
2101 2730 2218 2796 anxios

214 2815 336 2880 Postea
352 2811 453 2890 addit,
478 2811 519 2878 Se
535 2813 736 2880 reductorum
756 2813 844 2894 ipsos
865 2812 908 2878 od
929 2811 1047 2894 otoo,
1070 2815 1105 2874 at
1126 2808 1190 2873 itlio
1242 2819 1377 2895 proptor
1410 2810 1556 2876 assiduas
1589 2813 1793 2879 iooursiones
1832 2813 1988 2879 hostium.
2051 2813 2217 2895 Quoniam

213 2898 408 2984 fructificent,
431 2897 493 2964 hoo
510 2907 569 2975 est,
592 2897 769 2964 loetitioent
786 2907 821 2962 et
838 2907 1017 2981 augescant
1038 2900 1066 2960 et
1086 2893 1190 2958 mati-
1242 2916 1320 2980 ergo
1344 2895 1473 2962 assidue
1500 2896 1707 2978 trepidabant
1737 2918 1838 2981 quum
1870 2898 2022 2964 audirent
2050 2919 2217 2964 rumorem

210 2985 374 3069 ptioeutor.
419 2984 495 3049 Non
519 2982 654 3050 dubium
677 2992 727 3049 est
749 2984 829 3065 quin
852 3003 911 3064 per
936 2982 1048 3048 oaulas
1070 2990 1189 3044 terram
1243 2982 1381 3065 aliquem
1404 2982 1489 3058 belli,
1513 2983 1677 3065 promittit
1697 2983 1751 3049 hio
1775 2982 1866 3049 Deus
1888 2983 2058 3050 meliorem
2080 2993 2216 3065 statum,

216 3070 375 3137 Obanaan
398 3068 569 3154 intelligat.
604 3069 704 3136 Nulla
726 3069 813 3136 euim
832 3078 911 3135 tono
932 3068 992 3132 luit
1014 3067 1049 3130 in
1068 3063 1190 3129 mundo
1243 3066 1515 3151 quemadmodum
1537 3067 1657 3133 olarios
1680 3067 1867 3153 paulopost
1887 3068 2079 3136 ridebimus.
2117 3070 2216 3135 Nono

215 3155 392 3240 opulentia,
423 3175 520 3237 quam
545 3153 700 3220 deberent
722 3155 887 3238 praeferre
909 3153 1019 3218 ludaei
1042 3148 1189 3215 haeredi·
1243 3152 1398 3236 sequitur,

216 3243 276 3306 tati
298 3240 360 3306 sibi
380 3240 571 3324 promissae:
596 3248 684 3305 totus
699 3238 841 3305 mundus
857 3249 927 3304 erat
943 3237 1009 3303 illis
1030 3235 1189 3301 exsilium.

216 3327 309 3392 Deus
330 3328 418 3391 enim
442 3333 564 3390 terram
586 3326 677 3391 illam
693 3327 839 3409 elegerat
860 3325 894 3388 in
911 3344 974 3407 qua
995 3323 1190 3397 habitarent,
1329 3323 1360 3389 5.
1384 3322 1549 3390 Emeritos
1575 3325 1710 3408 veniunt,
1739 3326 1817 3390 dicit
1842 3325 1988 3406 Ietoootr,
2015 3325 2221 3393 et'soaoa'tobo

216 3425 251 3477 et
272 3431 345 3479 eam
365 3411 428 3476 sibi
449 3419 707 3490 oonssorarerat,
730 3431 830 3493 quum
853 3410 1032 3475 destinaret
1053 3407 1132 3490 ipsis
1155 3407 1190 3469 in
1244 3409 1369 3477 Doridi
1388 3410 1665 3492 germanitatum:
1694 3410 1885 3494 etregnobit
1903 3431 1970 3491 roe,
2000 3415 2028 3476 et
2044 3412 2220 3492 prudenter

217 3497 359 3576 arrham,
388 3495 442 3561 vel
475 3498 596 3646 pignus
625 3507 777 3562 aetarnae
805 3493 1028 3560 haereditatis.
1072 3491 1191 3592 dierito
1243 3494 1310 3579 (vel
1345 3493 1513 3579 prospere)
1552 3501 1636 3580 aget:
1673 3496 1768 3577 fotid
1806 3497 1961 3562 totamm
1999 3502 2028 3562 et
2062 3498 2220 3562 trutitimrt

216 3583 318 3668 igitur
340 3603 428 3648 nuno
449 3602 511 3648 oau
524 3603 561 3647 as
583 3582 726 3666 appellat
743 3590 865 3649 terram
888 3581 1003 3664 ipsam,
1026 3599 1103 3662 quia
1124 3577 1192 3643 rllro
1243 3582 1279 3645 in
1300 3585 1395 3646 terro.

216 3667 378 3753 degebant
399 3669 459 3733 sub
482 3668 553 3733 eins
575 3668 722 3733 oustodia
744 3677 777 3731 et
803 3665 974 3749 praesidio.
1019 3664 1191 3745 'templum
1329 3667 1360 3730 6.
1394 3663 1517 3730 Diebus
1546 3667 1615 3731 eius
1647 3665 1823 3732 serumst
1855 3665 2016 3746 Istorioi,
2053 3671 2081 3730 et
2114 3665 2221 3732 Israel

219 3756 306 3820 enim
340 3764 411 3819 erat
442 3757 535 3836 quasi
570 3754 688 3836 pedum
726 3752 906 3836 pastorale:
947 3750 1092 3817 solebant
1124 3749 1192 3814 illio
1243 3750 1393 3817 habitabit
1414 3752 1450 3815 ia
1472 3751 1589 3832 fidutia
1610 3749 1685 3834 (boo
1707 3763 1765 3829 est,
1789 3751 1994 3837 tranquille):
2025 3750 2070 3816 Et
2090 3751 2144 3817 boo
2164 3771 2221 3818 rto·

217 3840 326 3906 Deum
359 3838 519 3918 residere,
550 3849 586 3903 ut
615 3839 737 3908 virtute
764 3838 835 3904 eius
874 3837 1008 3920 proteoti
1046 3836 1080 3898 in
1118 3844 1190 3899 tuto
1243 3857 1322 3915 meo,
1344 3855 1403 3918 quo
1424 3837 1570 3903 vowooot
1590 3853 1668 3916 eum,
1692 3836 1829 3904 Iobooolt
1850 3839 1975 3904 iustitio
1996 3841 2113 3903 metro.

217 3933 407 3998 manerent.¹
440 3924 551 4005 Quum
573 3945 652 4010 ergo
675 3925 722 3988 ita
744 3933 830 3989 esset
851 3923 917 3988 illis
938 3921 1028 3986 salus
1049 3919 1109 3984 sub
1129 3919 1192 3983 Dei

217 4009 379 4093 praesidio
400 4010 434 4073 in
458 4020 547 4076 terra
570 4009 738 4084 Obanaan,
768 4008 848 4073 dioit
869 4027 940 4074 esse
963 4005 1056 4089 qnasi
1079 4025 1190 4069 eorum
1329 4007 1514 4072 Confirmat
1537 4006 1694 4091 propheta
1715 4007 1799 4091 quod
1824 4028 1927 4090 nuper
1949 4006 2034 4072 dixit
2055 4007 2095 4073 de
2117 4009 2220 4076 eools·

217 4097 312 4161 ovile.
358 4096 485 4172 Postea,
515 4101 550 4160 ot
580 4095 647 4161 tuto
677 4093 842 4177 testificent
875 4099 903 4160 et
932 4089 1191 4172 mouptbonto:
1244 4093 1312 4159 siae
1345 4091 1591 4158 instauratione.
1643 4094 1730 4158 Nam
1763 4092 1824 4158 hoo
1853 4112 1919 4156 non
1950 4091 2068 4159 luisset
2097 4114 2156 4175 por
2184 4115 2220 4160 se

217 4181 295 4264 quia
325 4181 412 4245 inter
441 4180 523 4245 alias
552 4179 794 4246 benedietiones
823 4187 894 4245 arat
923 4177 1004 4245 hasa
1036 4175 1191 4259 multipli·
1244 4177 1325 4243 satis
1344 4179 1487 4260 firmum,
1511 4179 1655 4262 promitti
1673 4188 1820 4262 pastores
1839 4179 1896 4260 qui
1915 4176 2056 4245 fideliter
2073 4179 2221 4246 oftioium

216 4267 301 4334 ostio
324 4286 391 4331 non
413 4273 586 4348 postrema.
630 4265 747 4331 Postea
772 4264 929 4349 adiungit,
1244 4283 1342 4329 suum
1375 4271 1644 4345 exsequerentur,
1685 4264 1750 4329 nisi
1784 4264 1972 4348 propositus
2006 4265 2071 4330 illis
2105 4265 2222 4332 luisset

1245 4350 1362 4414 unitus
1384 4348 1439 4414 ille
1457 4357 1576 4431 pastor,
1598 4351 1632 4414 in
1655 4369 1718 4430 quo
1736 4349 1850 4415 foedus
1868 4349 1932 4414 Dei
1950 4359 2022 4415 erat
2037 4350 2220 4433 fundatum,

303 4435 333 4502 4.
356 4435 402 4500 Et
422 4435 558 4502 sectato
577 4455 674 4517 saper
695 4455 746 4502 eos
760 4441 914 4517 pastores,
944 4441 972 4501 et
993 4437 1123 4516 posent
1143 4452 1194 4499 eoa
1246 4443 1279 4498 et
1300 4434 1334 4498 in
1356 4455 1421 4517 quo
1443 4435 1540 4498 etiam
1569 4434 1775 4516 quaerendus
1804 4447 1875 4499 erat
1902 4435 2040 4503 sffeotus
2072 4437 2219 4501 omniurn

217 4521 294 4608 (hoo
316 4530 377 4605 est,
406 4522 462 4605 qui
484 4520 634 4606 pasoant)
663 4527 692 4586 et
719 4541 783 4586 noo
811 4523 958 4587 tiotebttat
989 4520 1137 4602 anplius,
1165 4523 1194 4583 et
1245 4520 1484 4596 benefioiorum,
1504 4539 1588 4601 quea
1605 4528 1757 4601 poterant
1774 4520 1908 4604 sperari.
1944 4522 1989 4586 lut
2008 4521 2070 4587 hoo
2085 4523 2221 4586 solenne

217 4627 278 4674 aon
294 4608 463 4690 potebant,
486 4612 513 4671 et
533 4627 595 4672 noo
616 4607 762 4690 deficient,
785 4607 862 4673 dicit
883 4606 1030 4672 Iobooob.
1245 4613 1295 4670 est
1316 4604 1466 4670 omnibus
1486 4603 1662 4687 prophetis,
1693 4607 1820 4688 quoties
1842 4606 1960 4672 volunt
1988 4627 2080 4690 spem
2102 4608 2220 4671 salutis

1245 4691 1350 4756 fauere
1387 4688 1522 4773 populo,
1567 4689 1726 4756 adduoere
1769 4692 1806 4756 in
1849 4691 1994 4757 medium
2038 4691 2221 4758 adventum

302 4777 487 4845 Oonfirmat
504 4777 760 4860 promissionem,
781 4776 862 4859 quia
878 4778 1000 4844 soilioet
1017 4777 1083 4842 illis
1104 4774 1195 4841 dabit
1245 4775 1395 4841 Messias.
1450 4774 1536 4839 Nam
1580 4774 1615 4840 in
1653 4777 1725 4860 ipso
1767 4797 1896 4860 semper
1935 4779 2068 4844 fuerunt
2106 4796 2221 4844 omnes

219 4865 303 4931 fidos
326 4871 360 4929 et
382 4864 499 4946 probos
522 4871 681 4945 pastores,
710 4862 766 4945 qni
788 4883 910 4929 munus
937 4883 1034 4930 suum
1065 4861 1193 4944 obeant,
1245 4860 1309 4926 Dei
1337 4860 1568 4945 promissiones
1602 4860 1711 4927 Etiam
1745 4871 1780 4927 et
1811 4865 1929 4928 Amen.
1985 4863 2058 4928 Hoo
2086 4862 2221 4944 quidem

219 4949 497 5033 quemadmodum
529 4957 667 5035 oportet.
724 4947 839 5031 Neque
872 4950 961 5013 enim
991 4949 1071 5014 satis
1107 4956 1194 5013 esset
1245 4968 1332 5014 nono
1365 4947 1484 5012 elarius
1518 4958 1653 5030 apparet
1686 4948 1746 5013 sub
1776 4947 1958 5031 evangelio,
1992 4945 2049 5013 sed
2088 4958 2222 5031 patrum

218 5035 329 5101 reduci
352 5055 429 5100 oves
451 5035 485 5099 in
509 5056 584 5102 suas
611 5034 719 5102 oaulas
745 5034 810 5102 nisi
831 5047 1017 5116 pasuanaur.
1061 5032 1193 5099 Selinus
1245 5032 1326 5098 fides
1348 5052 1414 5097 non
1436 5032 1544 5114 potuit
1565 5032 1663 5116 plena
1688 5054 1767 5111 esse,
1800 5035 1864 5099 nisi
1891 5053 2007 5099 sensus
2037 5053 2113 5098 suos
2142 5033 2222 5098 diri·

218 5122 307 5187 enim
330 5120 452 5186 animal
475 5119 555 5186 illud
579 5142 650 5187 esse
679 5122 826 5185 fatuum:
859 5119 995 5201 ideoque
1024 5139 1105 5201 opus
1136 5119 1193 5182 hs·
1245 5126 1361 5201 gerent
1383 5118 1417 5184 in
1440 5118 1605 5184 Messiam.
1651 5117 1815 5200 Quoniam
1837 5119 1939 5202 igitur
1962 5139 2021 5183 neo
2043 5137 2134 5184 amor
2155 5119 2221 5185 Dei

219 5207 296 5273 ltere
325 5215 455 5289 pastore
489 5226 509 5269 a
542 5225 606 5288 quo
635 5216 778 5289 regatur.
832 5203 1005 5289 Signifioat
1035 5224 1113 5286 ergo
1142 5202 1195 5267 his
1246 5212 1354 5269 osrtus
1376 5225 1447 5270 esee
1469 5205 1576 5287 potuit
1600 5203 1676 5269 olim
1699 5207 1856 5288 patribus,
1884 5224 1946 5271 neo
1975 5213 2048 5270 rata
2077 5205 2219 5272 benevo-

219 5293 331 5358 verbis
353 5292 456 5376 Deus,
484 5303 651 5374 postquam
674 5311 810 5376 gregem
834 5310 930 5356 suum
959 5288 1129 5373 eollegerit
1158 5289 1193 5352 in
1246 5288 1365 5355 landae
1387 5299 1421 5356 et
1438 5292 1566 5372 paterni
1584 5288 1703 5356 favoris
1722 5291 1911 5356 testimonia
1929 5289 2052 5373 absque
2070 5289 2222 5357 Christo:

219 5378 314 5456 ovile,
342 5378 403 5444 sibi
425 5377 614 5444 oontinuam
641 5377 708 5442 l'ore
734 5378 806 5444 eius
830 5397 952 5457 auram,
982 5375 1059 5458 quia
1085 5383 1194 5458 pasto·
1248 5373 1326 5440 haee
1347 5375 1432 5441 ratio
1447 5385 1505 5458 est,
1529 5396 1587 5441 our
1602 5376 1779 5460 prophetae
1796 5376 1923 5442 soleant
1941 5385 2088 5444 statuere
2107 5375 2223 5444 Ohris·

1965 5477 2016 5532 26*
