5158 6124
351 463 414 527 «ici
1160 455 1547 524 Pessinouioitiis
2294 455 2358 521 452

352 670 427 716 cum
450 656 544 732 agat:
566 667 630 712 non
654 646 834 712 desinimus
856 667 931 713 cum
953 647 1023 729 ipsc
1044 646 1165 711 bellum
1196 663 1328 727 gerere:
1467 643 1680 726 Prosequitur
1692 641 1849 710 Ieremias
1867 643 2002 710 eandem
2015 647 2220 723 sententiam,
2241 665 2357 727 nempe

354 735 514 802 aientem
536 734 696 816 reprimat
724 742 758 796 ct
786 743 970 815 compescat
996 731 1088 797 illam
1110 739 1256 796 nostram
1279 731 1329 792 lii·
1383 726 1522 794 dandam
1546 749 1617 794 esse
1639 749 1789 812 operam,
1815 741 1853 794 nt
1882 731 2020 812 quisque
2042 728 2155 795 audiat
2178 730 2302 813 placide
2324 742 2357 796 at

354 820 543 897 solentiam,
577 820 687 884 statim
720 819 967 903 expostulamus
999 839 1074 883 cum
1108 819 1195 900 ipsc,
1236 815 1330 896 quasi
1382 826 1552 880 mansueto
1580 814 1690 879 animo
1721 815 1829 880 Deum
1869 815 2065 898 loquentem.
2116 815 2254 882 Dicebat
2285 816 2357 882 heri

354 916 443 973 esset
465 906 603 970 nimium
625 925 776 986 severus,
808 905 900 986 quasi
922 923 1030 969 sermo
1053 903 1124 968 sins
1146 920 1206 966 iios
1228 900 1330 964 offen·
1382 899 1606 982 quaerendum
1636 920 1707 966 esse
1740 920 1759 964 a
1793 901 1976 984 prophetie,
2015 901 2092 984 quid
2127 901 2280 986 loquutus
2314 903 2358 966 sit

356 994 457 1058 daret.
501 990 600 1057 Unde
623 990 785 1055 offensio?
807 1010 924 1072 nempe
946 1011 988 1054 eii
1010 989 1174 1054 obstinata
1196 985 1329 1051 malitia.
1382 983 1484 1060 Deus,
1512 985 1644 1068 etquid
1668 987 1887 1067 responderit:
1914 988 2031 1069 quibus
2054 987 2163 1052 verbis
2194 988 2359 1072 significat

357 1077 394 1146 Si
415 1078 515 1142 finam
538 1078 684 1142 lacerent
707 1075 853 1142 homines
876 1073 1046 1157 peccandi,
1075 1073 1238 1138 Dominus
1259 1091 1330 1136 mu·
1383 1071 1583 1136 afferendam
1606 1091 1677 1137 esse
1696 1069 1904 1149 docilitatem,
1928 1084 1965 1136 ιι
1982 1093 2090 1138 sermo
2102 1072 2164 1138 Dei
2187 1073 2273 1156 apud
2297 1093 2357 1138 nos

355 1171 442 1229 taret
464 1162 597 1248 stylum,
620 1173 654 1226 et
676 1163 763 1243 ipsos
784 1161 903 1225 leuiter
926 1161 1038 1243 aleret,
1062 1181 1099 1224 ac
1120 1158 1248 1222 foveret
1270 1155 1332 1220 sub
1382 1169 1415 1220 et
1437 1156 1532 1222 fidem
1555 1165 1589 1222 st
1611 1157 1821 1222 autoritatem
1845 1169 1878 1222 st
1902 1158 2042 1241 gratiam
2073 1158 2171 1225 simul
2201 1159 2357 1224 obtineat.

356 1250 418 1314 alis
451 1252 519 1313 suis
552 1247 643 1330 quasi
674 1246 789 1330 pullos.
835 1245 908 1311 Hoc
943 1266 1008 1310 non
1043 1245 1230 1327 patiuntur,
1265 1243 1331 1306 imo
1383 1241 1507 1307 lterum
1531 1244 1663 1323 repetit,
1695 1263 1805 1308 vocem
1833 1243 1925 1306 illam
1947 1245 2055 1310 oneris
2077 1263 2143 1309 nun
2164 1264 2258 1325 posse
2281 1245 2359 1308 lerri

355 1335 508 1400 reiiciunt
530 1339 692 1416 quantum
715 1342 861 1415 pessunt.
895 1330 985 1395 Hinc
1007 1331 1045 1394 lit
1067 1341 1105 1394 ut
1123 1329 1187 1393 Dei
1211 1347 1331 1391 nomen
1384 1328 1512 1392 aDeo:
1544 1347 1620 1391 nam
1644 1329 1715 1394 heri
1744 1331 1972 1410 exposuimus,
2001 1330 2114 1394 tritum
2144 1330 2243 1395 luisse
2272 1330 2359 1394 hunc

356 1419 565 1493 exhorreant,
588 1429 620 1483 et
641 1419 711 1482 eius
733 1437 926 1482 sermonem.
963 1415 1058 1496 Quae
1080 1425 1130 1480 est
1151 1415 1252 1498 igitur
1274 1433 1331 1476 ex·
1384 1433 1566 1478 sermonem
1600 1413 1750 1489 Iudaeis,
1788 1424 1824 1478 ut
1857 1415 1918 1480 sibi
1952 1427 2153 1498 opponerent
2186 1417 2359 1481 materiam

357 1507 483 1570 cusatio
505 1503 743 1588 querimoniae,
773 1503 830 1568 ubi
856 1501 971 1566 dicunt
993 1501 1102 1566 Deum
1133 1520 1204 1565 esso
1235 1498 1332 1562 nimis
1384 1497 1459 1576 odii,
1479 1498 1531 1562 vel
1551 1498 1682 1578 fastidii,
1702 1521 1743 1563 ne
1755 1499 2025 1581 amplexarentur
2037 1501 2153 1566 salutis
2165 1501 2357 1568 doctrinam.

356 1589 515 1676 rigidum,
550 1610 587 1654 ac
617 1589 644 1653 si
675 1589 746 1654 eius
780 1608 886 1653 sermo
918 1599 1004 1652 esset
1034 1585 1139 1652 onus?
1170 1584 1241 1650 Inio
1269 1585 1331 1665 ipsi
1385 1582 1480 1664 Quod
1491 1591 1601 1650 autem
1613 1595 1703 1650 vetat
1713 1604 1763 1651 eos
1775 1586 1934 1651 recordari
1945 1587 2058 1670 ιιινίι,
2072 1588 2263 1652 tantundem
2273 1586 2360 1651 valet

357 1687 437 1742 sunt
458 1675 631 1760 praefracti
654 1673 813 1740 adversus
835 1673 960 1752 Deum,
989 1682 1022 1736 et
1044 1692 1151 1738 sermo
1173 1671 1243 1734 eius
1266 1669 1333 1734 illis
1385 1689 1421 1734 uc
1444 1673 1471 1734 si
1495 1669 1647 1747 dixisset,
1676 1670 1726 1734 Ns
1749 1671 1891 1752 amplius
1914 1671 1994 1739 haec
2016 1671 2168 1754 loquendi
2190 1673 2295 1738 lorma
2317 1673 2360 1735 sit

357 1763 499 1827 vertitur
521 1763 554 1827 in
578 1760 744 1838 malleum,
767 1759 822 1842 qui
840 1760 1027 1842 confringat
1048 1759 1194 1841 ipserum
1216 1757 1331 1838 capitu,
1384 1756 1419 1818 in
1450 1775 1512 1821 usu
1543 1756 1630 1838 apud
1660 1776 1730 1821 vos.
1782 1756 1902 1821 Postea
1932 1757 2099 1840 adiungit,
2134 1757 2221 1824 Nam
2249 1759 2361 1840 mique

356 1857 392 1914 et
412 1848 501 1931 ipsos
524 1845 689 1929 disperdat
718 1865 756 1910 uc
778 1845 921 1926 dissipet.
967 1846 1063 1909 Nunc
1097 1854 1246 1908 tenemus
1275 1863 1334 1907 cur
1384 1861 1485 1906 samo
1504 1861 1583 1906 ιιιι
1611 1842 1672 1906 erit
1700 1861 1795 1908 onae:
1826 1842 1943 1924 quibus
1977 1845 2088 1908 verbis
2121 1843 2300 1928 significat,
2330 1843 2360 1906 si

357 1955 422 1999 non
445 1943 573 1998 tantum
597 1931 788 2014 pronuntiet
810 1930 902 1995 Deus
930 1952 966 1995 se
992 1930 1150 1994 infestum
1181 1927 1249 1992 lore
1272 1929 1331 1991 im·
1385 1927 1462 2009 quid
1492 1928 1535 1992 sit
1565 1929 1714 1993 acerbum
1741 1927 1776 1991 iii
1806 1928 2001 2010 prophetiis,
2032 1929 2163 1995 aliunde
2190 1949 2277 2003 esse,
2304 1928 2360 1992 vel

356 2019 421 2101 piis
444 2019 510 2083 illis
533 2016 811 2100 contemptoribus
835 2017 927 2080 verbi
949 2017 1016 2088 sui,
1048 2015 1106 2081 scd
1137 2014 1234 2079 etiam
1258 2014 1332 2076 vin·
1385 2012 1592 2078 accidentale.
1648 2013 1732 2076 Nam
1774 2011 1866 2079 Deus
1906 2014 1988 2079 nihil
2026 2016 2115 2080 aliud
2154 2015 2361 2100 propositum

357 2104 479 2170 dictum
503 2101 640 2168 eandem
663 2101 832 2166 denuntiet
854 2122 967 2166 eorum
989 2101 1139 2183 posteris.
1388 2099 1493 2174 habet,
1523 2098 1600 2162 dum
1624 2097 1801 2180 alloquitur
1831 2099 1994 2179 homines,
2024 2102 2087 2166 nisi
2117 2111 2155 2166 ut
2183 2122 2238 2166 eos
2269 2108 2360 2164 vocet

1386 2184 1425 2250 ad
1445 2185 1594 2249 salutem.
1639 2183 1716 2266 Ipse
1746 2185 1849 2268 igitur
1877 2205 1985 2251 sermo
2005 2185 2070 2251 Dei
2100 2207 2159 2270 per
2188 2208 2224 2252 se
2249 2186 2362 2251 suavis

444 2273 495 2337 35.
521 2271 575 2338 Sic
595 2274 706 2340 dicetis
728 2273 859 2354 quaeqae
881 2273 924 2338 ud
944 2273 1062 2337 sociam
1078 2291 1179 2349 ιιιιι,
1202 2275 1229 2334 et
1249 2271 1334 2352 qais·
1386 2291 1457 2336 essa
1479 2270 1574 2336 nobis
1596 2269 1700 2335 debet.
1735 2269 1832 2336 Unde
1854 2270 1956 2354 igitur
1978 2275 2031 2337 vel
2055 2272 2283 2346 amarulentis,
2306 2271 2361 2336 vel

360 2377 420 2440 qne
448 2359 491 2423 ed
517 2359 651 2440 frabent
676 2379 786 2438 ιιιιιι,
820 2358 904 2440 Quid
931 2357 1091 2438 respoudit
1115 2355 1279 2422 chovub?
1309 2360 1336 2420 et
1387 2355 1520 2422 odium?
1553 2377 1670 2438 nempe
1693 2377 1733 2419 ex
1757 2357 1826 2421 ecla
1849 2356 2017 2423 hominum
2041 2358 2217 2442 pravitate:
2248 2377 2362 2440 quem·

359 2444 438 2524 qaid
460 2444 605 2526 muretus
627 2450 672 2509 est
694 2443 856 2510 Ieliovali?
1387 2443 1562 2507 admodum
1593 2441 1621 2507 si
1644 2441 1716 2524 quis
1746 2455 1900 2525 aegrotus
1922 2445 2020 2508 etiam
2049 2445 2076 2508 si
2099 2456 2251 2511 vescatur
2273 2440 2363 2508 salu·

1388 2526 1537 2593 berrimis
1566 2528 1663 2604 cibis,
1693 2534 1867 2593 vertentur
1895 2529 1930 2592 iii
1961 2550 2119 2607 varicum,
2157 2531 2233 2613 quia
2263 2548 2363 2595 cauea

447 2613 513 2679 Hic
534 2613 656 2680 elarius
678 2635 714 2679 ae
736 2614 879 2696 explicat
901 2612 1075 2697 propheta:
1104 2612 1248 2678 ostendit
1277 2633 1336 2678 cur
1386 2613 1465 2678 muli
1487 2614 1522 2677 in
1544 2613 1615 2696 ipso
1637 2623 1705 2677 est:
1727 2612 1775 2679 sic
1796 2613 1896 2677 etiam
1915 2634 1935 2677 a
1951 2613 2052 2698 uobis,
2076 2627 2109 2680 et
2130 2616 2227 2698 culpa
2250 2621 2364 2680 nostra

363 2698 446 2764 nolit
468 2700 560 2766 Dens
585 2702 695 2766 vocari
726 2720 910 2766 sermonem
940 2718 1036 2766 suum
1065 2718 1157 2764 onus.
1201 2697 1336 2778 Quare?
1388 2699 1540 2781 provenit
1561 2698 1647 2781 quod
1670 2718 1777 2764 sermo
1798 2698 1862 2762 Dei
1886 2712 2020 2765 vocatur
2046 2721 2138 2766 unus.
2184 2699 2363 2766 (laetarum

361 2785 599 2868 quodammodo
621 2787 709 2851 enim
732 2786 794 2850 sibi
807 2786 1019 2851 obstruebant
1035 2785 1170 2864 aditum,
1193 2805 1235 2848 ne
1258 2783 1335 2866 quid
1388 2785 1550 2867 propheta
1570 2783 1762 2865 simpliciter
1783 2782 1844 2849 hoc
1866 2785 1977 2864 voluit,
2001 2805 2066 2851 non
2082 2807 2154 2852 esee
2171 2809 2231 2852 cur
2247 2783 2364 2850 ludaei

361 2872 555 2954 proficerent
575 2873 610 2936 iu
632 2892 783 2938 sermone
805 2870 884 2946 Dei,
916 2891 1017 2953 quum
1038 2891 1109 2935 sese
1138 2881 1337 2952 occuparent
1389 2879 1570 2952 querantur
1591 2889 1711 2952 graves
1739 2867 1801 2934 sibi
1832 2889 1903 2936 esse
1932 2871 2139 2956 prophetias,
2171 2883 2204 2938 et
2232 2892 2300 2938 sem
2325 2891 2364 2936 ei·

362 2967 394 3022 at
416 2957 545 3022 fastidio
567 2967 600 3021 et
620 2957 703 3022 odio.
749 2958 834 3023 Nam
857 2977 978 3021 nomen
1001 2957 1109 3021 ιιιτίι
1141 2962 1211 3019 erat
1241 2954 1335 3037 quasi
1389 2956 1506 3020 afferre
1529 2953 1651 3037 aliquid
1673 2954 1854 3034 molestiae,
1882 2957 2035 3038 quoniam
2058 2958 2150 3023 Deus
2172 2959 2282 3042 cupiat
2303 2893 2362 3022 bo·

361 3042 576 3122 obstaculum,
604 3064 646 3108 ne
667 3043 786 3108 darent
806 3061 970 3108 accessum
995 3040 1076 3119 Deo,
1106 3061 1148 3106 ne
1170 3043 1336 3124 aperirent
1388 3043 1494 3106 mines
1527 3040 1645 3106 biunde
1678 3040 1798 3122 alloqui
1831 3050 1864 3105 et
1898 3043 2101 3123 humaniter,
2136 3044 2192 3109 sed
2225 3052 2364 3128 cogatur

362 3147 459 3192 aures
486 3127 527 3192 ad
556 3127 757 3193 audiendum
788 3128 857 3192 eius
889 3146 1085 3193 sermonem.
1133 3126 1227 3193 Deus
1258 3147 1336 3210 ergo
1388 3147 1502 3193 eorum
1531 3127 1655 3190 malitis
1682 3127 1830 3208 asperius
1857 3147 1929 3192 cum
1959 3128 2039 3211 ipsis
2059 3150 2175 3214 agere.
2221 3130 2363 3194 Videtur

363 3212 454 3276 iubet
483 3212 571 3294 ipsos
601 3215 714 3278 venire
744 3213 855 3277 vacuis
884 3222 918 3278 et
946 3213 1039 3296 puris
1071 3211 1199 3278 animis.
1249 3212 1335 3277 Nam
1388 3222 1498 3278 tamen
1521 3212 1680 3295 propheta
1708 3212 1806 3277 ctiam
1835 3210 1966 3296 longius
1996 3215 2161 3299 progredi,
2192 3237 2230 3283 ac
2260 3215 2289 3282 si
2316 3214 2365 3279 di·

364 3297 446 3362 haec
466 3309 516 3362 est
534 3317 612 3363 veru
630 3296 888 3381 praeparatioad
907 3297 1117 3376 docilitatem,
1140 3296 1196 3361 ubi
1213 3297 1338 3364 scilicet
1388 3310 1492 3378 cerat,
1524 3296 1686 3378 Quamvis
1713 3307 1841 3364 cessent
1866 3300 2075 3383 prophetiae,
2104 3308 2216 3367 ιιιιιι
2245 3320 2364 3366 ιιιιι-

364 3384 590 3482 cognoscimus
630 3383 730 3449 verbo
763 3381 827 3447 Dei
867 3382 964 3448 fidem
1003 3382 1210 3447 tribuendam
1249 3403 1334 3448 esec:
1387 3403 1548 3467 quemque
1570 3381 1631 3450 sibi
1650 3383 1717 3448 lore
1736 3383 1938 3465 prophetam,
1961 3387 2036 3469 qnia
2051 3408 2153 3469 quum
2171 3388 2365 3469 obstrepant

364 3468 497 3548 deiude,
532 3468 588 3533 ubi
620 3488 688 3534 non
721 3489 834 3535 suimus
867 3469 1013 3551 occupati
1046 3467 1155 3548 aliquo
1185 3489 1337 3550 perverso
1388 3469 1473 3549 Deo,
1496 3477 1531 3534 et
1553 3489 1618 3534 non
1642 3468 1769 3551 possint
1791 3470 1876 3534 farre
1898 3473 1970 3534 eins
1992 3471 2166 3552 iudicium,
2197 3487 2364 3553 utcunque

362 3554 492 3632 affectu,
523 3553 579 3637 qui
601 3555 836 3638 praeiudicium
859 3553 952 3619 nobis
973 3554 1097 3630 afferat,
1127 3563 1160 3618 et
1181 3550 1337 3637 quodam·
1387 3554 1506 3620 sileant
1535 3574 1647 3619 cinnas
1676 3553 1740 3620 Dei
1770 3555 1928 3636 ministri,
1958 3559 2038 3623 satis
2068 3567 2178 3624 tamen
2209 3557 2364 3626 condem·

363 3639 459 3704 modo
482 3661 542 3705 nos
563 3641 776 3724 substringat,
807 3661 849 3704 ne
871 3640 974 3705 simus
996 3639 1090 3704 liberi
1113 3639 1154 3704 ed
1176 3647 1263 3704 recte
1285 3641 1337 3704 iu·
1388 3639 1532 3705 nationis
1554 3658 1665 3704 secum
1688 3641 1773 3704 ferre
1796 3642 1851 3721 qui
1870 3642 1992 3706 audent
2013 3644 2062 3709 ita
2078 3644 2237 3710 adversus
2254 3645 2365 3708 Deum

364 3724 550 3790 dicandum.
603 3724 742 3792 Summa
770 3726 871 3807 igitur
900 3725 964 3792 huc
991 3724 1112 3801 tendit,
1146 3733 1184 3789 ut
1221 3724 1336 3790 Iudaei
1387 3727 1568 3808 insurgere.
1630 3725 1727 3790 Nunc
1766 3735 1915 3792 tenemus
1956 3728 2136 3812 prophetae
2180 3728 2364 3796 consilium.

257 3815 259 3821 '
364 3809 474 3874 valere
496 3811 592 3876 iussis
614 3811 826 3893 blasphemiis
848 3818 1121 3893 sesecomparant
1140 3809 1181 3875 ad
1200 3811 1335 3876 verbum
1389 3811 1461 3877 Nea
1483 3809 1726 3876 recordabimini
1748 3831 1826 3893 ergo
1848 3811 1987 3894 captiuae
2008 3815 2114 3882 caete
2135 3813 2278 3892 Iebouce,
2300 3812 2366 3880 hcc

364 3897 429 3960 Dei
449 3901 641 3961 reverenter
662 3896 875 3974 audiendum,
905 3899 1060 3978 quoniam
1082 3896 1207 3962 scilicet
1228 3896 1336 3961 danda
1387 3903 1446 3976 est,
1479 3917 1546 3961 ιιι
1570 3897 1755 3962 versabitur
1783 3915 1835 3960 ιιι
1859 3897 1924 3963 lius
1951 3900 2040 3964 iuter
2067 3921 2125 3966 voe
2155 3899 2364 3984 proverbium

363 3989 413 4046 est
434 3981 506 4046 Deo
528 3982 711 4047 audientiae
737 3980 853 4048 deinde
875 3982 966 4063 puris
989 3981 1108 4047 animis
1129 3982 1177 4047 ita
1199 3982 1334 4046 audisn·
1386 3982 1468 4048 illud
1500 3983 1663 4059 odiosum,
1697 3990 1731 4047 et
1764 3918 1858 4064 quod
1884 3993 1994 4050 notam
2023 3986 2165 4068 aliquem
2196 3985 2364 4052 dedecoris

361 4068 423 4132 dus
446 4067 588 4132 estsine
611 4087 734 4140 sei-mc,
769 4067 885 4134 nevel
913 4066 1070 4144 taedium,
1099 4067 1150 4132 vel
1173 4068 1334 4150 superbia,
1387 4069 1492 4134 inurit
1513 4067 1613 4134 verbo
1636 4067 1710 4132 Dei.
1745 4067 1860 4133 Cesset
1881 4070 1983 4153 igitur
2006 4071 2087 4137 baec
2108 4091 2265 4154 perversa
2286 4091 2365 4136 con-

360 4153 413 4218 vel
435 4153 562 4230 odium,
591 4152 644 4219 vel
668 4153 830 4236 quispiam
851 4172 973 4235 pravus
1002 4152 1138 4217 affectus
1166 4151 1334 4236 impediat,
1386 4154 1536 4220 suetudo.
1582 4152 1667 4218 Nam
1690 4152 1810 4236 alioqui
1838 4155 2006 4238 ιιιίιιιιιι
2033 4161 2169 4224 vestram
2196 4177 2277 4224 ocae
2304 4157 2367 4221 erit

361 4239 539 4321 quominus
561 4237 698 4303 verbum
720 4237 866 4303 obtineat
883 4239 982 4303 fidem
1001 4258 1104 4316 suam,
1127 4245 1160 4302 et
1182 4260 1334 4306 revereri·
1385 4259 1486 4305 emmo
1507 4257 1602 4304 saus:
1625 4240 1672 4306 ita
1694 4240 1826 4322 proprie
1841 4241 2045 4323 acciperetur
2067 4243 2227 4326 particula
2249 4261 2364 4310 causa·

360 4336 415 4390 tur
447 4323 600 4389 audiatur
629 4324 669 4388 ab
704 4324 865 4424 omnibus.
916 4323 990 4388 Hoc
1028 4324 1145 4422 igitur
1170 4323 1335 4424 signiticat
1386 4324 1436 4402 lis,
1455 4325 1542 4406 qnia
1580 4322 1647 4388 Sed
1669 4324 1845 4424 siplacsat
1860 4327 1999 4392 alterum
2018 4348 2150 4394 sensum
2174 4328 2276 4412 sequi,
2297 4347 2365 4392 non

360 4410 540 4559 qrophata,
571 4430 671 4492 quum
702 4409 798 4510 dicit,
831 4410 975 4510 l'osthac
998 4409 1164 4506 mutabitis
1197 4431 1333 4544 lmpmal
1387 4429 1544 4493 repugno,
1567 4410 1651 4510 quod
1674 4410 1797 4475 scilicet
1819 4409 1960 4510 debeant
1984 4413 2169 4515 expendere
2191 4435 2251 4480 cur
2269 4413 2363 4513 Dens

359 4496 672 4663 tltttttttt
695 4493 1153 4663 tilttttatttttttt
1172 4493 1334 4663 {illibi
1386 4506 1695 4665 {llellllllll
1715 4501 2176 4652 ttitttirttstltt
2190 4509 2363 4668 dtis

359 4669 494 4767 ianuam
516 4665 687 4766 claudant,
719 4667 782 4766 ssd¹
805 4664 906 4731 libere
936 4668 1091 4767 accedant
1119 4664 1334 4766 aduechol'am
1385 4667 1477 4732 illam
1500 4666 1721 4766 dulcedinem,
1752 4686 1817 4749 qua
1845 4677 1980 4749 paratus
2010 4683 2096 4772 esset
2119 4672 2185 4751 nti,
2215 4669 2363 4738 simodo

360 4753 684 4923 dimittitis
712 4751 1337 4903 little?tittdttttttlt
1386 4751 1730 4904 ti‘ttfftttiltt
1750 4752 2241 4924 trististristis·
2257 4756 2363 4908 itti

361 4923 514 5025 amplecti
541 4923 613 5023 eius
643 4922 802 5024 verbum,
834 4933 872 4986 ut
895 4933 1088 5022 'terrcantur
1112 4922 1186 5022 'eius
1210 4923 1335 5023 ’minist
1387 4925 1454 4990 cari
1476 4924 1584 5023 minas
1607 4931 1641 4988 et
1663 4936 1822 5022 terreres:
1846 4924 2122 5026 hinc-concipitur
2143 4937 2177 5030 at
2198 4936 2363 5009 contemp

362 5008 479 5075 deinde
502 5009 773 5093 promissionibus
795 5007 903 5074 allecti
926 5027 962 5072 se
985 5019 1068 5074 totos
1091 5029 1122 5074 ei
1143 5007 1306 5074 addicunt.
1388 5009 1809 5177 bhlbdtchlullbnbolbbllbs
1824 5009 2015 5178 tbiorbbdadc
2037 5013 2164 5166 132qu
2167 5033 2363 5166 rngqnqorx

410 5265 416 5276 ¹
447 5180 499 5244 36.
518 5179 563 5243 Ει
579 5179 833 5280 oqeieleliovue
848 5197 911 5246 coit
928 5177 1169 5244 recordabimini
1185 5179 1336 5278 cupitae,
1389 5201 1457 5280 suo.
1498 5179 1582 5246 Nam
1603 5181 1638 5280 si·
1654 5181 1753 5281 finem
1775 5181 1921 5281 lacerent
1943 5184 2094 5252 hemines
2116 5185 2285 5286 paeqandi,
2307 5184 2363 5249 de·

360 5285 551 5417 dms
562 5268 1251 5433 titttwtttt‘ttttt?
1272 5285 1334 5330 ⁸⁶*
1388 5267 2363 5443 tttttttffit‘ttttttttulit?,rituti
