5038 6118
385 452 404 516 ι
502 533 512 552 .
1186 446 1572 516 sumuuemeune
2356 447 2375 512 ι

384 660 451 706 nen
474 645 581 721 potest
604 637 675 704 fieri
696 645 735 702 nt
756 656 816 702 uos
837 655 983 720 uuquam
1006 638 1183 722 poeniteat.
1217 636 1358 704 Neessse
1411 637 1539 722 populo.
1585 635 1660 702 Illie
1681 642 1792 700 autem
1815 632 1919 699 Isaiae
1941 632 2120 699 deteriores
2140 632 2220 700 laoit
2239 632 2376 702 Iudaeos

386 726 488 809 igitur
510 732 561 789 est
583 742 849 805 unumquemque
871 721 932 789 sihi
954 743 1026 789 esse
1047 729 1242 803 exaotorem,
1264 733 1302 788 nt
1323 745 1358 788 ιι
1409 723 1512 790 bobus
1533 731 1568 787 st
1589 721 1708 802 asinis,
1738 719 1890 803 quoniam
1913 719 1956 784 sit
1977 717 2099 802 aliquid
2121 719 2228 787 simile
2256 740 2376 786 memo·

387 811 428 876 sd
451 809 611 876 eeleulum
635 819 738 884 voest,
760 817 793 874 et
815 807 1049 890 quodammodo
1065 810 1142 875 nitet
1157 809 1198 874 ed
1213 807 1357 875 tribunal
1409 809 1476 874 riae
1498 809 1531 873 in
1553 808 1620 874 illis
1642 806 1747 874 brutis
1775 805 1986 882 animalibus,
2017 813 2054 870 ut
2082 805 2256 872 observent
2284 827 2376 872 soum

386 895 459 961 Dei.
503 893 665 960 Videmus
696 914 774 978 ergo
806 914 975 977 nunqnam
1007 893 1157 960 hemines
1189 915 1284 978 posse
1316 895 1358 960 ad
1409 893 1574 960 stabulum
1596 903 1629 960 et
1651 913 1815 976 praesepe.
1858 891 1912 956 Ita
1933 911 2021 956 nouo
2043 889 2199 956 Ieremias
2227 891 2267 957 de
2295 892 2375 958 oioo-

387 981 620 1066 poeuiteutism
642 978 776 1056 addoni,
806 979 870 1044 nisi
890 980 947 1045 nbi
969 979 1030 1045 sibi
1052 990 1128 1045 ante
1150 978 1261 1047 oeulos
1283 999 1357 1064 pro·
1410 980 1473 1045 uiis
1495 979 1642 1062 loquens,
1672 977 1766 1056 Eece,
1795 977 1921 1060 inquit,
1951 975 2071 1042 ιιιιιιι
2091 978 2241 1060 merserat
2260 982 2377 1059 tempas

386 1074 512 1151 ponunt
540 1065 628 1130 mele
658 1085 731 1143 sua,
764 1074 802 1130 ut
832 1063 893 1130 sibi
927 1065 1084 1148 pudorem
1114 1065 1291 1143 inentiaut,
1325 1076 1358 1132 et
1410 1085 1469 1147 quo
1490 1065 1628 1150 migrare
1650 1063 1756 1128 dehent
1777 1061 1816 1128 ob
1844 1083 1910 1128 uno
1939 1061 2063 1145 rapiens
2089 1063 2125 1126 ιι
2151 1061 2267 1128 aliem:
2297 1063 2376 1128 iden

387 1152 481 1236 qnasi
503 1172 579 1218 oum
603 1160 726 1216 terrore
747 1171 782 1215 se
796 1151 885 1233 ipsos
900 1150 1105 1235 interrogent
1118 1151 1198 1234 qnid
1213 1152 1358 1219 [essunt.
1409 1153 1503 1217 dions
1534 1151 1696 1217 ιιιιιιιαιι
1727 1149 1912 1214 hirundines
1951 1153 1980 1212 et
2008 1167 2111 1231 praee.
2166 1147 2253 1214 Nam
2285 1150 2376 1216 statis

386 1237 472 1304 Nam
495 1237 577 1303 haee
598 1236 813 1321 interrogatio
838 1235 969 1320 signem
999 1248 1048 1301 est
1077 1237 1357 1304 neusternetionis.
1410 1237 1610 1320 temporibus
1633 1235 1713 1301 enni
1727 1235 1867 1299 ealorem
1882 1241 2006 1316 petent,
2029 1234 2091 1299 hee
2109 1241 2168 1312 ιιι,
2191 1233 2377 1317 relinquunt

386 1322 518 1390 Seimns
547 1321 705 1404 plurimos
736 1321 957 1405 perlnnotorie
984 1341 1160 1406 agnosoere
1192 1344 1252 1389 sna
1284 1344 1358 1407 peo-
1410 1322 1546 1406 frigidas
1567 1323 1717 1405 regiones
1743 1330 1782 1385 ut
1807 1319 1937 1404 hyemis
1965 1319 2191 1401 intemperiem
2220 1319 2377 1404 effugiant

388 1416 476 1474 eata:
509 1407 566 1474 sed
589 1407 651 1473 hoe
673 1407 826 1473 frivolum
849 1415 916 1485 est,
944 1408 1021 1490 quia
1049 1419 1164 1490 postea
1193 1411 1359 1475 evausseit
1409 1408 1524 1472 inille
1550 1426 1698 1474 ιιιιιιιιι
1732 1415 1846 1489 postea
1874 1405 2022 1470 sentiunt
2051 1424 2113 1486 quo
2143 1414 2289 1486 tempore
2316 1405 2375 1470 sibi

385 1495 468 1560 haee
495 1493 634 1577 segnitie
664 1493 735 1558 sine
764 1494 884 1558 fruetu.
927 1493 1017 1578 Ergo
1043 1493 1130 1558 seria
1158 1495 1358 1577 poenitentia
1409 1492 1612 1558 redeundum
1633 1493 1685 1558 sit.
1718 1492 1806 1576 Ergo
1827 1511 1928 1573 quum
1951 1509 2029 1555 aves
2050 1490 2084 1554 in
2108 1510 2182 1554 aare
2202 1491 2377 1556 observant

386 1580 568 1646 ueeesserio
590 1578 652 1646 hoe
674 1577 822 1661 requirit,
847 1587 884 1642 ut
904 1588 1053 1661 pseestor
1067 1599 1132 1644 nou
1149 1589 1278 1645 tentum
1295 1579 1358 1646 sibi
1409 1598 1470 1644 sue
1492 1587 1639 1661 tempora
1661 1576 1838 1656 volitando,
1860 1577 1916 1659 qui
1938 1577 1976 1640 fit
1996 1587 2033 1640 ut
2049 1575 2188 1658 popalus
2208 1597 2296 1642 masa
2316 1595 2376 1641 eon

388 1664 567 1748 displiceat,
590 1686 656 1731 uon
679 1673 806 1729 ιιιιιιιιιι
829 1661 992 1746 pudefiat:
1015 1663 1072 1730 ssd
1088 1665 1186 1730 etiam
1202 1664 1358 1748 quedam·
1409 1664 1752 1732 centesimarum
1773 1661 1861 1728 Dei?
1884 1660 1999 1745 iuquit.
2032 1659 2145 1742 Quum
2163 1682 2283 1726 nomeu
2304 1682 2375 1727 eoe-

385 1751 483 1816 modo
504 1759 634 1833 stupeat
655 1748 697 1814 ad
719 1769 780 1814 sua
802 1749 892 1828 vitia,
918 1771 995 1814 nam
1017 1748 1079 1817 hoe
1100 1750 1162 1816 eibi
1183 1751 1256 1818 vult
1278 1751 1358 1816 haee
1409 1750 1515 1816 lorum
1538 1751 1644 1834 ponit,
1674 1748 1762 1814 haud
1785 1747 1881 1813 dubie
1903 1745 2021 1812 alludit
2042 1745 2084 1812 ad
2105 1747 2299 1813 eontinnum
2322 1769 2376 1814 vo·

385 1837 570 1920 inquisitio,
605 1835 687 1917 Quid
707 1834 794 1918 feei?
816 1835 962 1900 eontinet
983 1835 1070 1900 euim
1094 1836 1356 1904 admonitionem.
1408 1835 1512 1901 latum
1535 1835 1655 1901 avium.
1690 1836 1782 1900 Aves
1803 1830 1885 1898 nihil
1907 1834 1974 1899 fere
1996 1830 2120 1897 habent
2141 1833 2278 1914 quietis:
2301 1854 2376 1900 nam

386 1922 482 1988 Nune
504 1927 655 1987 tenemus
676 1920 756 2003 quid
778 1919 912 1985 valeant
928 1921 1106 2005 prophetae
1122 1921 1232 1988 verba.
1267 1922 1358 1989 Dieit
1409 1929 1566 2005 perpetuo
1589 1918 1776 1986 disoursaut
1797 1940 1855 2002 per
1876 1938 1995 1984 aerem.
2026 1918 2116 2002 Ergo
2131 1938 2232 2001 quum
2248 1931 2375 1984 tantum

385 2028 420 2074 se
443 2027 510 2072 non
533 2016 654 2073 temere
676 2005 917 2089 reprehendere
937 2007 1105 2090 populum,
1134 2007 1191 2073 sed
1212 2009 1289 2092 qnia
1308 2019 1357 2073 te·
1408 2008 1452 2072 sit
1472 2005 1668 2090 prudentiae
1688 2006 1723 2071 iu
1753 2005 1884 2087 avibus,
1917 2025 1999 2086 quas
2027 2013 2138 2068 tamen
2167 2023 2223 2070 aer
2252 2003 2316 2071 hue
2343 2019 2376 2068 et

386 2094 451 2159 lem
473 2091 690 2176 pervioaoism
712 2093 746 2156 in
769 2091 841 2174 ipso
862 2092 1069 2175 cognoverit,
1099 2097 1133 2158 at
1160 2113 1248 2158 asmo
1274 2095 1358 2176 qaod
1408 2093 1486 2158 illue
1508 2092 1703 2167 oireomiert,
1737 2091 1793 2174 qui
1817 2092 1853 2155 fit
1875 2101 1911 2154 ut
1932 2089 2079 2172 populus,
2109 2089 2165 2173 qui
2195 2089 2321 2155 habitat
2342 2091 2374 2154 in

385 2183 502 2244 restam
532 2183 578 2244 eat
609 2177 770 2260 loquatur,
809 2197 904 2242 nemo
937 2187 1091 2262 tangatur
1123 2179 1356 2262 resipisoeutis,
1409 2177 1585 2260 tranquillo
1608 2177 1785 2255 demioilio,
1817 2176 1872 2260 qui
1894 2196 1952 2257 per
1973 2174 2077 2240 etium
2099 2185 2207 2258 potest
2226 2175 2376 2240 meditari

385 2264 537 2347 queniam
560 2283 627 2328 nen
649 2271 803 2344 reputent
825 2263 938 2345 quales
960 2263 1092 2346 fueriut,
1120 2285 1226 2347 neque
1252 2267 1355 2331 vitam
1409 2265 1513 2348 legem
1535 2262 1618 2341 Dei,
1648 2273 1685 2327 ut
1707 2262 1845 2346 populus
1868 2261 1920 2326 hio
1944 2260 2026 2326 nihil
2048 2259 2234 2346 intelligat?
2278 2260 2376 2325 Vide·

383 2370 477 2415 suam
500 2347 541 2414 ed
563 2349 722 2414 rationem
746 2348 799 2412 exi
823 2358 899 2428 unt,
929 2348 986 2414 sed
1014 2350 1122 2415 seenri
1150 2349 1356 2416 indormiunt
1407 2369 1481 2414 mne
1503 2369 1581 2433 ergo
1599 2369 1670 2414 esse
1694 2347 1979 2432 amplificationem
2003 2347 2036 2411 in
2056 2346 2204 2410 veeeilla
2217 2345 2375 2423 ιοιιοιιιιιι,

382 2437 450 2501 ιιιι
482 2433 668 2501 eoeleribus.
723 2369 873 2498 Enniam
911 2435 1107 2499 sententiam
1148 2437 1357 2518 prosequitur
1408 2455 1491 2517 quae
1513 2456 1580 2500 nou
1601 2435 1664 2498 init
1685 2443 1814 2499 notata:
1852 2442 2019 2497 ettamen
2049 2445 2159 2515 posset
2188 2433 2375 2516 serupulnm

382 2541 484 2603 quum
508 2519 595 2600 dieit,
617 2537 722 2585 omnes
743 2519 876 2584 meet
898 2519 941 2586 od
962 2537 1074 2586 tarsae
1094 2539 1179 2603 suos,
1211 2521 1355 2603 honest,
1407 2520 1543 2586 iniieere
1564 2518 1747 2586 leetorihus.
1792 2518 1877 2584 Nam
1900 2519 1936 2582 iu
1964 2518 2052 2584 eoelo
2081 2539 2149 2582 neu
2178 2520 2297 2583 mirum
2326 2529 2376 2582 est

382 2604 425 2671 ad
446 2605 640 2688 eupiditates
662 2623 748 2671 sues.
779 2603 907 2669 Verum
929 2624 990 2687 per
1011 2625 1129 2672 nomen
1152 2624 1266 2672 eurem
1281 2628 1354 2690 pro·
1407 2608 1434 2670 si
1466 2626 1542 2672 aves
1579 2603 1652 2688 plus
1683 2604 1827 2671 habeant
1855 2603 2088 2686 perspieaeiae:
2127 2606 2259 2687 propius
2288 2603 2375 2669 euim

382 2689 482 2775 pheta
514 2690 674 2756 violentos
713 2690 857 2772 impetus
895 2689 1060 2775 designet:
1103 2693 1193 2774 quasi
1234 2690 1355 2758 dieeret
1407 2690 1565 2757 assedent
1597 2690 1639 2756 ad
1670 2691 1771 2756 solem
1806 2697 1840 2755 et
1872 2689 1913 2754 ad
1944 2690 2140 2754 elementum
2167 2689 2263 2774 ignis.
2308 2687 2375 2754 Sed

382 2776 483 2842 luisse
504 2775 644 2842 Iudaeos
666 2777 714 2841 ita
735 2774 929 2858 praecipites
951 2777 986 2840 in
1013 2776 1081 2841 suis
1112 2775 1353 2862 cupiditatibus,
1407 2774 1494 2842 alind
1513 2797 1647 2860 prorsus
1665 2775 1771 2842 voluit
1792 2775 1959 2859 propheta,
1982 2794 2100 2856 nempe
2122 2795 2221 2857 quum
2245 2775 2376 2840 assidua

383 2871 420 2928 ιι
442 2861 679 2944 quodammodo
701 2860 895 2926 festinanter
916 2867 1104 2927 eurrereut:
1133 2873 1165 2928 et
1186 2876 1354 2946 eomparat
1405 2860 1629 2946 inquietudine
1644 2861 1792 2926 laborent
1808 2881 1895 2938 eves,
1918 2870 2027 2924 tamen
2048 2859 2201 2943 colligere
2221 2860 2309 2943 apud
2330 2881 2375 2938 se,

383 2967 439 3012 eos
465 2948 557 3031 equis
587 2946 758 3013 ruentibus
787 2946 829 3011 ad
858 2945 1026 3030 proelium.
1072 2945 1201 3014 semus
1230 2959 1353 3032 quauta
1406 2948 1570 3032 quodnam
1584 2949 1628 3012 sit
1643 2961 1771 3030 tempus
1786 2946 1938 3012 idoneum
1954 2947 2006 3011 vel
2025 2945 2124 3011 eundi
2139 2946 2192 3010 vel
2208 2945 2375 3012 redeundi.

384 3035 427 3098 sit
448 3033 604 3098 violentia
625 3033 660 3096 in
683 3032 784 3115 equis,
806 3030 862 3097 ubi
884 3034 931 3097 ita
952 3032 1049 3099 aeleri
1077 3055 1173 3100 eursu
1197 3033 1237 3101 ad
1259 3055 1353 3117 proe-
1405 3031 1494 3100 Hine
1516 3054 1594 3116 ergo
1616 3032 1722 3117 magis
1745 3039 1964 3117 exaggeratur
1989 3030 2099 3114 populi
2128 3031 2287 3110 smerdis,
2320 3033 2375 3114 qui

383 3116 464 3183 lium
500 3118 672 3184 festinant:
714 3116 869 3182 videntur
900 3118 988 3184 enim
1021 3118 1145 3199 volare,
1179 3132 1212 3187 ιι
1245 3141 1354 3187 aerem
1406 3118 1483 3184 dum
1506 3119 1598 3184 sedet
1620 3140 1685 3182 non
1709 3128 1816 3201 potest
1839 3129 1947 3183 tamen
1970 3115 2154 3200 expendere
2177 3116 2264 3182 demi
2285 3126 2320 3182 et
2341 3118 2374 3182 iu

384 3201 551 3286 soiudere‚
585 3211 618 3267 ιι
647 3211 768 3268 terram
798 3203 972 3268 ooufodere
993 3205 1060 3269 suis
1083 3205 1258 3288 unguibus.
1301 3207 1354 3273 Ita
1405 3207 1470 3271 otio
1492 3204 1577 3288 qnod
1600 3204 1692 3269 Deus
1713 3204 1875 3287 proponit.
1918 3203 1964 3267 Et
1985 3201 2146 3287 partieula
2166 3215 2215 3286 nt,
2240 3202 2375 3286 emphs·
2472 3228 2475 3236 ¹

384 3298 523 3472 ιιι
539 3285 1060 3472 ιιιιιιιιιιιιι
1082 3288 1355 3458 littere
1406 3295 1690 3459 testate.
1704 3287 2377 3460 ete..¹ett..t⁰t.ttetet

384 3480 450 3525 nou
472 3467 671 3550 manassent
693 3459 866 3543 impetuosi
888 3479 985 3542 quam
1008 3459 1082 3543 eqni
1109 3459 1276 3541 militares,
1299 3464 1353 3529 ubi
1407 3471 1536 3546 tempus
1557 3460 1675 3526 suum?
1703 3460 1843 3542 poprdae
1863 3465 1966 3526 auam
1988 3478 2088 3534 metas,
2115 3469 2176 3526 eto.
2220 3459 2295 3524 Non
2317 3459 2376 3525 du·

384 3545 523 3611 immissi
546 3553 623 3612 sunt
645 3544 686 3610 ad
708 3544 878 3628 proelium.
922 3544 995 3610 Iam
1016 3546 1172 3629 seqnitur,
1406 3544 1497 3611 bium
1530 3555 1580 3612 est
1607 3547 1684 3628 quin
1712 3545 1870 3629 propbeta
1898 3545 1960 3612 sub
1986 3544 2047 3610 hoe
2073 3544 2251 3612 bonerifioo
2280 3545 2375 3611 titulo

1406 3632 1524 3699 elarius
1547 3632 1710 3714 exprimet
1724 3631 1887 3715 flagitium
1901 3630 2010 3716 gentis
2025 3649 2112 3696 snae.
2146 3630 2241 3709 Nam,
2263 3651 2376 3713 qoem·

471 3716 500 3782 7.
524 3714 635 3782 hlium
654 3715 775 3782 ιιιοιιιι
796 3715 832 3780 in
853 3715 943 3782 nodis
961 3717 1112 3802 wytteseit
1129 3722 1268 3800 termera
1283 3738 1355 3798 sao,
1406 3716 1580 3784 admodum
1602 3737 1708 3800 nuper
1730 3717 1814 3797 dixi,
1846 3737 1911 3782 non
1941 3717 2056 3782 suisset
2087 3714 2167 3781 adeo
2193 3717 2276 3781 mira
2297 3716 2374 3782 talis

385 3807 413 3868 st
432 3807 549 3886 taeter,
569 3807 598 3867 ιι
618 3801 754 3868 limando
774 3800 843 3885 (alii
863 3811 998 3868 vertunt
1020 3802 1141 3884 pinam:
1164 3802 1221 3870 sed
1236 3825 1353 3870 nemen
1405 3803 1543 3870 ιιιιιιιι
1563 3802 1600 3867 iu
1622 3800 1767 3885 prolenis
1789 3803 1957 3886 gentibus:
1983 3801 2041 3866 sed
2062 3800 2217 3882 quonism
2236 3801 2375 3885 populus

385 3887 572 3953 hirundinis
589 3894 640 3953 est
655 3888 772 3971 aptius,
794 3885 1066 3968 quemadmodem
1081 3889 1193 3955 stetim
1208 3890 1353 3975 patebit),
1404 3889 1461 3955 ille
1490 3907 1581 3954 saeer
1610 3909 1647 3954 ao
1676 3887 1850 3970 peeulinris
1877 3897 1949 3953 erat
1970 3887 2059 3965 Dee,
2089 3884 2150 3950 hoo
2183 3888 2245 3952 fuit
2278 3889 2374 3972 lenge

385 3979 413 4040 et
442 3992 537 4057 praes
567 3972 727 4039 observem
757 3977 877 4053 teram
907 3973 1047 4040 etms:
1083 3976 1220 4060 populas
1252 3980 1354 4042 annm
1405 3974 1531 4041 foedius
1553 3983 1757 4058 portentum,
1791 3972 1876 4057 quod
1898 3994 1965 4039 uon
1987 3972 2183 4056 agnoverint
2205 3993 2302 4038 suum
2323 3975 2373 4039 in·

384 4078 472 4125 mette
491 4077 554 4126 non
574 4059 722 4143 ωφιιιιιι
742 4057 896 4124 iodim
917 4057 1057 4126 ledones.
1239 4108 1241 4116 ι
1405 4061 1535 4126 dieium.
1578 4059 1664 4125 Aliis
1685 4060 1793 4126 verbis
1814 4057 1990 4143 exprobrat
2011 4057 2200 4125 Pharisaeis
2221 4057 2374 4125 Christus

1403 4145 1513 4232 (Mete.
1538 4146 1587 4222 16,
1611 4145 1641 4210 2.
1662 4145 1706 4225 3),
1734 4145 1819 4229 quod
1849 4166 1914 4209 non
1944 4146 2059 4210 attenti
2083 4144 2204 4209 fuerint
2225 4143 2267 4209 ad
2289 4153 2372 4208 tem·

469 4229 537 4296 Hie
557 4249 671 4294 rursus
692 4227 869 4311 exprobrat
889 4228 1047 4297 Ieremias
1075 4231 1194 4315 popule
1225 4239 1353 4318 turpem
1404 4252 1466 4315 pus
1489 4232 1686 4296 visitationis
1708 4251 1796 4297 snae.
1839 4229 1929 4296 Dioit
1951 4231 2055 4313 euim,
2087 4229 2155 4294 Vos
2177 4229 2288 4296 soletis
2309 4230 2373 4295 oel-

384 4313 579 4394 eeeordiem,
612 4313 699 4398 quod
723 4314 847 4381 seilieet
868 4315 977 4382 miuus
1004 4317 1109 4399 sapiat
1137 4337 1235 4400 quam
1263 4338 1352 4398 aves,
1404 4318 1507 4402 ligere
1540 4317 1645 4398 qualis
1673 4318 1784 4381 futura
1812 4317 1855 4381 sit
1882 4316 1962 4380 oeeli
1989 4317 2086 4382 lanies
2112 4315 2148 4380 iu
2176 4315 2370 4380 erastinum:

407 4421 467 4466 eae
489 4411 597 4466 tamen
619 4401 748 4466 ratione
771 4409 805 4466 st
826 4399 1045 4486 intelligentie
1067 4423 1134 4468 non
1162 4413 1240 4470 sont
1260 4424 1353 4489 prse-
1404 4402 1531 4487 quiesi
1553 4421 1688 4486 vespere
1710 4401 1834 4467 eoelum
1858 4400 1961 4478 rubet,
1984 4400 2100 4479 dieitis,
2124 4420 2197 4467 eras
2218 4421 2371 4466 serenum

420 4501 480 4552 tae.
524 4485 617 4551 Dieit
637 4506 715 4570 ergo
738 4484 878 4551 Iudaeos
900 4488 1006 4572 magis
1029 4487 1134 4554 latues
1163 4510 1353 4573 essequam
1405 4489 1482 4564 erit,
1515 4495 1549 4553 ιι
1569 4488 1698 4553 habetis
1719 4488 1818 4552 etiam
1840 4486 1935 4570 sigua
1956 4487 2084 4552 futurae
2112 4498 2145 4551 et
2171 4487 2371 4570 propinquae

384 4592 483 4656 grues
504 4581 539 4637 ιι
560 4571 755 4637 hirundines
776 4580 811 4636 et
840 4571 989 4640 oioouias.
1033 4572 1109 4638 Non
1139 4573 1273 4640 dubium
1302 4584 1354 4642 est
1404 4571 1550 4657 pluviae:
1584 4572 1663 4652 Vos,
1692 4572 1809 4656 iuquit,
1838 4572 1916 4637 estis
1937 4571 2077 4656 praediti
2099 4570 2178 4637 satis
2203 4575 2299 4638 sonte
2320 4573 2370 4636 iu·

384 4659 464 4741 quin
486 4656 710 4724 vulneraverit
731 4656 887 4740 populum
913 4657 975 4724 hae
1003 4666 1071 4724 tam
1098 4679 1213 4725 severa
1243 4660 1352 4726 obiur·
1405 4659 1487 4724 dioio
1508 4659 1542 4723 in
1566 4658 1664 4724 rebus
1685 4657 1848 4735 externis,
1881 4678 1962 4740 quae
1992 4659 2177 4723 eondueont
2204 4657 2247 4721 ad
2276 4677 2371 4723 usum

384 4745 531 4828 gerione:
564 4741 620 4808 sed
642 4743 787 4826 oportuit
811 4752 1050 4827 oentempteres
1071 4744 1136 4810 Dei
1163 4746 1208 4810 its
1236 4747 1354 4812 aeriter
1404 4746 1583 4828 praesentis
1605 4746 1710 4809 vitae:
1739 4763 1805 4808 nen
1828 4753 1936 4809 sutem
1958 4743 2153 4828 eognoseitis
2175 4743 2371 4808 visitationis

384 4829 489 4913 alfioi,
521 4828 599 4911 quia
620 4849 661 4894 ex
683 4826 791 4893 verbis
814 4829 893 4894 satis
915 4837 1040 4895 constat
1069 4844 1267 4916 quantopere
1295 4833 1353 4898 ob·
1404 4840 1531 4896 vestrae
1554 4841 1693 4912 tempus,
1715 4839 1749 4894 et
1770 4830 1896 4894 interea
1917 4829 2011 4913 signe
2033 4827 2206 4912 quaeritist
2229 4829 2320 4910 atqui
2342 4828 2371 4892 ιι

384 4912 573 4980 duruisseut
604 4913 639 4978 in
672 4914 740 4979 suis
773 4913 960 4981 seeleribus.
1005 4914 1079 4980 Nou
1109 4917 1229 4982 mirum
1252 4918 1353 5002 igitur
1404 4915 1518 4982 essetis
1551 4916 1687 4992 attenti,
1725 4915 1816 4980 Dens
1849 4915 1927 4980 satis
1958 4914 2046 4980 olere
2077 4923 2111 4980 et
2143 4915 2236 4998 quasi
2269 4913 2372 4998 digito

383 5011 434 5065 est
466 5000 551 5083 quod
585 4998 746 5083 propbeta
778 4999 919 5064 affirmat
951 5000 1056 5086 megia
1094 5023 1164 5069 esse
1196 5003 1353 5086 insipidos
1405 5008 1602 5067 monstraret
1624 5000 1716 5066 vobis
1738 5000 1804 5066 iam
1833 5001 1956 5065 instare
1983 5009 2114 5084 tempus
2143 4997 2225 5064 illnd
2253 4998 2371 5065 libera·

383 5103 480 5168 quam
512 5105 612 5170 grues
644 5093 677 5150 et
709 5083 915 5150 hirundines:
950 5085 1222 5169 quemadmodum
1249 5088 1353 5155 Isaiae
1404 5087 1521 5169 ιιοιιιι,
1554 5084 1638 5170 quod
1666 5087 1790 5170 fingitis
1818 5107 1876 5151 vos
1906 5093 2067 5168 expetere.
2117 5083 2183 5150 Sed
2214 5084 2372 5167 propheta

383 5170 522 5236 similem
545 5171 719 5236 amentiam
742 5168 808 5235 illis
830 5171 1015 5254 exprobret,
1036 5192 1139 5256 quum
1161 5173 1239 5241 disit
1260 5173 1303 5260 (1,
1318 5174 1353 5261 3)
1403 5172 1551 5257 asperius
1572 5172 1709 5257 castigat
1731 5171 1885 5248 ludaeos,
1912 5190 2015 5252 quum
2034 5172 2113 5237 dieit
2134 5170 2208 5253 plus
2230 5190 2301 5236 esse
2322 5169 2371 5235 is·

382 5253 500 5321 bovem
522 5275 715 5339 eognosoere
743 5277 898 5339 praesepe
927 5278 1037 5336 suum,
1070 5268 1102 5322 et
1127 5260 1255 5327 asinum
1284 5269 1352 5326 sta·
1405 5259 1531 5325 tuitatis
1552 5257 1606 5324 vel
1629 5258 1791 5324 amentiae
1813 5257 1848 5320 iu
1870 5256 1966 5339 ipsis,
1995 5276 2094 5340 qoam
2123 5259 2167 5322 ιιι
2188 5257 2221 5321 iu
2245 5256 2370 5322 avibus.

382 5339 494 5408 bulum
525 5340 647 5408 domini
676 5343 743 5408 sui:
775 5341 884 5408 Deum
918 5352 1024 5409 eutem
1059 5363 1122 5410 neu
1156 5347 1352 5430 eogneseia
1405 5344 1494 5412 Dieit
1524 5349 1627 5410 nutem
1658 5364 1708 5409 eos
1741 5361 1806 5408 noa
1837 5361 2012 5427 repensam
2044 5343 2198 5410 inditione
2228 5340 2369 5419 Domini,
