5134 6124
373 415 437 482 223
1178 407 1562 475 Pnaunuoulouus
2310 406 2373 472 224

368 624 429 670 nee
451 601 636 683 consumpti
665 599 805 666 fuerint:
838 599 915 682 quia
947 600 996 662 ire
1030 597 1099 662 eius
1133 618 1269 665 accensa
1302 596 1345 661 sit
1397 597 1461 661 imo
1484 597 1551 661 iere
1574 595 1817 662 contraxissent
1835 593 1965 673 callum,
1988 595 2035 659 ita
2055 604 2091 659 ut
2106 594 2218 661 nullus
2234 605 2372 660 restaret

367 697 502 772 propter
516 685 714 753 obstinatam
729 704 842 750 corum
860 684 1028 749 malitiam.
1062 680 1218 766 Oportuit
1233 689 1344 748 autem
1397 695 1503 747 metus
1527 680 1600 758 Dei,
1624 679 1715 746 nulla
1737 679 1924 746 reverentia
1942 680 2117 747 doctrinae.
2162 680 2273 761 Quum
2296 701 2371 764 ergo

369 772 582 840 haecomnia
611 771 676 838 illis
705 769 858 856 praedici,
887 781 924 834 ut
951 769 1073 836 scirent
1103 790 1138 836 se
1166 769 1253 834 iusta
1282 766 1346 831 Dei
1396 768 1555 850 propheta
1587 765 1723 849 indigne
1756 765 1860 830 ferret
1898 772 2023 831 tantam
2056 766 2169 850 populi
2202 765 2370 841 malitiam,

369 859 517 925 vindicta
550 856 657 942 plecti,
689 877 789 939 quum
819 856 939 921 devicti
970 858 1081 920 essent
1109 852 1343 922 aGheldaeis:
1396 852 1468 918 ideo
1491 872 1625 919 necesse
1647 852 1708 917 tuit
1730 852 1777 916 ita
1800 851 2014 916 tumultuarie
2037 853 2147 934 ipsum
2167 851 2267 934 loqui.
2313 849 2371 917 Se·

369 965 445 1010 nam
469 947 640 1026 putassent
662 940 725 1009 hoc
748 941 870 1007 fectum
893 940 996 1006 fuisse
1018 939 1162 1019 fortuito,
1191 938 1344 1022 quemad·
1397 937 1540 1006 cundum
1562 938 1649 1003 hano
1670 937 1832 1002 rationem
1856 957 1943 1002 nuno
1965 937 2052 1017 dicit,
2084 937 2134 1004 Tu
2163 939 2255 1017 nosti,
2284 937 2372 1002 Iebo-

369 1028 501 1096 modum
524 1028 636 1093 dicunt
655 1026 786 1108 profani
806 1024 964 1102 homines,
986 1025 1129 1091 incertos
1151 1045 1222 1092 esse
1245 1024 1344 1090 bello·
1396 1024 1466 1103 aab,
1486 1023 1610 1106 inquit:
1634 1043 1708 1106 erpo
1729 1023 1894 1088 recordare
1914 1023 1985 1102 mci,
2008 1029 2035 1088 et
2052 1024 2149 1088 visito
2166 1043 2224 1104 ose,
2246 1028 2275 1088 ot
2295 1023 2370 1088 ulci-

370 1135 444 1182 rum
460 1123 605 1192 eventus,
624 1113 766 1178 Martem
778 1133 848 1178 esse
863 1130 1067 1178 communem
1075 1111 1114 1198 ¹):
1132 1111 1180 1177 sic
1194 1108 1345 1176 reiiciunt
1397 1130 1479 1175 scere
1499 1129 1548 1174 me
1569 1110 1607 1175 oe
1628 1110 1768 1175 inimicia
1789 1107 1876 1173 maie.
1919 1107 2059 1174 Videtur
2081 1117 2190 1174 tamen
2215 1107 2373 1192 propheta

371 1201 405 1266 in
436 1201 603 1265 fortunam
632 1197 791 1281 quidquid
824 1197 986 1262 divinitus
1016 1196 1143 1263 accidit.
1193 1197 1284 1279 Ergo
1311 1203 1347 1259 ut
1398 1196 1451 1260 hic
1473 1194 1579 1278 magis
1601 1194 1837 1260 excandescere
1865 1213 1964 1276 quam
1993 1192 2126 1260 debeat:
2157 1215 2236 1259 nam
2264 1195 2371 1260 omnis

372 1286 494 1352 scirent
525 1282 638 1351 Iudaei
666 1305 700 1348 se
729 1284 830 1366 affligi
853 1283 916 1347 Dei
950 1301 1060 1361 manu,
1093 1291 1126 1348 ct
1158 1283 1245 1347 iusta
1277 1281 1347 1346 eius
1399 1281 1561 1347 vindictae
1594 1278 1757 1363 cupiditas
1790 1278 1897 1345 alienu
1929 1300 2002 1345 esse
2024 1279 2120 1346 debet
2147 1280 2266 1345 aflliis
2298 1278 2371 1344 Dei.

372 1371 527 1448 vindicta,
550 1376 706 1435 testatum
731 1369 791 1434 hoc
818 1368 884 1434 illis
911 1368 1074 1450 oportuit:
1103 1374 1136 1434 et
1157 1366 1229 1432 ideo
1258 1387 1347 1430 nunc
1399 1366 1464 1447 Qui
1487 1367 1525 1431 ιιι
1551 1365 1652 1450 igitur
1681 1375 1719 1430 ut
1748 1365 1908 1448 propheta
1936 1386 2024 1432 nune
2053 1373 2146 1431 tanto
2177 1365 2286 1430 dolore
2315 1385 2372 1430 ex·

373 1456 413 1522 de
442 1453 619 1522 Chaldaeis
646 1454 807 1537 loquitur,
837 1473 926 1518 nuno
956 1461 1065 1517 cutem
1096 1451 1136 1518 dc
1166 1454 1236 1535 ipso
1263 1451 1346 1531 Deo,
1399 1451 1509 1517 ardeat
1531 1460 1646 1517 contra
1667 1450 1824 1535 populum
1854 1460 1891 1515 ut
1913 1450 2091 1516 vindictam
2119 1449 2271 1534 expetat?
2306 1448 2373 1517 Sed

374 1543 464 1608 cuius
486 1542 706 1606 instrumenta
728 1547 823 1605 erant
844 1538 1017 1604 Ohaidaei:
1050 1539 1203 1621 quoniam
1228 1536 1346 1619 dirige·
1400 1537 1477 1604 alibi
1507 1536 1649 1603 diximus
1679 1534 1865 1621 prophetas,
1894 1556 1995 1619 quum
2024 1537 2116 1602 exuti
2146 1545 2255 1602 essent
2284 1537 2373 1600 omni

371 1628 494 1693 bantur
515 1625 585 1692 eius
612 1647 722 1692 manu.
769 1625 864 1690 Dixit
879 1633 965 1704 ente,
988 1625 1043 1689 An
1058 1635 1206 1690 conteret
1223 1625 1346 1689 farrum
1399 1624 1507 1689 carnis
1525 1623 1654 1700 affectu,
1676 1623 1822 1704 potuisse
1842 1621 1958 1687 merito
1974 1620 2153 1688 vindictam
2170 1621 2210 1686 de
2228 1620 2373 1704 reprobis

371 1714 494 1779 ferrum
517 1712 558 1777 ab
580 1710 757 1794 aquilone?
781 1710 842 1776 hoc
864 1709 1075 1792 exposuimus
1097 1709 1138 1774 dc
1155 1706 1347 1775 Ohaldaeis:
1399 1717 1560 1792 expetere.
1612 1707 1698 1773 Nam
1728 1705 1930 1790 distinguere
1966 1715 2095 1790 oportet
2121 1709 2210 1772 inter
2239 1707 2373 1772 affectus

372 1819 458 1864 nunc
488 1804 599 1862 autem
629 1796 670 1862 ad
692 1795 802 1862 Deum
830 1797 937 1879 ipsum
967 1794 1134 1874 transfert,
1166 1795 1224 1877 qui
1252 1802 1348 1858 autor
1400 1793 1546 1878 publicos
1568 1804 1601 1858 et
1623 1795 1776 1876 privatos,
1803 1792 1921 1858 deinde
1944 1793 2030 1859 inter
2059 1793 2227 1877 passiones
2256 1792 2372 1868 carnis,

371 1884 435 1948 fuit
456 1882 566 1948 illatae
589 1881 699 1960 cledis,
728 1882 883 1965 quoniam
904 1879 986 1946 nihil
1018 1889 1168 1964 poterant
1190 1877 1347 1945 (ihaldaei
1399 1901 1482 1963 quae
1505 1899 1673 1962 nunquam
1697 1879 1830 1944 modum
1853 1889 1995 1957 servant,
2015 1886 2049 1944 et
2070 1880 2157 1944 inter
2179 1878 2284 1944 uelum
2307 1878 2373 1960 spi·

373 1968 437 2036 nisi
459 1969 529 2033 cius
558 1965 657 2032 ductu
686 1975 719 2032 et
746 1967 899 2050 impulsu.
944 1964 1035 2031 Dicit
1064 1966 1167 2050 igitur
1196 1965 1349 2030 Transire
1399 1967 1492 2030 ritus.
1537 1963 1673 2032 Gertum
1697 1975 1757 2042 est,
1789 1963 1981 2047 prophetam
2011 1985 2076 2030 non
2099 1963 2253 2031 habuisse
2275 1963 2373 2029 ratio·

373 2074 424 2120 eoa
443 2053 565 2136 socium
587 2053 630 2120 od
657 2052 779 2136 boetem,
810 2071 919 2133 neapo
948 2052 984 2116 iu
1013 2056 1138 2135 terrum,
1166 2072 1261 2134 quum
1288 2070 1349 2116 uon
1400 2071 1477 2116 nem
1499 2051 1562 2129 sui,
1584 2070 1686 2133 quum
1708 2051 1755 2115 ita
1779 2049 1934 2132 loquutus
1952 2058 2018 2116 est:
2041 2049 2098 2115 sed
2117 2071 2182 2114 non
2201 2049 2375 2127 sufficeret,

373 2143 551 2222 opuoaouut.
596 2139 641 2204 Et
662 2139 745 2204 ratio
767 2157 850 2221 quae
873 2137 1019 2220 sequitur
1042 2137 1151 2203 valere
1173 2137 1286 2203 debuit
1307 2136 1348 2200 ad
1401 2137 1512 2202 relicto
1535 2147 1568 2202 et
1589 2139 1707 2201 omisso
1729 2135 1783 2200 sui
1804 2144 1956 2218 respectu
1978 2141 2108 2200 tantum
2127 2156 2224 2219 agere
2243 2154 2375 2202 causam

375 2223 625 2307 compescendas
660 2243 773 2290 omnes
809 2223 1040 2306 querimonias.
1095 2221 1227 2289 Scimus
1260 2221 1347 2287 enim
1401 2222 1473 2288 Dei.
1506 2220 1593 2288 Nem
1616 2220 1743 2304 obrepit
1760 2220 1859 2286 ctiam
1874 2241 1970 2304 saepo
1993 2220 2253 2287 inconsideratus
2275 2221 2374 2298 aelus,

300 2353 303 2358 ·
375 2329 474 2392 quam
496 2308 674 2392 obstreperi
693 2309 815 2374 inerint
837 2306 966 2374 Iudaei:
994 2329 1071 2374 nam
1093 2308 1231 2374 subinde
1253 2328 1349 2374 aocu·
1400 2316 1436 2373 ιιι
1458 2316 1608 2393 optemus
1630 2326 1744 2373 omnes
1777 2304 1932 2389 perditos,
1967 2307 2022 2391 qui
2044 2308 2138 2373 nobis
2161 2328 2228 2372 non
2249 2305 2375 2372 satisfa-

374 2393 493 2461 sabaut
515 2395 622 2459 Deum
646 2393 812 2477 saevitiae,
835 2393 1107 2477 quemadmodum
1123 2415 1167 2460 ex
1185 2393 1257 2458 aliis
1279 2393 1349 2475 plu·
1400 2394 1504 2460 ciunt:
1534 2403 1567 2458 et
1589 2392 1663 2458 talis
1685 2392 1749 2458 fuit
1777 2393 1989 2475 intemperies
2011 2393 2045 2456 in
2068 2392 2245 2474 discipulis,
2274 2411 2375 2474 quum

375 2480 466 2547 ribus
488 2479 568 2545 locis
589 2487 689 2562 putet.
735 2480 900 2563 Propheta
922 2480 1023 2563 igitur
1045 2489 1082 2544 ut
1104 2479 1179 2545 illos
1200 2477 1350 2545 cohibeat
1401 2479 1556 2559 dicerent,
1580 2478 1731 2555 Domine,
1754 2477 1838 2558 iube,
1867 2485 1905 2543 ut
1927 2477 2103 2544 descendat
2125 2478 2252 2561 ignire
2275 2476 2373 2555 coelo,

375 2565 453 2630 dicit
474 2566 575 2648 ιριιιιιι
596 2565 666 2631 irco
684 2563 749 2630 Dei
771 2585 836 2630 esee
857 2584 1026 2642 oooensum,
1049 2585 1156 2647 neque
1179 2584 1272 2646 posse
1295 2584 1350 2629 ex·
1401 2571 1435 2630 et
1456 2565 1528 2630 ilios
1550 2565 1701 2630 absumat
1716 2561 1990 2646 quemadmodum
2003 2564 2131 2630 iactum
2145 2572 2196 2629 cst
2210 2563 2251 2628 ab
2266 2562 2373 2627 Helia.

374 2650 508 2734 stingui,
539 2650 619 2732 quin
641 2649 755 2715 ardeat
776 2669 873 2732 super
896 2670 961 2732 eos,
991 2649 1024 2714 id
1047 2657 1106 2729 cst,
1135 2651 1265 2733 penitus
1293 2670 1349 2714 cos
1402 2651 1506 2733 Atqui
1527 2668 1594 2714 non
1617 2658 1746 2715 tantum
1769 2669 1853 2731 opus
1875 2655 1924 2714 est
1946 2649 2070 2715 moveri
2093 2649 2145 2732 pio
2167 2648 2296 2726 affectu,
2318 2647 2374 2713 sed

374 2743 557 2804 consumet.
608 2734 740 2801 Interea
774 2734 967 2818 perstringit
998 2734 1129 2800 illorum
1159 2735 1348 2802 obstinatio·
1402 2737 1503 2800 etiam
1525 2735 1702 2819 gubernari
1726 2745 1813 2800 recto
1839 2734 1982 2800 consilio.
2027 2734 2100 2800 Heu
2129 2734 2230 2817 igitur
2259 2753 2375 2798 secun·

375 2841 460 2899 nem,
483 2819 569 2904 quod
590 2820 715 2886 scilieet
733 2841 797 2886 non
815 2818 967 2886 dederint
985 2819 1090 2886 locum
1110 2820 1349 2886 miserirordiae
1403 2820 1479 2886 dum
1502 2821 1600 2884 etiam
1622 2820 1657 2884 in
1680 2819 1841 2903 propheta
1861 2820 1931 2900 fuit,
1960 2840 2078 2904 nempe
2102 2827 2225 2885 utnon
2247 2817 2376 2884 laxaret

374 2907 447 2985 Dei,
468 2926 568 2990 quum
590 2906 720 2989 saepius
738 2905 897 2972 admoniti
916 2905 1046 2971 suerint.
1085 2906 1245 2972 Poterant
1263 2906 1349 2970 enim
1403 2904 1547 2971 habenas
1569 2904 1637 2970 selo
1657 2925 1725 2982 suo.
1748 2905 1805 2971 sed
1828 2926 1903 2970 eum
1925 2904 2100 2972 subiiceret
2118 2905 2254 2988 spiritns
2271 2904 2377 2970 sancti

373 2991 480 3073 ipsum
512 2991 650 3074 placare,
683 2992 711 3056 ιι
739 3012 803 3075 qna
831 2991 947 3056 fuisset
974 2991 1010 3056 in
1040 2990 1107 3057 illis
1139 2991 1349 3074 poenitentia.
1402 2990 1641 3076 gubernationi.
1687 2989 1798 3070 Quum
1829 2999 1938 3056 autem
1968 2990 2048 3056 haec
2077 2990 2176 3057 simul
2203 2990 2377 3056 coniuncta

374 3076 465 3159 Ergo
480 3077 696 3158 pervicaciam
711 3076 843 3142 illorum
860 3075 914 3141 hio
931 3076 1092 3160 propheta
1107 3076 1250 3155 damnat,
1265 3075 1351 3160 quod
1402 3078 1478 3155 sint,
1512 3096 1630 3159 nempe
1662 3084 1772 3142 rectus
1805 3075 1895 3140 relus
1928 3075 2053 3142 secluso
2086 3077 2213 3159 privato
2246 3075 2376 3150 affectu,

375 3161 986 3245 coacervarintsibigraviusiudicium
999 3163 1349 3247 continuoprogrcssu.
1403 3161 1521 3227 deindo
1557 3162 1692 3243 spiritus
1728 3161 1923 3244 prudentiae
1959 3170 1992 3226 et
2025 3170 2151 3228 rectum
2183 3159 2376 3226 consilium:

375 3244 497 3312 Postea
518 3244 678 3329 adiungit,
1402 3247 1469 3314 illic
1499 3247 1676 3313 vindictam
1709 3266 1884 3328 exposcere
1917 3246 1993 3314 licet
2025 3246 2183 3313 adversus
2212 3245 2377 3329 reprobos,

1403 3331 1673 3416 quemadmodum
1700 3332 1859 3415 propheta
1887 3332 1974 3399 facit.
2018 3332 2151 3398 Interea
2181 3345 2289 3398 tamen
2316 3331 2378 3395 du·

461 3413 512 3481 15.
544 3415 594 3480 Tu
616 3416 705 3499 nosti,
739 3415 884 3494 Ieboooh,
913 3417 1076 3484 recordare
1105 3417 1174 3496 mei,
1202 3421 1230 3482 et
1255 3417 1351 3481 niodo
1403 3418 1491 3484 bium
1515 3439 1580 3483 non
1603 3427 1653 3483 cst
1675 3418 1753 3500 quin
1775 3417 1931 3484 misertus
1954 3417 2052 3483 fuerit
2073 3417 2203 3502 populi:
2226 3415 2283 3482 sed
2305 3425 2378 3482 erat

375 3521 432 3582 ose,
455 3505 484 3566 et
504 3500 650 3567 ιιιιιιινι
671 3521 719 3566 me
734 3523 755 3567 o
770 3503 1048 3585 persequutoribus
1062 3505 1150 3582 meis,
1172 3523 1210 3568 ue
1224 3503 1258 3566 in
1273 3520 1350 3582 pro
1403 3503 1641 3586 quodammodo
1663 3505 1787 3569 solutus
1816 3503 1906 3568 omni
1939 3503 2085 3568 hnmano
2115 3503 2244 3580 affectu,
2279 3508 2378 3583 atque

375 3587 537 3671 ropetioue
564 3585 631 3671 (vel
654 3588 886 3675 protractione)
908 3590 976 3655 irae
996 3593 1070 3655 tuce
1097 3588 1187 3654 tolles
1215 3607 1279 3654 me.-
1305 3605 1351 3652 oo-
1405 3598 1542 3654 exuerat
1564 3588 1721 3672 quidquid
1743 3608 1803 3653 nos
1824 3589 1994 3671 perturbat
2016 3596 2049 3654 ot
2070 3587 2202 3654 abducit
2224 3609 2243 3652 a
2265 3587 2379 3653 mode-

376 3692 485 3755 poosoe
500 3672 687 3738 pertinuisse
701 3692 748 3738 me
759 3671 805 3759 (id
817 3683 876 3753 est,
887 3675 972 3757 quod
985 3673 1212 3760 sustinuerim)
1225 3677 1352 3756 propter
1403 3678 1538 3741 ratione.
1584 3674 1749 3755 Quoniam
1783 3694 1862 3758 ergo
1892 3675 2052 3757 propheta
2082 3675 2130 3739 sic
2151 3683 2223 3738 erat
2249 3672 2379 3738 solutus

377 3757 637 3840 teopprobrium.
1403 3769 1436 3826 ct
1458 3761 1540 3827 liber
1572 3763 1613 3826 ab
1647 3760 1734 3824 omni
1768 3760 2023 3844 perturbatione,
2057 3779 2124 3824 non
2158 3758 2293 3824 dubium
2325 3765 2377 3823 est

1403 3848 1482 3930 quin
1504 3844 1651 3930 reprobis
1672 3846 1835 3929 optaverit
1863 3845 2014 3910 ultimum
2044 3844 2221 3910 indicium:
2250 3843 2378 3909 interea

464 3927 589 3993 Iterum
622 3928 781 4013 propheta
814 3947 848 3994 se
882 3928 922 3994 ad
957 3929 1066 3996 Deum
1099 3931 1280 4013 convertit,
1315 3937 1352 3994 ut
1403 3935 1431 4000 si
1459 3933 1514 4017 qui
1543 3936 1654 3998 essent
1683 3931 1855 4009 sanabiles,
1884 3931 1964 4014 quin
1992 3930 2133 3996 voluerit
2161 3951 2231 3996 esse
2258 3929 2378 4006 salvos,

379 4012 530 4080 ostendat
544 4033 579 4078 se
594 4014 679 4097 apud
695 4013 810 4082 surdos
826 4012 927 4079 verba
945 4017 1059 4080 faeere.
1094 4016 1185 4084 Haec
1201 4015 1351 4098 abruptio
1403 4026 1436 4084 et
1455 4039 1515 4100 pro
1542 4018 1623 4100 ipsis
1650 4017 1750 4082 etiam
1778 4016 1915 4083 sollicite
1945 4025 2097 4100 precatus
2127 4016 2180 4082 ιιι.
2225 4015 2379 4098 Denique

377 4101 411 4166 in
435 4098 614 4182 prophetae
636 4118 785 4166 sermone
802 4099 874 4185 plns
892 4100 996 4165 multo
1013 4099 1237 4168 vehementiae
1255 4100 1352 4166 habet
1404 4104 1529 4188 quoties
1563 4102 1741 4187 prophetae
1774 4109 1865 4167 tento
1895 4101 2010 4167 ardore
2041 4103 2205 4178 feruntur,
2235 4101 2380 4165 sciamus

378 4205 476 4336 gum
499 4184 527 4249 si
555 4204 620 4249 uuo
651 4193 763 4250 tenore
792 4193 1011 4268 prosequutus
1042 4195 1127 4250 esset
1156 4210 1215 4254 sua
1244 4187 1351 4252 verba.
1404 4189 1517 4272 plenos
1539 4209 1610 4254 esse
1631 4188 1749 4270 spiritu
1772 4187 1913 4253 Obristi:
1934 4194 1968 4254 et
1990 4207 2090 4270 quum
2112 4187 2159 4251 ita
2180 4186 2269 4269 pleni
2291 4193 2381 4264 sunt,

406 4269 648 4336 iconcionatns
670 4269 786 4336 fuisset
806 4271 932 4354 placide
948 4277 982 4336 ct
996 4271 1111 4337 ordine
1126 4272 1167 4338 ιιι
1185 4273 1352 4359 populum,
1404 4274 1545 4340 sciamus
1574 4295 1630 4340 eos
1652 4272 1792 4357 dirigere
1822 4281 1927 4338 totum
1958 4292 2055 4338 suum
2085 4271 2236 4337 ardorem
2265 4279 2381 4338 contra

379 4355 489 4420 miuus
519 4357 633 4420 efficax
663 4355 781 4421 suisset
810 4359 929 4438 oratio,
959 4378 1059 4441 quem
1087 4356 1164 4423 dum
1196 4357 1353 4442 populum
1405 4360 1567 4443 reprobos,
1590 4360 1636 4424 ita
1658 4367 1695 4423 ut
1717 4357 1871 4424 studeant
1893 4357 2049 4441 quidquid
2072 4357 2201 4424 salvum
2225 4377 2297 4422 esse
2318 4375 2380 4438 po·

404 4439 476 4505 uasi
515 4439 718 4507 stomachose
757 4440 933 4524 alloquitur
969 4453 1003 4508 et
1041 4463 1154 4509 severe
1193 4444 1352 4528 obiurgat.
1406 4455 1469 4512 test
1490 4445 1652 4530 colligere.
1697 4445 1742 4508 Et
1763 4442 1825 4509 hac
1852 4446 1979 4510 ratione
2008 4444 2106 4507 ctiam
2129 4441 2248 4522 David,
2277 4461 2381 4524 quum

414 4523 508 4591 einde
541 4525 654 4590 statim
688 4526 751 4590 ulio
785 4528 936 4609 vertitur,
972 4539 1006 4595 ct
1038 4529 1213 4612 compellat
1246 4531 1352 4612 ipsum
1405 4540 1471 4596 tam
1488 4529 1654 4597 ferventer
1668 4529 1869 4612 imprecatur
1887 4529 2023 4594 exitium
2044 4528 2193 4594 hortibus
2212 4527 2290 4605 suis,
2312 4547 2381 4591 non

378 4610 499 4690 Deum,
529 4610 716 4676 hominihus
738 4612 831 4695 quasi
854 4611 964 4679 valere
993 4615 1099 4681 iussis.
1149 4614 1201 4680 De
1228 4614 1289 4680 hac
1318 4634 1354 4678 re
1406 4615 1539 4682 dubium
1573 4625 1623 4681 est
1656 4616 1736 4697 quin
1768 4615 1929 4680 sustineat
1963 4613 2087 4679 Christi
2120 4633 2310 4696 personam,
2343 4623 2383 4676 ut

380 4696 458 4762 alibi
492 4693 612 4760 dictum
646 4696 721 4760 fuit:
761 4696 818 4762 sed
857 4698 975 4764 iterum
1015 4701 1173 4766 memoria
1205 4707 1353 4784 repetere
1405 4711 1476 4767 erat
1493 4701 1611 4783 plenus
1632 4701 1702 4765 cius
1730 4700 1857 4782 spiritu.
1906 4701 1997 4783 Ergo
2028 4707 2130 4764 totam
2159 4699 2251 4764 illum
2280 4698 2381 4763 veho-

380 4781 662 4866 operaepretium
693 4791 743 4846 ost
771 4781 857 4865 quod
884 4791 962 4849 ante
991 4785 1144 4852 vidimus.
1188 4787 1354 4852 Tenemus
1405 4787 1560 4852 mentium
1584 4785 1747 4851 convertit
1772 4785 1934 4850 etvibrat
1963 4791 2077 4851 contra
2105 4784 2268 4868 reprobos
2315 4783 2381 4850 Ubi

380 4888 467 4933 nunc
489 4865 665 4950 prophetae
685 4868 863 4948 consilium,
886 4889 945 4935 our
966 4871 1013 4935 ita
1034 4872 1172 4955 abrupte
1194 4893 1213 4937 ι
1236 4871 1352 4954 populo
1405 4880 1510 4938 autem
1534 4871 1595 4936 fuit
1616 4871 1724 4953 aliqua
1746 4891 1820 4954 spes
1837 4871 1961 4950 salutis,
1984 4869 2051 4934 illic
2068 4869 2167 4936 etiam
2185 4890 2245 4952 pro
2263 4869 2382 4952 spiritu

380 4951 422 5020 ad
442 4951 551 5017 Deum
582 4952 769 5032 transsiliat,
799 4962 831 5019 et
860 4975 975 5021 rursus
997 4975 1016 5019 a
1039 4956 1110 5022 Deo
1139 4963 1285 5024 transeat
1312 4955 1353 5020 ad
1406 4955 1668 5022 mensuetudinis
1695 4956 1801 5021 voluit
1824 4956 1934 5023 David
1964 4955 2121 5022 reducere
2151 4956 2187 5020 in
2209 4957 2298 5020 viam
2329 4975 2381 5020 sn-

380 5039 555 5120 popnlum,
588 5058 704 5123 nempe
737 5038 815 5122 quia
846 5038 981 5124 indigne
1013 5039 1139 5108 ferebat
1171 5063 1206 5108 se
1240 5040 1354 5106 ludere
1405 5043 1492 5124 lutis,
1511 5042 1566 5125 qui
1589 5043 1655 5106 iem
1677 5041 1782 5108 videri
1803 5051 1957 5124 poterant
1985 5042 2130 5123 periisse.
2175 5039 2273 5105 Nunc
2302 5060 2382 5123 ergo

380 5141 522 5206 oporam,
550 5143 651 5206 quum
674 5144 770 5190 aures
793 5125 860 5190 iere
882 5126 1028 5190 omnium
1051 5127 1199 5195 occlusae
1228 5133 1353 5195 essent:
1405 5145 1507 5210 quum
1537 5127 1616 5192 dicit
1643 5128 1816 5211 propheta:
1849 5128 1900 5192 Tu
1921 5128 2012 5208 costi,
2043 5127 2189 5206 Domino,
2218 5126 2384 5192 recordare

1405 5213 1474 5294 mei,
1508 5213 1650 5279 ιιιιιιιι
1671 5233 1729 5296 me,
1762 5217 1790 5278 ct
1817 5211 1963 5278 ιιιιιιινι
1991 5233 2040 5278 oro
2067 5213 2105 5277 oe
2131 5210 2385 5295 persecutoribus

468 5310 490 5378 ¹)
508 5310 602 5365 cicero
620 5311 654 5366 ad
672 5311 839 5383 Torquatum
857 5313 927 5382 app.
945 5312 964 5368 l.
982 5311 1025 5367 Vt.
1044 5311 1068 5364 4.
1405 5299 1495 5366 meis:
1525 5298 1613 5365 haud
1641 5298 1738 5365 dubie
1768 5307 2016 5380 persequutores
2046 5318 2112 5363 non
2142 5296 2303 5381 quoslibet
2330 5297 2381 5361 in·
