5118 6136
315 384 320 394 ’
370 433 433 500 603
1177 427 1563 496 Pauaaacuuouus
2314 431 2381 496 cot

370 622 527 688 divinitus
558 619 683 684 missos.
728 615 854 681 Verum
882 615 1013 697 quidem
1043 625 1111 695 est,
1141 615 1253 681 fideles
1285 617 1345 680 Dei
1399 631 1468 681 erat
1503 619 1720 700 incognitum,
1756 621 1820 683 imo
1855 619 2053 686 incredibile.
2099 621 2213 685 Potuit
2245 620 2377 702 quidem

371 729 484 775 servos
505 725 602 788 saepe
623 702 797 769 crudeliter
819 702 963 776 tractari,
993 703 1058 766 imo
1084 702 1182 766 etiam
1206 702 1345 766 interfici
1398 703 1544 766 accidere
1568 703 1600 766 id
1623 706 1772 786 captivis,
1796 719 1832 768 ιιι
1855 726 1912 768 rex
1937 706 2063 770 iuberet
2085 705 2159 771 illos
2177 706 2295 772 occidi:
2319 707 2377 771 sed

372 796 412 860 ab
435 793 560 875 impiis:
590 789 646 855 sed
670 788 735 854 alia
757 789 818 852 fuit
839 789 922 852 ratio
945 788 980 850 in
1004 786 1076 852 istis
1099 787 1235 852 duobus.
1281 787 1345 852 Nc·
1398 809 1465 852 non
1488 789 1595 872 potuit
1617 789 1677 854 hoo
1708 790 1822 855 cadere
1852 791 1913 857 sub
1943 811 2076 856 sensum
2111 792 2254 856 hominis
2288 813 2375 856 mor·

371 900 434 963 que
457 879 541 943 enim
565 874 708 940 convicti
731 875 865 939 fuerunt
890 872 1043 940 falsitatis
1069 874 1145 954 quia
1175 873 1347 938 infeliciter
1398 874 1472 938 talis
1505 875 1589 956 quod
1624 875 1767 940 affirmat
1796 875 1963 955 Ieremias,
1998 898 2114 959 nempe
2145 877 2185 942 de
2216 877 2376 952 frictione,

371 966 437 1031 illis
459 963 557 1032 cessit
581 960 801 1043 prophetasse,
831 959 888 1024 sed
911 959 996 1040 quie,
1019 980 1121 1040 quum
1144 960 1347 1040 praeferrent
1397 960 1478 1040 quod
1510 962 1545 1024 iu
1578 961 1648 1044 ipae
1679 961 1911 1027 astruebantur.
1966 961 2124 1028 Videmus
2158 985 2236 1047 ergo
2267 963 2376 1027 Deum

371 1051 464 1137 quasi
487 1049 654 1124 vexillum,
677 1056 710 1110 et
733 1045 877 1110 dicerent
900 1043 1053 1127 populum
1072 1044 1345 1109 moxrediturum
1399 1045 1452 1110 hic
1474 1066 1643 1110 occurrere
1673 1049 1835 1128 perversis
1865 1049 2015 1130 ingeniis,
2046 1061 2082 1112 ut
2112 1048 2203 1112 nulla
2232 1051 2377 1131 supersit

371 1137 578 1221 inpubium,
602 1131 950 1198 illiofueruntoocisi.
995 1130 1156 1194 Videmus
1179 1152 1258 1212 ergo
1280 1152 1347 1195 non
1400 1131 1635 1212 tergiversandi
1663 1133 1797 1209 occasio,
1829 1153 1929 1214 quum
1959 1135 2100 1216 speciem
2130 1136 2235 1216 ipsam
2260 1135 2377 1200 mortis

372 1237 494 1290 temere
517 1219 659 1304 praedici
683 1239 702 1284 a
724 1217 865 1284 Ieremia
887 1216 970 1298 quod
994 1216 1143 1281 futurum
1166 1227 1246 1299 erat,
1269 1237 1347 1299 quo·
1400 1217 1559 1300 designat.
1606 1215 1674 1283 Sed
1697 1219 1802 1300 primo
1832 1219 1901 1284 loco
1933 1219 2019 1297 dicit,
2051 1219 2198 1284 Sumatur
2226 1220 2265 1283 ab
2294 1221 2378 1301 ipsis

372 1311 461 1375 niam
483 1330 524 1373 ex
545 1308 676 1371 illorum
695 1317 800 1368 morte
820 1302 976 1387 colligere
994 1303 1095 1379 licuit,
1119 1303 1218 1367 fuisse
1241 1322 1347 1368 meras
1398 1302 1584 1383 maledictio,
1614 1303 1675 1367 hoo
1697 1315 1755 1382 est,
1786 1305 1927 1368 formula
1957 1305 2180 1370 maledicendi.
2226 1306 2378 1369 Ponebat

372 1396 517 1464 fallacias
536 1389 691 1476 quidquid
710 1389 845 1472 polliciti
867 1389 1004 1463 fuerant,
1029 1390 1105 1470 quia
1127 1387 1296 1470 fingebant
1313 1409 1347 1453 se
1399 1387 1469 1452 heri
1491 1372 1559 1456 ulit
1582 1389 1813 1466 iuramentum,
1837 1411 1925 1456 nunc
1943 1393 2037 1473 ponit
2055 1376 2147 1470 ull?-
2183 1374 2242 1480 [ἦρ
2266 1403 2376 1454 autem

373 1482 547 1548 redituros.
599 1475 707 1542 Occisi
737 1487 846 1540 autem
877 1475 1019 1556 luerunt,
1049 1482 1081 1538 et
1111 1474 1243 1556 quidem
1272 1486 1347 1538 ante
1399 1485 1450 1538 est
1483 1474 1685 1540 maledicere.
1737 1475 1853 1558 Itaque
1884 1497 1998 1541 sensus
2028 1488 2094 1550 est,
2123 1476 2193 1540 fore
2225 1480 2313 1560 ipsos
2342 1478 2375 1540 in

373 1567 455 1634 illud
479 1577 607 1647 tempus
630 1561 715 1644 quod
739 1560 969 1644 praedixerant
987 1559 1114 1642 populo.
1146 1560 1242 1624 Nunc
1261 1571 1348 1624 tenc-
1398 1559 1566 1641 exemplar
1590 1560 1827 1625 maledictionis
1850 1560 2001 1626 omnibus
2029 1563 2167 1644 captivis
2196 1583 2296 1644 quum
2328 1561 2378 1624 di·

373 1675 448 1719 mus
469 1670 645 1717 summam:
670 1647 757 1732 quod
780 1646 820 1710 ad
840 1648 941 1712 verba
961 1653 1096 1729 spectat,
1121 1645 1349 1728 disiunctae
1400 1655 1485 1725 cent,
1518 1644 1619 1710 Pouet
1636 1651 1666 1710 tc
1688 1646 1778 1712 Deus
1799 1651 1949 1728 tauquam
1972 1646 2156 1713 chealtium
2176 1653 2204 1712 ct
2225 1653 2378 1729 tauquam

372 1745 434 1806 tota
450 1736 623 1819 ,captivatas
644 1753 814 1800 ammonem
837 1732 976 1798 Iclouaa
1013 1731 1095 1795 Vult
1113 1739 1254 1796 attentos
1277 1753 1347 1796 esse
1400 1730 1521 1809 Achab,
1552 1751 1628 1812 quos
1650 1751 1706 1796 rec
1729 1731 1905 1814 Balplcrtis
1925 1732 2088 1798 ustulavit.
2132 1733 2259 1798 Iterum
2283 1753 2377 1815 repe-

373 1825 527 1902 Indaeos,
561 1821 638 1904 quia
667 1821 696 1886 si
725 1820 822 1884 occisi
855 1819 994 1884 fuissent
1026 1817 1113 1881 mille
1146 1817 1347 1900 impostores,
1400 1819 1481 1881 titur
1502 1838 1600 1881 causa
1622 1817 1752 1882 mortis:
1784 1830 1816 1880 et
1840 1818 2000 1900 propbeta
2022 1820 2054 1882 in
2078 1818 2140 1884 hcc
2164 1841 2227 1884 non
2252 1829 2378 1882 temere

372 1930 540 1993 nunquam
564 1919 675 1972 tamen
698 1905 853 1988 abrogata
880 1903 993 1969 fuisset
1016 1903 1097 1968 fides
1120 1923 1234 1967 eorum
1256 1925 1346 1968 men·
1400 1901 1566 1967 incumbit:
1602 1913 1639 1966 ut
1678 1903 1789 1967 oculos
1828 1904 1937 1985 populi
1978 1914 2106 1970 avertat
2139 1926 2158 1968 a
2192 1906 2379 1986 propinqua

373 1997 484 2078 deciis,
504 1994 568 2059 nisi
586 2003 664 2058 ante
683 2001 812 2074 tempus
831 1990 986 2056 Ieremias
1002 1990 1246 2071 pronuntiasset
1261 1990 1346 2072 quod
1398 2009 1505 2062 causa.
1529 1999 1562 2052 et
1584 2010 1666 2070 quae
1690 1989 1790 2072 vulgo
1813 2000 1889 2053 nota
1911 2000 1991 2066 erat,
2015 1991 2099 2072 quod
2118 1990 2243 2056 scilicet
2263 1989 2379 2054 Nabu-

373 2083 523 2148 futnrum
557 2087 636 2144 erat.
691 2076 793 2143 Sedet
826 2078 927 2159 igitur
960 2074 1014 2140 hic
1047 2091 1201 2156 tauquam
1238 2075 1347 2154 iudex,
1399 2073 1579 2138 chadneaer
1602 2094 1667 2138 non
1695 2077 1803 2140 fuerat
1831 2095 1946 2156 passus
1968 2075 2089 2157 aliquid
2112 2075 2284 2139 turbarum
2308 2096 2379 2139 mo-

373 2169 450 2250 quie
472 2165 534 2231 etsi
555 2164 652 2230 iussit
674 2185 728 2228 eos
758 2162 898 2227 interfici
922 2159 1208 2238 Nabuohadneaer,
1237 2173 1346 2226 tamon
1400 2160 1470 2224 veri
1492 2160 1527 2222 in
1550 2180 1610 2224 sua
1632 2161 1764 2224 ditione.
1809 2157 1855 2226 Ut
1877 2181 1956 2244 ergo
1978 2161 2281 2244 agnoscantDeum
2305 2183 2379 2226 esse

373 2255 454 2319 satis
476 2259 610 2334 apparet
631 2251 730 2315 fuisse
753 2248 912 2314 divinitus
935 2246 969 2321 id
991 2246 1187 2321 ordinatum,
1218 2259 1250 2311 et
1280 2249 1348 2330 qui·
1399 2258 1545 2310 autorem
1568 2245 1666 2310 huius
1689 2266 1822 2328 poenae,
1845 2245 1917 2311 ideo
1940 2246 2027 2323 dicit,

373 2338 448 2405 dem
470 2349 508 2402 ut
531 2336 671 2420 populus
693 2334 882 2417 resipiscere
905 2332 1049 2398 disceret.
1087 2330 1246 2398 Videmus
1269 2353 1347 2417 ergo

373 2424 547 2490 ieremiam
571 2423 669 2487 fuisse
687 2421 833 2503 ipsorum
851 2418 1001 2496 iudicem,
1024 2425 1137 2500 postea
1154 2416 1347 2484 Nabuchad·
1484 2417 1535 2482 23.
1568 2415 1734 2498 Propterea
1773 2417 1854 2498 quod
1895 2417 2035 2497 feceruut
2077 2417 2142 2502 (vel
2187 2420 2379 2504 patrarunt)

373 2531 470 2576 nezer
493 2510 591 2574 fuisse
614 2517 832 2588 exaequatum
866 2503 952 2586 quod
975 2505 1067 2568 Deus
1101 2524 1158 2585 per
1190 2525 1227 2569 os
1260 2505 1347 2569 servi
1395 2503 1555 2585 rtupitium
1584 2503 1620 2566 iu
1649 2501 1770 2583 Israel,
1804 2504 1983 2568 ctsccrtuti
2016 2509 2088 2568 mut
2119 2524 2190 2569 cum
2221 2504 2380 2570 uambae

374 2597 426 2660 sui
448 2595 737 2676 pronuntiaverat:
772 2592 853 2656 haec
882 2589 966 2654 ratio
999 2599 1050 2654 est
1078 2607 1136 2652 cur
1163 2609 1347 2654 sermonem
1398 2589 1553 2654 emiorum
1578 2608 1718 2670 suorum
1747 2591 1774 2651 ct
1804 2587 1924 2669 loquuti
1952 2594 2025 2654 suut
2052 2609 2224 2654 amuwucm
2257 2590 2293 2656 iu
2323 2613 2380 2656 uo·

374 2681 514 2746 destinet
537 2679 594 2742 toti
624 2677 754 2762 populo.
800 2675 907 2742 Simul
937 2684 1045 2738 tamen
1065 2672 1216 2757 adiungit
1237 2696 1259 2738 a
1280 2674 1348 2740 Deo
1399 2675 1483 2737 mirre
1512 2693 1578 2738 meo
1606 2674 1809 2738 mendaciter:
1841 2674 1923 2754 quod
1954 2672 2019 2758 (vel
2048 2695 2144 2757 quem
2176 2677 2378 2762 sermonem)

372 2767 487 2832 missos
506 2765 618 2845 fuisse,
649 2774 686 2827 ut
713 2762 865 2829 desinant
891 2760 1066 2844 imaginari
1096 2759 1266 2824 fortuitum
1295 2781 1347 2826 oa·
1399 2779 1461 2824 uam
1482 2759 1705 2823 muumccram
1726 2759 1816 2840 ipsit.
1860 2758 1930 2842 Epo
1959 2765 2063 2824 summ
2090 2781 2163 2825 aum
2191 2764 2329 2844 copuitor
2350 2769 2380 2828 et

372 2872 458 2928 sam,
481 2851 533 2914 vel
563 2849 736 2916 adversam
768 2847 944 2923 fortunam,
973 2855 1007 2910 et
1035 2857 1215 2928 agnoscant
1245 2847 1348 2911 iustas
1400 2845 1495 2924 testie,
1517 2845 1593 2910 aaa
1613 2844 1759 2909 Ielovalr.

373 2957 493 3020 poenas
515 2935 577 3000 sibi
600 2935 742 3000 inflictae
771 2934 869 2999 fuisse
892 2933 932 2998 ob
955 2931 1086 3009 scelera,
1117 2951 1219 3013 quum
1241 2931 1348 3015 patria

372 3025 508 3090 fuerunt
538 3022 652 3086 orbati.
705 3021 778 3085 Iam
805 3018 891 3101 quod
926 3017 1053 3096 dicitur,
1087 3015 1179 3082 Dabo
1205 3027 1265 3101 sos,
1296 3016 1348 3081 vel
1486 3017 1652 3082 Tenemus
1674 3036 1830 3098 quorsum
1855 3015 1968 3080 tendat
1996 3017 2155 3100 prophete
2177 3040 2276 3102 quum
2298 3022 2378 3084 assi-

373 3107 512 3187 tradam,
533 3107 569 3172 irt
589 3126 719 3172 mcum
742 3104 1022 3170 Nabucltadueeer:
1051 3102 1171 3168 clarius
1194 3103 1349 3186 exprimit
1400 3107 1484 3186 goat
1516 3123 1645 3168 causam
1681 3103 1811 3181 mortis,
1846 3124 1888 3166 ne
1919 3102 2043 3168 scilicet
2075 3103 2191 3168 Iudaei
2227 3127 2287 3187 pro
2317 3126 2379 3170 suc

373 3192 533 3276 propheta
565 3190 649 3274 quod
683 3191 747 3254 iam
780 3191 863 3268 dixi,
904 3209 1020 3271 nempe
1053 3189 1099 3254 sic
1131 3190 1273 3254 occisum
1307 3189 1348 3252 iri
1400 3196 1499 3271 captu
1522 3187 1696 3253 aestiment
1724 3188 1810 3269 quod
1839 3189 1961 3254 factum
1995 3191 2111 3274 fuerat,
2141 3189 2199 3254 sed
2227 3201 2382 3256 statuant

373 3280 465 3343 iussu
483 3277 580 3358 regis,
603 3283 640 3340 ut
660 3277 750 3340 Deus
772 3274 813 3340 de
836 3275 915 3358 ipsis
937 3273 1090 3338 statuerit
1111 3274 1197 3357 quod
1219 3275 1349 3340 volebat
1401 3273 1511 3338 Deum
1545 3275 1652 3338 ultum
1692 3295 1763 3339 esse
1805 3274 2004 3359 impietatem
2043 3294 2157 3338 eorum
2196 3277 2254 3358 qui
2295 3277 2380 3341 falso

374 3363 454 3430 fieri.
500 3361 546 3426 Et
567 3381 697 3426 causam
720 3361 836 3425 mortis
858 3361 1012 3442 assignat,
1034 3380 1075 3423 ne
1097 3360 1218 3425 scilicet
1234 3359 1349 3425 Iudaei
1402 3369 1655 3443 praetexuerant
1684 3360 1757 3424 eius
1787 3379 1915 3424 nomen.
1968 3357 2101 3425 Scimus
2130 3361 2217 3426 enim
2250 3383 2382 3445 semper

374 3449 484 3514 oculos
507 3447 653 3530 deligant
678 3447 713 3509 in
741 3444 912 3516 consilinm
940 3444 1027 3527 regis
1057 3442 1238 3528 babylonii:
1272 3444 1361 3528 quid'
1401 3467 1460 3511 nos
1482 3445 1732 3528 circumspicere
1761 3445 1826 3510 huc
1848 3455 1881 3510 et
1903 3445 1989 3520 illuc,
2019 3454 2052 3508 et
2072 3465 2177 3527 quum
2199 3448 2381 3530 repetimus

374 3533 534 3617 spectavit
557 3530 856 3598 Nabuchadneaer?
883 3551 1000 3613 nempe
1024 3529 1128 3594 voluit
1150 3529 1270 3596 habere
1292 3553 1349 3613 pa·
1401 3531 1615 3613 propinquam
1634 3551 1775 3613 oausam,
1799 3530 1976 3615 negligere,
1998 3538 2033 3595 et
2054 3553 2111 3614 pro
2134 3533 2238 3598 nihilo
2261 3534 2382 3600 ducere

374 3631 483 3684 catum
505 3617 696 3701 imperium:
728 3617 862 3682 videbat
889 3616 1072 3699 periculum
1094 3637 1166 3682 esse
1188 3617 1349 3681 turnultus
1404 3617 1466 3681 Dei
1501 3616 1629 3681 indicia.
1686 3617 1775 3699 Ergo
1810 3627 1848 3680 ut
1887 3617 2083 3698 pravitatem
2117 3617 2203 3685 hanc
2235 3622 2382 3702 corrigat

374 3706 403 3770 si
424 3707 607 3789 ignosceret
630 3703 756 3768 duobus
777 3702 861 3782 istis,
885 3702 941 3784 qui
959 3702 1115 3785 populum
1132 3703 1349 3768 conturbave-
1401 3701 1568 3780 Ieremias,
1600 3703 1717 3766 iterum
1741 3703 1860 3785 repetit
1881 3703 2078 3768 zedechiam
2106 3715 2139 3768 et
2161 3703 2276 3771 Achab
2305 3727 2383 3788 poe-

375 3801 460 3855 rant.
505 3790 595 3873 Ergo
626 3810 666 3853 ne
692 3787 807 3852 Iudaei
841 3797 967 3853 tantam
1000 3789 1177 3871 respiciant
1209 3789 1244 3852 in
1274 3809 1350 3853 ocn-
1402 3807 1462 3852 nas
1484 3786 1617 3852 daturos
1641 3809 1706 3851 non
1729 3790 1798 3871 regi
1822 3789 2007 3872 babylonio,
2031 3788 2088 3853 sed
2111 3788 2184 3854 Deo
2207 3793 2279 3873 ipsi,
2302 3792 2384 3872 quia

375 3874 485 3940 silium
508 3876 605 3958 regis,
635 3873 728 3940 Deus
749 3872 803 3938 hio
825 3873 923 3937 aliam
950 3894 1082 3938 causam
1105 3875 1254 3939 altiorem
1276 3895 1350 3957 pro·
1397 3878 1603 3957 patraverunt
1627 3874 1789 3956 (lapillum
1817 3875 1852 3939 iu
1882 3873 1995 3940 Israel.
2040 3857 2119 3943 alat
2144 3882 2280 3941 vertunt
2311 3898 2383 3942 rem

374 3961 477 4043 ponit,
501 3981 618 4042 nempe
640 3960 717 4041 qaia
744 3959 1021 4041 prophetaverant
1049 3961 1084 4024 iu
1104 3961 1226 4026 uomitu
1248 3961 1352 4044 ipsim
1403 3957 1590 4042 nefandam,
1615 3960 1665 4024 vel
1695 3960 1985 4025 abominationem:
2014 3980 2075 4044 ego
2105 3971 2215 4026 autem
2238 3961 2384 4028 libenter

373 4045 542 4129 fallaciter.
586 4043 747 4126 Sequitur
768 4043 887 4110 clamor
908 4041 1097 4124 explicatio:
1403 4046 1528 4129 accipio
1560 4067 1618 4128 pro
1651 4045 1793 4129 flagitio,
1829 4047 1891 4110 hoc
1924 4055 1972 4110 est
2000 4066 2059 4128 pro
2092 4047 2299 4129 turpitudine
2328 4049 2385 4114 rel

1403 4131 1567 4196 foeditate.
1606 4130 1785 4196 Putrcruut
1805 4153 1883 4215 ergo
1904 4132 2090 4215 focilatam.
2124 4133 2246 4199 Postea
2268 4137 2386 4217 generi

463 4217 515 4280 22.
538 4215 582 4281 Et
602 4221 742 4281 sumetur
761 4214 801 4281 al
822 4215 905 4297 ipsis
930 4213 1106 4278 maledictio
1127 4218 1214 4298 apud
1234 4236 1353 4282 omuem
1404 4215 1536 4281 subiicit
1555 4217 1634 4280 duas
1653 4219 1786 4298 species.
1808 4219 1889 4298 quod
1905 4219 2035 4283 scarlati
2053 4223 2126 4284 suut
2142 4239 2213 4284 cum
2229 4221 2387 4286 uaartmts

376 4303 585 4382 captiuitatem
613 4300 765 4377 Ictuclalr,
795 4321 875 4382 puae
895 4304 940 4364 cst
961 4299 996 4364 iu
1018 4297 1189 4383 Babploue,
1217 4302 1352 4382 dmeudo,
1403 4303 1558 4365 sutorum
1573 4321 1714 4384 morum,
1733 4301 1861 4386 deinde,
1884 4304 1966 4385 quod
1981 4304 2138 4386 fallaciter
2151 4306 2389 4388 prophetarunt

379 4386 504 4453 sulcat
525 4393 552 4452 te
573 4387 711 4453 Ieltcualt
732 4391 766 4450 ut
789 4385 975 4450 Zedcclsiam
997 4389 1025 4449 ct
1042 4385 1121 4450 sicut
1138 4385 1255 4464 Aclob,
1277 4407 1353 4468 quoe
1404 4387 1440 4450 iu
1461 4385 1526 4450 Dei
1546 4387 1678 4452 uomina.
1722 4388 1763 4453 In
1794 4391 1900 4471 priore
1932 4390 2077 4455 membro
2101 4389 2252 4466 videmus
2281 4413 2389 4474 quan·

376 4472 543 4538 mussat
574 4493 631 4537 rea
663 4471 840 4554 Bulplauia
879 4471 949 4554 ipae
981 4469 1047 4554 (vel
1082 4471 1258 4548 ustulavit,
1301 4473 1353 4536 vel
1405 4482 1460 4535 tus
1484 4471 1635 4536 fueritin
1659 4473 1777 4556 populo
1799 4485 1925 4556 stupor,
1947 4477 2002 4557 qui
2023 4479 2387 4558 nonpotuitanimad·

377 4557 470 4623 frixit
492 4558 600 4633 etiam,
624 4559 904 4622 utaliivertont:
926 4539 990 4648 nl?
1013 4564 1227 4621 contentum
1250 4557 1352 4640 signi-
1406 4565 1533 4620 vertere
1561 4558 1667 4639 qualis
1696 4569 1782 4624 esset
1808 4582 1918 4625 eorum
1950 4563 2027 4637 vita,
2059 4563 2116 4644 qui
2148 4563 2318 4646 fingebant
2349 4586 2388 4630 se

377 4645 455 4710 licat
477 4643 676 4726 comburere,
707 4642 764 4707 sed
787 4642 943 4720 ustulare,
974 4640 1028 4705 vel
1057 4641 1217 4725 paulatim
1247 4662 1352 4720 urere,
1404 4663 1474 4707 esse
1499 4642 1559 4706 Dei
1584 4651 1693 4723 testes,
1717 4664 1755 4708 ac
1775 4645 1803 4710 si
1827 4654 1938 4712 essent
1964 4647 2071 4730 angeli
2093 4668 2114 4711 e
2135 4648 2224 4713 coelo
2248 4649 2388 4734 dolapsi.

379 4730 464 4814 quod
503 4728 587 4794 idem
625 4737 686 4794 est.
745 4727 813 4794 Sed
850 4726 1075 4811 Hieronymus
1112 4726 1212 4793 vertit
1253 4727 1353 4792 fuisse
1405 4727 1519 4791 Potuit
1551 4726 1682 4810 quidem
1716 4750 1828 4796 eorum
1862 4732 1969 4798 scelus
2002 4734 2166 4798 occultum
2201 4755 2293 4814 csse,
2324 4737 2388 4802 sed

378 4815 514 4892 frictas).
567 4882 570 4889 ¹
1406 4813 1541 4878 minime
1563 4813 1698 4880 dubium
1729 4827 1787 4895 est,
1818 4818 1898 4900 quin
1927 4819 2142 4902 obstupefacti
2172 4820 2296 4886 fuerint
2326 4821 2388 4886 Iu-

1406 4897 1488 4978 daei,
1510 4900 1587 4980 quia
1608 4899 1748 4965 libenter
1774 4904 1983 4986 arripuerant
2005 4925 2109 4969 vanas
2139 4907 2389 4987 promissiones,

464 4985 530 5052 Hic
551 4983 812 5052 circumstantias
834 4991 952 5048 notare
969 4991 1107 5066 oportet,
1130 4983 1259 5066 quiesi
1281 4991 1354 5048 tan·
1405 5004 1488 5066 quae
1511 4983 1632 5049 dabant
1652 5006 1794 5052 causam
1824 4989 1978 5056 laetitiae.
2022 4989 2135 5070 Quum
2164 5013 2243 5075 ergo
2273 4993 2390 5076 cupidi

379 5083 449 5137 tum
478 5072 632 5156 loquutus
665 5069 779 5136 luisset
806 5067 964 5134 Ieremias
997 5067 1037 5133 de
1066 5071 1211 5151 ipsorum
1240 5076 1353 5148 morto,
1406 5078 1516 5134 assent
1546 5069 1678 5147 reditus,
1708 5072 1834 5139 interea
1865 5087 1975 5141 autem
1999 5075 2122 5141 vellent
2152 5078 2247 5159 quasi
2277 5079 2391 5144 invito

378 5156 487 5225 adhuc
530 5168 682 5240 poterant
725 5153 840 5220 Iudaei
879 5153 1043 5238 ambigere
1081 5174 1122 5219 an
1163 5153 1353 5220 divinasset.
1406 5153 1477 5218 Deo
1501 5156 1627 5220 restitui
1655 5155 1691 5220 in
1719 5162 1871 5241 patriam,
1895 5161 2018 5226 vellent
2042 5162 2249 5246 perfringere
2272 5167 2393 5230 omnia

379 5241 566 5324 Caeterum,
597 5244 654 5309 nbi
677 5263 763 5308 nunc
789 5239 981 5324 adiungitur
1014 5240 1085 5322 ipsa
1119 5240 1242 5322 species
1276 5259 1354 5322 sap·
1406 5239 1573 5305 obstacula
1595 5261 1673 5305 suae
1696 5247 1918 5311 contumaciae
1939 5247 2085 5330 impetu:
2108 5249 2189 5314 haec
2211 5249 2275 5315 fuit
2296 5251 2394 5316 insta

379 5327 475 5412 plicii,
505 5329 663 5395 Ieremias
692 5328 788 5411 quasi
815 5326 918 5412 digito
951 5323 1093 5391 ostendit
1126 5323 1213 5408 quod
1246 5322 1354 5390 adhuc
1407 5343 1519 5405 poena,
1542 5325 1627 5408 quod
1648 5327 1697 5393 sic
1720 5328 1841 5394 fuerint
1862 5334 2035 5412 excaecati,
2064 5342 2190 5400 utnon
2220 5340 2394 5420 perspice·
