<?xml version="1.0" encoding="UTF-8"?>
<!DOCTYPE html PUBLIC "-//W3C//DTD XHTML 1.0 Transitional//EN"
    "http://www.w3.org/TR/xhtml1/DTD/xhtml1-transitional.dtd">
<html xmlns="http://www.w3.org/1999/xhtml" xml:lang="en" lang="en">
 <head>
  <title>
</title>
<meta http-equiv="Content-Type" content="text/html;charset=utf-8" />
  <meta name='ocr-system' content='tesseract 3.04.00' />
  <meta name='ocr-capabilities' content='ocr_page ocr_carea ocr_par ocr_line ocrx_word'/>
</head>
<body>
  <div class='ocr_page' id='page_1' title='image "./corpusreformato14melagoog_0343.png"; bbox 0 0 5118 6136; ppageno 0'>
   <div class='ocr_carea' id='block_1_1' title="bbox 390 439 2393 512">
    <p class='ocr_par' dir='ltr' id='par_1_1' title="bbox 390 439 2393 512">
     <span class='ocr_line' id='line_1_1' title="bbox 390 439 2393 512; baseline 0 -6"><span class='ocrx_word' id='word_1_1' title='bbox 390 441 454 508; x_wconf 81' lang='lat'><strong>655</strong></span> <span class='ocrx_word' id='word_1_2' title='bbox 1201 439 1587 512; x_wconf 78' lang='lat' dir='ltr'><strong>PRAELEO&#39;PIONES</strong></span> <span class='ocrx_word' id='word_1_3' title='bbox 2331 441 2393 506; x_wconf 84' lang='lat'><strong>656</strong></span> 
     </span>
    </p>
   </div>
   <div class='ocr_carea' id='block_1_2' title="bbox 363 629 2393 1058">
    <p class='ocr_par' dir='ltr' id='par_1_2' title="bbox 363 629 2393 1058">
     <span class='ocr_line' id='line_1_2' title="bbox 390 629 2390 716; baseline -0.002 -19"><span class='ocrx_word' id='word_1_4' title='bbox 390 632 669 708; x_wconf 85' lang='grc'><strong>00101100001000,</strong></span> <span class='ocrx_word' id='word_1_5' title='bbox 696 631 766 695; x_wconf 87' lang='grc'><strong>1000</strong></span> <span class='ocrx_word' id='word_1_6' title='bbox 788 629 938 708; x_wconf 76' lang='lat' dir='ltr'><strong>evanida,</strong></span> <span class='ocrx_word' id='word_1_7' title='bbox 959 629 989 694; x_wconf 92' lang='lat' dir='ltr'><strong>si</strong></span> <span class='ocrx_word' id='word_1_8' title='bbox 1013 641 1201 712; x_wconf 90' lang='lat' dir='ltr'><strong>reputemus</strong></span> <span class='ocrx_word' id='word_1_9' title='bbox 1223 631 1361 697; x_wconf 91' lang='lat' dir='ltr'><strong>immen·</strong></span> <span class='ocrx_word' id='word_1_10' title='bbox 1417 631 1592 713; x_wconf 83' lang='lat' dir='ltr'><strong>Ephraim,</strong></span> <span class='ocrx_word' id='word_1_11' title='bbox 1624 635 1662 695; x_wconf 92' lang='lat' dir='ltr'><strong>ut</strong></span> <span class='ocrx_word' id='word_1_12' title='bbox 1691 631 1804 696; x_wconf 87' lang='lat' dir='ltr'><strong>multia</strong></span> <span class='ocrx_word' id='word_1_13' title='bbox 1831 631 1909 698; x_wconf 89' lang='lat' dir='ltr'><strong>locis</strong></span> <span class='ocrx_word' id='word_1_14' title='bbox 1939 631 1999 697; x_wconf 91' lang='lat' dir='ltr'><strong>hoc</strong></span> <span class='ocrx_word' id='word_1_15' title='bbox 2028 632 2107 696; x_wconf 88' lang='lat' dir='ltr'><strong>satis</strong></span> <span class='ocrx_word' id='word_1_16' title='bbox 2136 641 2304 716; x_wconf 90' lang='lat' dir='ltr'><strong>receptam</strong></span> <span class='ocrx_word' id='word_1_17' title='bbox 2331 641 2390 696; x_wconf 91' lang='lat' dir='ltr'><strong>est.</strong></span> 
     </span>
     <span class='ocr_line' id='line_1_3' title="bbox 389 714 2391 800; baseline -0.002 -16"><span class='ocrx_word' id='word_1_18' title='bbox 389 740 460 784; x_wconf 88' lang='lat' dir='ltr'><strong>eam</strong></span> <span class='ocrx_word' id='word_1_19' title='bbox 482 717 545 782; x_wconf 90' lang='lat' dir='ltr'><strong>Dei</strong></span> <span class='ocrx_word' id='word_1_20' title='bbox 568 717 758 800; x_wconf 89' lang='lat' dir='ltr'><strong>potentiam.</strong></span> <span class='ocrx_word' id='word_1_21' title='bbox 804 716 968 782; x_wconf 85' lang='lat' dir='ltr'><strong>Dedaeara</strong></span> <span class='ocrx_word' id='word_1_22' title='bbox 997 736 1074 799; x_wconf 76' lang='lat' dir='ltr'><strong>ergo</strong></span> <span class='ocrx_word' id='word_1_23' title='bbox 1102 717 1365 799; x_wconf 69' lang='lat' dir='ltr'><strong>coenerosam</strong></span> <span class='ocrx_word' id='word_1_24' title='bbox 1417 714 1483 782; x_wconf 86' lang='grc'><strong>801</strong></span> <span class='ocrx_word' id='word_1_25' title='bbox 1528 727 1636 782; x_wconf 89' lang='lat' dir='ltr'><strong>tamen</strong></span> <span class='ocrx_word' id='word_1_26' title='bbox 1682 715 1743 781; x_wconf 92' lang='lat' dir='ltr'><strong>hoe</strong></span> <span class='ocrx_word' id='word_1_27' title='bbox 1786 716 1960 782; x_wconf 88' lang='lat' dir='ltr'><strong>observare</strong></span> <span class='ocrx_word' id='word_1_28' title='bbox 2003 717 2172 794; x_wconf 86' lang='lat' dir='ltr'><strong>convenit,</strong></span> <span class='ocrx_word' id='word_1_29' title='bbox 2215 715 2391 800; x_wconf 87' lang='lat' dir='ltr'><strong>aliquando</strong></span> 
     </span>
     <span class='ocr_line' id='line_1_4' title="bbox 389 801 2392 886; baseline -0.001 -19"><span class='ocrx_word' id='word_1_30' title='bbox 389 823 565 886; x_wconf 80' lang='lat' dir='ltr'><strong>aquaram:</strong></span> <span class='ocrx_word' id='word_1_31' title='bbox 595 801 722 879; x_wconf 90' lang='lat' dir='ltr'><strong>deinde,</strong></span> <span class='ocrx_word' id='word_1_32' title='bbox 747 802 916 883; x_wconf 78' lang='grc'><strong>00001001</strong></span> <span class='ocrx_word' id='word_1_33' title='bbox 944 805 1060 867; x_wconf 86' lang='lat' dir='ltr'><strong>rectam</strong></span> <span class='ocrx_word' id='word_1_34' title='bbox 1081 802 1116 866; x_wconf 86' lang='lat' dir='ltr'><strong>ia</strong></span> <span class='ocrx_word' id='word_1_35' title='bbox 1137 822 1201 883; x_wconf 78' lang='grc'><strong>000</strong></span> <span class='ocrx_word' id='word_1_36' title='bbox 1222 821 1283 867; x_wconf 85' lang='lat' dir='ltr'><strong>aaa</strong></span> <span class='ocrx_word' id='word_1_37' title='bbox 1305 804 1362 867; x_wconf 84' lang='lat' dir='ltr'><strong>im·</strong></span> <span class='ocrx_word' id='word_1_38' title='bbox 1416 801 1576 885; x_wconf 78' lang='lat' dir='ltr'><strong>Ephraim</strong></span> <span class='ocrx_word' id='word_1_39' title='bbox 1600 802 1685 867; x_wconf 89' lang='lat' dir='ltr'><strong>sumi</strong></span> <span class='ocrx_word' id='word_1_40' title='bbox 1707 823 1766 884; x_wconf 90' lang='lat' dir='ltr'><strong>pro</strong></span> <span class='ocrx_word' id='word_1_41' title='bbox 1793 803 1945 868; x_wconf 89' lang='lat' dir='ltr'><strong>omnibus</strong></span> <span class='ocrx_word' id='word_1_42' title='bbox 1973 801 2113 886; x_wconf 88' lang='lat' dir='ltr'><strong>posteris</strong></span> <span class='ocrx_word' id='word_1_43' title='bbox 2136 802 2306 877; x_wconf 82' lang='lat' dir='ltr'><strong>Abrahae,</strong></span> <span class='ocrx_word' id='word_1_44' title='bbox 2336 802 2392 866; x_wconf 92' lang='lat' dir='ltr'><strong>ali·</strong></span> 
     </span>
     <span class='ocr_line' id='line_1_5' title="bbox 383 886 2392 974; baseline -0.002 -18"><span class='ocrx_word' id='word_1_45' title='bbox 383 891 523 974; x_wconf 77' lang='grc'><strong>0100001,</strong></span> <span class='ocrx_word' id='word_1_46' title='bbox 550 887 824 968; x_wconf 87' lang='lat' dir='ltr'><strong>quemadmodum</strong></span> <span class='ocrx_word' id='word_1_47' title='bbox 847 887 965 952; x_wconf 90' lang='lat' dir='ltr'><strong>dicitur</strong></span> <span class='ocrx_word' id='word_1_48' title='bbox 987 886 1236 970; x_wconf 80' lang='lat' dir='ltr'><strong>quadragesimo</strong></span> <span class='ocrx_word' id='word_1_49' title='bbox 1258 890 1363 972; x_wconf 90' lang='lat' dir='ltr'><strong>eapite</strong></span> <span class='ocrx_word' id='word_1_50' title='bbox 1416 886 1547 969; x_wconf 90' lang='lat' dir='ltr'><strong>quando</strong></span> <span class='ocrx_word' id='word_1_51' title='bbox 1569 908 1628 969; x_wconf 90' lang='lat' dir='ltr'><strong>pro</strong></span> <span class='ocrx_word' id='word_1_52' title='bbox 1651 908 1753 971; x_wconf 78' lang='lat' dir='ltr'><strong>regno</strong></span> <span class='ocrx_word' id='word_1_53' title='bbox 1775 887 1888 962; x_wconf 89' lang='lat' dir='ltr'><strong>Israel,</strong></span> <span class='ocrx_word' id='word_1_54' title='bbox 1912 898 1945 953; x_wconf 92' lang='lat' dir='ltr'><strong>et</strong></span> <span class='ocrx_word' id='word_1_55' title='bbox 1966 890 2013 953; x_wconf 90' lang='lat' dir='ltr'><strong>ita</strong></span> <span class='ocrx_word' id='word_1_56' title='bbox 2035 888 2133 954; x_wconf 92' lang='lat' dir='ltr'><strong>etiam</strong></span> <span class='ocrx_word' id='word_1_57' title='bbox 2153 886 2392 973; x_wconf 83' lang='lat' dir='ltr'><strong>synecdochica</strong></span> 
     </span>
     <span class='ocr_line' id='line_1_6' title="bbox 363 972 2393 1058; baseline -0.001 -17"><span class='ocrx_word' id='word_1_58' title='bbox 363 977 506 1051; x_wconf 73' lang='grc'><strong>’100100</strong></span> <span class='ocrx_word' id='word_1_59' title='bbox 535 975 614 1038; x_wconf 86' lang='lat' dir='ltr'><strong>Vox</strong></span> <span class='ocrx_word' id='word_1_60' title='bbox 642 974 788 1040; x_wconf 89' lang='lat' dir='ltr'><strong>clamans</strong></span> <span class='ocrx_word' id='word_1_61' title='bbox 820 973 855 1037; x_wconf 91' lang='lat' dir='ltr'><strong>in</strong></span> <span class='ocrx_word' id='word_1_62' title='bbox 883 972 1023 1050; x_wconf 87' lang='lat' dir='ltr'><strong>deserto,</strong></span> <span class='ocrx_word' id='word_1_63' title='bbox 1057 973 1177 1038; x_wconf 88' lang='lat' dir='ltr'><strong>Parate</strong></span> <span class='ocrx_word' id='word_1_64' title='bbox 1199 973 1289 1039; x_wconf 90' lang='lat' dir='ltr'><strong>viam</strong></span> <span class='ocrx_word' id='word_1_65' title='bbox 1311 973 1362 1039; x_wconf 89' lang='lat' dir='ltr'><strong>Ie·</strong></span> <span class='ocrx_word' id='word_1_66' title='bbox 1416 981 1465 1036; x_wconf 89' lang='lat' dir='ltr'><strong>est</strong></span> <span class='ocrx_word' id='word_1_67' title='bbox 1486 973 1651 1056; x_wconf 89' lang='lat' dir='ltr'><strong>loquutio:</strong></span> <span class='ocrx_word' id='word_1_68' title='bbox 1685 972 1861 1057; x_wconf 89' lang='lat' dir='ltr'><strong>aliquando</strong></span> <span class='ocrx_word' id='word_1_69' title='bbox 1890 975 2020 1058; x_wconf 90' lang='lat' dir='ltr'><strong>proprie</strong></span> <span class='ocrx_word' id='word_1_70' title='bbox 2045 975 2203 1058; x_wconf 71' lang='lat' dir='ltr'><strong>accipitur</strong></span> <span class='ocrx_word' id='word_1_71' title='bbox 2233 993 2293 1055; x_wconf 91' lang='lat' dir='ltr'><strong>pro</strong></span> <span class='ocrx_word' id='word_1_72' title='bbox 2319 975 2393 1057; x_wconf 88' lang='lat' dir='ltr'><strong>ipsa</strong></span> 
     </span>
    </p>
   </div>
   <div class='ocr_carea' id='block_1_3' title="bbox 390 1058 2528 1144">
    <p class='ocr_par' dir='ltr' id='par_1_3' title="bbox 390 1058 2528 1144">
     <span class='ocr_line' id='line_1_7' title="bbox 390 1058 2528 1144; baseline -0.002 -18"><span class='ocrx_word' id='word_1_73' title='bbox 390 1062 506 1142; x_wconf 87' lang='lat' dir='ltr'><strong>hovae,</strong></span> <span class='ocrx_word' id='word_1_74' title='bbox 529 1073 633 1126; x_wconf 88' lang='lat' dir='ltr'><strong>rectas</strong></span> <span class='ocrx_word' id='word_1_75' title='bbox 654 1061 750 1125; x_wconf 88' lang='grc'><strong>100110</strong></span> <span class='ocrx_word' id='word_1_76' title='bbox 771 1059 906 1124; x_wconf 89' lang='lat' dir='ltr'><strong>semitas</strong></span> <span class='ocrx_word' id='word_1_77' title='bbox 919 1059 981 1124; x_wconf 90' lang='lat' dir='ltr'><strong>Dei</strong></span> <span class='ocrx_word' id='word_1_78' title='bbox 1000 1059 1121 1124; x_wconf 88' lang='lat' dir='ltr'><strong>nostri:</strong></span> <span class='ocrx_word' id='word_1_79' title='bbox 1144 1060 1250 1124; x_wconf 88' lang='lat' dir='ltr'><strong>omnis</strong></span> <span class='ocrx_word' id='word_1_80' title='bbox 1268 1058 1363 1125; x_wconf 91' lang='lat' dir='ltr'><strong>vallis</strong></span> <span class='ocrx_word' id='word_1_81' title='bbox 1417 1059 1513 1124; x_wconf 90' lang='lat' dir='ltr'><strong>tribu.</strong></span> <span class='ocrx_word' id='word_1_82' title='bbox 1556 1059 1622 1125; x_wconf 93' lang='lat' dir='ltr'><strong>Ubi</strong></span> <span class='ocrx_word' id='word_1_83' title='bbox 1653 1069 1763 1124; x_wconf 90' lang='lat' dir='ltr'><strong>autem</strong></span> <span class='ocrx_word' id='word_1_84' title='bbox 1792 1058 2007 1144; x_wconf 80' lang='lat' dir='ltr'><strong>distinguitur</strong></span> <span class='ocrx_word' id='word_1_85' title='bbox 2036 1080 2173 1142; x_wconf 76' lang='lat' dir='ltr'><strong>regnum</strong></span> <span class='ocrx_word' id='word_1_86' title='bbox 2196 1058 2347 1124; x_wconf 89' lang='lat' dir='ltr'><strong>Iehudah</strong></span> <span class='ocrx_word' id='word_1_87' title='bbox 2371 1080 2392 1122; x_wconf 94' lang='grc'><strong>0</strong></span> <span class='ocrx_word' id='word_1_88' title='bbox 2527 1087 2528 1142; x_wconf 67' lang='grc' dir='ltr'>ι</span> 
     </span>
    </p>
   </div>
   <div class='ocr_carea' id='block_1_4' title="bbox 386 1144 2392 2430">
    <p class='ocr_par' dir='ltr' id='par_1_4' title="bbox 386 1144 2392 2430">
     <span class='ocr_line' id='line_1_8' title="bbox 390 1144 2392 1242; baseline -0.002 -30"><span class='ocrx_word' id='word_1_89' title='bbox 390 1147 563 1222; x_wconf 87' lang='lat' dir='ltr'><strong>exaltetur,</strong></span> <span class='ocrx_word' id='word_1_90' title='bbox 598 1155 631 1210; x_wconf 87' lang='lat' dir='ltr'><strong>et</strong></span> <span class='ocrx_word' id='word_1_91' title='bbox 659 1165 754 1210; x_wconf 92' lang='lat' dir='ltr'><strong>mons</strong></span> <span class='ocrx_word' id='word_1_92' title='bbox 785 1144 986 1220; x_wconf 88' lang='lat' dir='ltr'><strong>humilietur,</strong></span> <span class='ocrx_word' id='word_1_93' title='bbox 1020 1153 1059 1210; x_wconf 90' lang='grc'><strong>01</strong></span> <span class='ocrx_word' id='word_1_94' title='bbox 1087 1144 1155 1210; x_wconf 89' lang='grc'><strong>0101</strong></span> <span class='ocrx_word' id='word_1_95' title='bbox 1184 1165 1299 1229; x_wconf 89' lang='grc'><strong>000000</strong></span> <span class='ocrx_word' id='word_1_96' title='bbox 1328 1148 1362 1210; x_wconf 92' lang='grc'><strong>10</strong></span> <span class='ocrx_word' id='word_1_97' title='bbox 1387 1159 1390 1242; x_wconf 61' lang='lat' dir='ltr'><strong>q</strong></span> <span class='ocrx_word' id='word_1_98' title='bbox 1416 1165 1516 1227; x_wconf 80' lang='lat' dir='ltr'><strong>regno</strong></span> <span class='ocrx_word' id='word_1_99' title='bbox 1546 1145 1666 1220; x_wconf 86' lang='lat' dir='ltr'><strong>Israel,</strong></span> <span class='ocrx_word' id='word_1_100' title='bbox 1700 1156 1778 1210; x_wconf 90' lang='grc'><strong>1000</strong></span> <span class='ocrx_word' id='word_1_101' title='bbox 1808 1144 1965 1228; x_wconf 77' lang='lat' dir='ltr'><strong>Ephraim</strong></span> <span class='ocrx_word' id='word_1_102' title='bbox 2001 1144 2249 1227; x_wconf 89' lang='lat' dir='ltr'><strong>comprehendit</strong></span> <span class='ocrx_word' id='word_1_103' title='bbox 2278 1146 2392 1210; x_wconf 91' lang='lat' dir='ltr'><strong>decem</strong></span> 
     </span>
     <span class='ocr_line' id='line_1_9' title="bbox 390 1228 2390 1316; baseline -0.003 -18"><span class='ocrx_word' id='word_1_104' title='bbox 390 1234 496 1316; x_wconf 89' lang='lat' dir='ltr'><strong>plana,</strong></span> <span class='ocrx_word' id='word_1_105' title='bbox 519 1244 552 1296; x_wconf 91' lang='grc'><strong>01</strong></span> <span class='ocrx_word' id='word_1_106' title='bbox 574 1230 704 1312; x_wconf 87' lang='lat' dir='ltr'><strong>obliqua</strong></span> <span class='ocrx_word' id='word_1_107' title='bbox 726 1230 778 1296; x_wconf 83' lang='lat' dir='ltr'><strong>vel</strong></span> <span class='ocrx_word' id='word_1_108' title='bbox 802 1239 949 1296; x_wconf 88' lang='lat' dir='ltr'><strong>tortuosa</strong></span> <span class='ocrx_word' id='word_1_109' title='bbox 970 1232 1004 1294; x_wconf 90' lang='lat' dir='ltr'><strong>in</strong></span> <span class='ocrx_word' id='word_1_110' title='bbox 1023 1230 1095 1294; x_wconf 90' lang='lat' dir='ltr'><strong>vies</strong></span> <span class='ocrx_word' id='word_1_111' title='bbox 1118 1243 1234 1298; x_wconf 90' lang='lat' dir='ltr'><strong>rectas.</strong></span> <span class='ocrx_word' id='word_1_112' title='bbox 1263 1231 1363 1296; x_wconf 85' lang='lat' dir='ltr'><strong>Vide·</strong></span> <span class='ocrx_word' id='word_1_113' title='bbox 1416 1230 1529 1295; x_wconf 86' lang='lat' dir='ltr'><strong>tribus.</strong></span> <span class='ocrx_word' id='word_1_114' title='bbox 1564 1228 1632 1297; x_wconf 88' lang='lat' dir='ltr'><strong>Sed</strong></span> <span class='ocrx_word' id='word_1_115' title='bbox 1654 1230 1807 1296; x_wconf 91' lang='lat' dir='ltr'><strong>hocloco</strong></span> <span class='ocrx_word' id='word_1_116' title='bbox 1829 1231 1989 1313; x_wconf 91' lang='lat' dir='ltr'><strong>propheta</strong></span> <span class='ocrx_word' id='word_1_117' title='bbox 2012 1230 2115 1295; x_wconf 88' lang='lat' dir='ltr'><strong>noluit</strong></span> <span class='ocrx_word' id='word_1_118' title='bbox 2137 1250 2257 1312; x_wconf 91' lang='lat' dir='ltr'><strong>ponere</strong></span> <span class='ocrx_word' id='word_1_119' title='bbox 2276 1229 2390 1293; x_wconf 89' lang='lat' dir='ltr'><strong>discri-</strong></span> 
     </span>
     <span class='ocr_line' id='line_1_10' title="bbox 390 1315 2389 1402; baseline -0.003 -20"><span class='ocrx_word' id='word_1_120' title='bbox 390 1339 463 1384; x_wconf 90' lang='lat' dir='ltr'><strong>mus</strong></span> <span class='ocrx_word' id='word_1_121' title='bbox 484 1338 562 1402; x_wconf 81' lang='lat' dir='ltr'><strong>ergo</strong></span> <span class='ocrx_word' id='word_1_122' title='bbox 584 1328 621 1381; x_wconf 91' lang='lat' dir='ltr'><strong>ut</strong></span> <span class='ocrx_word' id='word_1_123' title='bbox 643 1317 841 1383; x_wconf 89' lang='lat' dir='ltr'><strong>conveniant</strong></span> <span class='ocrx_word' id='word_1_124' title='bbox 869 1316 958 1379; x_wconf 87' lang='lat' dir='ltr'><strong>inter</strong></span> <span class='ocrx_word' id='word_1_125' title='bbox 978 1337 1013 1382; x_wconf 90' lang='lat' dir='ltr'><strong>se</strong></span> <span class='ocrx_word' id='word_1_126' title='bbox 1033 1315 1114 1381; x_wconf 91' lang='lat' dir='ltr'><strong>haee</strong></span> <span class='ocrx_word' id='word_1_127' title='bbox 1138 1317 1300 1395; x_wconf 87' lang='lat' dir='ltr'><strong>vaticinia,</strong></span> <span class='ocrx_word' id='word_1_128' title='bbox 1331 1329 1366 1383; x_wconf 93' lang='lat' dir='ltr'><strong>et</strong></span> <span class='ocrx_word' id='word_1_129' title='bbox 1415 1337 1490 1380; x_wconf 92' lang='lat' dir='ltr'><strong>men</strong></span> <span class='ocrx_word' id='word_1_130' title='bbox 1513 1316 1599 1382; x_wconf 90' lang='lat' dir='ltr'><strong>inter</strong></span> <span class='ocrx_word' id='word_1_131' title='bbox 1629 1315 1750 1380; x_wconf 84' lang='lat' dir='ltr'><strong>tribum</strong></span> <span class='ocrx_word' id='word_1_132' title='bbox 1773 1315 1923 1380; x_wconf 89' lang='lat' dir='ltr'><strong>Iehudah</strong></span> <span class='ocrx_word' id='word_1_133' title='bbox 1953 1323 1987 1380; x_wconf 91' lang='lat' dir='ltr'><strong>et</strong></span> <span class='ocrx_word' id='word_1_134' title='bbox 2014 1317 2095 1381; x_wconf 88' lang='lat' dir='ltr'><strong>elias</strong></span> <span class='ocrx_word' id='word_1_135' title='bbox 2125 1315 2237 1382; x_wconf 91' lang='lat' dir='ltr'><strong>decem</strong></span> <span class='ocrx_word' id='word_1_136' title='bbox 2267 1316 2389 1380; x_wconf 87' lang='lat' dir='ltr'><strong>tribus:</strong></span> 
     </span>
     <span class='ocr_line' id='line_1_11' title="bbox 390 1401 2390 1486; baseline -0.002 -18"><span class='ocrx_word' id='word_1_137' title='bbox 390 1403 530 1469; x_wconf 91' lang='lat' dir='ltr'><strong>debeant</strong></span> <span class='ocrx_word' id='word_1_138' title='bbox 563 1403 676 1468; x_wconf 86' lang='grc'><strong>0010001</strong></span> <span class='ocrx_word' id='word_1_139' title='bbox 710 1403 744 1466; x_wconf 90' lang='grc'><strong>10</strong></span> <span class='ocrx_word' id='word_1_140' title='bbox 777 1402 918 1466; x_wconf 89' lang='lat' dir='ltr'><strong>eundem</strong></span> <span class='ocrx_word' id='word_1_141' title='bbox 948 1402 1062 1478; x_wconf 90' lang='lat' dir='ltr'><strong>finem,</strong></span> <span class='ocrx_word' id='word_1_142' title='bbox 1096 1401 1206 1466; x_wconf 91' lang='lat' dir='ltr'><strong>Deum</strong></span> <span class='ocrx_word' id='word_1_143' title='bbox 1240 1403 1363 1469; x_wconf 89' lang='lat' dir='ltr'><strong>scilieet</strong></span> <span class='ocrx_word' id='word_1_144' title='bbox 1415 1402 1491 1485; x_wconf 92' lang='lat' dir='ltr'><strong>quia</strong></span> <span class='ocrx_word' id='word_1_145' title='bbox 1520 1401 1581 1467; x_wconf 93' lang='lat' dir='ltr'><strong>hoo</strong></span> <span class='ocrx_word' id='word_1_146' title='bbox 1607 1411 1693 1466; x_wconf 89' lang='grc'><strong>00001</strong></span> <span class='ocrx_word' id='word_1_147' title='bbox 1726 1401 1904 1466; x_wconf 85' lang='lat' dir='ltr'><strong>absurdum</strong></span> <span class='ocrx_word' id='word_1_148' title='bbox 1935 1401 2096 1486; x_wconf 81' lang='lat' dir='ltr'><strong>Ephraim</strong></span> <span class='ocrx_word' id='word_1_149' title='bbox 2133 1402 2390 1484; x_wconf 84' lang='lat' dir='ltr'><strong>primogenitum</strong></span> 
     </span>
     <span class='ocr_line' id='line_1_12' title="bbox 391 1486 2391 1572; baseline -0.001 -20"><span class='ocrx_word' id='word_1_150' title='bbox 391 1490 458 1555; x_wconf 85' lang='lat' dir='ltr'><strong>tore</strong></span> <span class='ocrx_word' id='word_1_151' title='bbox 488 1490 687 1572; x_wconf 90' lang='lat' dir='ltr'><strong>superiorem</strong></span> <span class='ocrx_word' id='word_1_152' title='bbox 714 1488 864 1553; x_wconf 91' lang='lat' dir='ltr'><strong>omnibus</strong></span> <span class='ocrx_word' id='word_1_153' title='bbox 885 1486 1130 1570; x_wconf 79' lang='lat' dir='ltr'><strong>impedimentis</strong></span> <span class='ocrx_word' id='word_1_154' title='bbox 1151 1509 1254 1570; x_wconf 92' lang='lat' dir='ltr'><strong>quum</strong></span> <span class='ocrx_word' id='word_1_155' title='bbox 1274 1489 1363 1555; x_wconf 91' lang='lat' dir='ltr'><strong>volet</strong></span> <span class='ocrx_word' id='word_1_156' title='bbox 1416 1487 1545 1553; x_wconf 89' lang='lat' dir='ltr'><strong>vocari:</strong></span> <span class='ocrx_word' id='word_1_157' title='bbox 1578 1486 1710 1554; x_wconf 82' lang='lat' dir='ltr'><strong>Scimus</strong></span> <span class='ocrx_word' id='word_1_158' title='bbox 1732 1490 1817 1552; x_wconf 92' lang='lat' dir='ltr'><strong>enim</strong></span> <span class='ocrx_word' id='word_1_159' title='bbox 1840 1487 1998 1552; x_wconf 91' lang='lat' dir='ltr'><strong>reiectum</strong></span> <span class='ocrx_word' id='word_1_160' title='bbox 2029 1488 2127 1553; x_wconf 88' lang='grc'><strong>101000</strong></span> <span class='ocrx_word' id='word_1_161' title='bbox 2151 1487 2310 1570; x_wconf 86' lang='lat' dir='ltr'><strong>Ephraim</strong></span> <span class='ocrx_word' id='word_1_162' title='bbox 2339 1508 2391 1551; x_wconf 93' lang='lat' dir='ltr'><strong>re·</strong></span> 
     </span>
     <span class='ocr_line' id='line_1_13' title="bbox 391 1572 2390 1659; baseline -0.003 -18"><span class='ocrx_word' id='word_1_163' title='bbox 391 1594 523 1641; x_wconf 88' lang='lat' dir='ltr'><strong>servare</strong></span> <span class='ocrx_word' id='word_1_164' title='bbox 552 1574 720 1639; x_wconf 89' lang='lat' dir='ltr'><strong>ecclesiam</strong></span> <span class='ocrx_word' id='word_1_165' title='bbox 750 1594 853 1652; x_wconf 91' lang='lat' dir='ltr'><strong>suam,</strong></span> <span class='ocrx_word' id='word_1_166' title='bbox 883 1574 960 1655; x_wconf 91' lang='lat' dir='ltr'><strong>quia</strong></span> <span class='ocrx_word' id='word_1_167' title='bbox 979 1583 1148 1655; x_wconf 87' lang='lat' dir='ltr'><strong>uteunque</strong></span> <span class='ocrx_word' id='word_1_168' title='bbox 1175 1576 1363 1659; x_wconf 90' lang='lat' dir='ltr'><strong>conspirent</strong></span> <span class='ocrx_word' id='word_1_169' title='bbox 1415 1584 1528 1656; x_wconf 88' lang='lat' dir='ltr'><strong>speetu</strong></span> <span class='ocrx_word' id='word_1_170' title='bbox 1558 1572 1711 1648; x_wconf 68' lang='lat' dir='ltr'><strong>Dividit,</strong></span> <span class='ocrx_word' id='word_1_171' title='bbox 1746 1572 2018 1654; x_wconf 87' lang='lat' dir='ltr'><strong>quemadmodum</strong></span> <span class='ocrx_word' id='word_1_172' title='bbox 2047 1573 2164 1638; x_wconf 89' lang='lat' dir='ltr'><strong>dicitur</strong></span> <span class='ocrx_word' id='word_1_173' title='bbox 2195 1572 2326 1637; x_wconf 89' lang='lat' dir='ltr'><strong>Psalmo</strong></span> <span class='ocrx_word' id='word_1_174' title='bbox 2350 1573 2390 1636; x_wconf 85' lang='grc'><strong>18</strong></span> 
     </span>
     <span class='ocr_line' id='line_1_14' title="bbox 390 1656 2392 1744; baseline -0.002 -18"><span class='ocrx_word' id='word_1_175' title='bbox 390 1663 500 1727; x_wconf 90' lang='lat' dir='ltr'><strong>omnia</strong></span> <span class='ocrx_word' id='word_1_176' title='bbox 531 1660 693 1726; x_wconf 90' lang='lat' dir='ltr'><strong>elementa</strong></span> <span class='ocrx_word' id='word_1_177' title='bbox 726 1660 882 1724; x_wconf 89' lang='lat' dir='ltr'><strong>adversus</strong></span> <span class='ocrx_word' id='word_1_178' title='bbox 915 1659 1053 1725; x_wconf 89' lang='lat' dir='ltr'><strong>salntem</strong></span> <span class='ocrx_word' id='word_1_179' title='bbox 1088 1659 1231 1742; x_wconf 91' lang='lat' dir='ltr'><strong>piorum,</strong></span> <span class='ocrx_word' id='word_1_180' title='bbox 1272 1661 1363 1727; x_wconf 89' lang='lat' dir='ltr'><strong>Deus</strong></span> <span class='ocrx_word' id='word_1_181' title='bbox 1415 1657 1459 1744; x_wconf 91' lang='lat' dir='ltr'><strong>(v.</strong></span> <span class='ocrx_word' id='word_1_182' title='bbox 1483 1657 1538 1744; x_wconf 87' lang='grc'><strong>61)</strong></span> <span class='ocrx_word' id='word_1_183' title='bbox 1569 1668 1602 1723; x_wconf 90' lang='grc'><strong>01</strong></span> <span class='ocrx_word' id='word_1_184' title='bbox 1628 1658 1809 1723; x_wconf 88' lang='grc'><strong>1010010100</strong></span> <span class='ocrx_word' id='word_1_185' title='bbox 1839 1664 1890 1723; x_wconf 89' lang='grc'><strong>001</strong></span> <span class='ocrx_word' id='word_1_186' title='bbox 1912 1659 2005 1724; x_wconf 88' lang='lat' dir='ltr'><strong>Deus</strong></span> <span class='ocrx_word' id='word_1_187' title='bbox 2033 1659 2154 1723; x_wconf 87' lang='lat' dir='ltr'><strong>tribum</strong></span> <span class='ocrx_word' id='word_1_188' title='bbox 2186 1656 2324 1740; x_wconf 90' lang='lat' dir='ltr'><strong>Ioseph,</strong></span> <span class='ocrx_word' id='word_1_189' title='bbox 2358 1669 2392 1721; x_wconf 90' lang='lat' dir='ltr'><strong>et</strong></span> 
     </span>
     <span class='ocr_line' id='line_1_15' title="bbox 391 1743 2390 1829; baseline -0.002 -19"><span class='ocrx_word' id='word_1_190' title='bbox 391 1760 500 1811; x_wconf 87' lang='lat' dir='ltr'><strong>tamen</strong></span> <span class='ocrx_word' id='word_1_191' title='bbox 523 1748 642 1827; x_wconf 88' lang='lat' dir='ltr'><strong>poterit</strong></span> <span class='ocrx_word' id='word_1_192' title='bbox 664 1765 730 1810; x_wconf 94' lang='lat' dir='ltr'><strong>uno</strong></span> <span class='ocrx_word' id='word_1_193' title='bbox 751 1745 834 1809; x_wconf 87' lang='grc'><strong>11010</strong></span> <span class='ocrx_word' id='word_1_194' title='bbox 857 1744 1016 1810; x_wconf 87' lang='lat' dir='ltr'><strong>discutere</strong></span> <span class='ocrx_word' id='word_1_195' title='bbox 1038 1745 1158 1826; x_wconf 88' lang='lat' dir='ltr'><strong>omnia,</strong></span> <span class='ocrx_word' id='word_1_196' title='bbox 1188 1755 1221 1810; x_wconf 90' lang='lat' dir='ltr'><strong>et</strong></span> <span class='ocrx_word' id='word_1_197' title='bbox 1243 1746 1362 1812; x_wconf 91' lang='lat' dir='ltr'><strong>altissi-</strong></span> <span class='ocrx_word' id='word_1_198' title='bbox 1415 1745 1625 1810; x_wconf 84' lang='lat' dir='ltr'><strong>tabernacula</strong></span> <span class='ocrx_word' id='word_1_199' title='bbox 1648 1744 1807 1826; x_wconf 89' lang='lat' dir='ltr'><strong>Ephraim</strong></span> <span class='ocrx_word' id='word_1_200' title='bbox 1832 1746 1960 1810; x_wconf 88' lang='lat' dir='ltr'><strong>reiecit:</strong></span> <span class='ocrx_word' id='word_1_201' title='bbox 1984 1745 2083 1829; x_wconf 84' lang='lat' dir='ltr'><strong>elegit</strong></span> <span class='ocrx_word' id='word_1_202' title='bbox 2100 1744 2221 1809; x_wconf 91' lang='lat' dir='ltr'><strong>tribum</strong></span> <span class='ocrx_word' id='word_1_203' title='bbox 2237 1743 2390 1808; x_wconf 91' lang='lat' dir='ltr'><strong>Iehudah</strong></span> 
     </span>
     <span class='ocr_line' id='line_1_16' title="bbox 391 1829 2388 1914; baseline -0.002 -18"><span class='ocrx_word' id='word_1_204' title='bbox 391 1852 461 1896; x_wconf 90' lang='lat' dir='ltr'><strong>mos</strong></span> <span class='ocrx_word' id='word_1_205' title='bbox 483 1851 696 1914; x_wconf 86' lang='lat' dir='ltr'><strong>quoscunque</strong></span> <span class='ocrx_word' id='word_1_206' title='bbox 724 1840 852 1897; x_wconf 89' lang='lat' dir='ltr'><strong>montes</strong></span> <span class='ocrx_word' id='word_1_207' title='bbox 882 1831 937 1914; x_wconf 91' lang='lat' dir='ltr'><strong>qui</strong></span> <span class='ocrx_word' id='word_1_208' title='bbox 959 1841 1130 1897; x_wconf 91' lang='lat' dir='ltr'><strong>occurrent</strong></span> <span class='ocrx_word' id='word_1_209' title='bbox 1153 1829 1301 1912; x_wconf 91' lang='lat' dir='ltr'><strong>deiicere,</strong></span> <span class='ocrx_word' id='word_1_210' title='bbox 1330 1841 1364 1898; x_wconf 91' lang='lat' dir='ltr'><strong>et</strong></span> <span class='ocrx_word' id='word_1_211' title='bbox 1415 1851 1512 1914; x_wconf 91' lang='lat' dir='ltr'><strong>quam</strong></span> <span class='ocrx_word' id='word_1_212' title='bbox 1546 1830 1677 1895; x_wconf 78' lang='lat' dir='ltr'><strong>dilexit:</strong></span> <span class='ocrx_word' id='word_1_213' title='bbox 1719 1829 1786 1896; x_wconf 93' lang='lat' dir='ltr'><strong>illic</strong></span> <span class='ocrx_word' id='word_1_214' title='bbox 1818 1831 1856 1895; x_wconf 91' lang='lat' dir='ltr'><strong>fit</strong></span> <span class='ocrx_word' id='word_1_215' title='bbox 1889 1832 2089 1913; x_wconf 88' lang='lat' dir='ltr'><strong>comparatio</strong></span> <span class='ocrx_word' id='word_1_216' title='bbox 2129 1831 2216 1895; x_wconf 88' lang='lat' dir='ltr'><strong>inter</strong></span> <span class='ocrx_word' id='word_1_217' title='bbox 2249 1850 2388 1912; x_wconf 79' lang='lat' dir='ltr'><strong>regnum</strong></span> 
     </span>
     <span class='ocr_line' id='line_1_17' title="bbox 390 1914 2391 2001; baseline -0.001 -19"><span class='ocrx_word' id='word_1_218' title='bbox 390 1917 468 1983; x_wconf 90' lang='lat' dir='ltr'><strong>dere</strong></span> <span class='ocrx_word' id='word_1_219' title='bbox 491 1917 608 1982; x_wconf 89' lang='lat' dir='ltr'><strong>fluvios</strong></span> <span class='ocrx_word' id='word_1_220' title='bbox 630 1937 688 2001; x_wconf 91' lang='lat' dir='ltr'><strong>per</strong></span> <span class='ocrx_word' id='word_1_221' title='bbox 711 1916 883 1992; x_wconf 90' lang='lat' dir='ltr'><strong>desertum,</strong></span> <span class='ocrx_word' id='word_1_222' title='bbox 906 1929 939 1982; x_wconf 89' lang='lat' dir='ltr'><strong>et</strong></span> <span class='ocrx_word' id='word_1_223' title='bbox 961 1921 1082 1981; x_wconf 92' lang='lat' dir='ltr'><strong>terram</strong></span> <span class='ocrx_word' id='word_1_224' title='bbox 1106 1915 1241 1996; x_wconf 89' lang='lat' dir='ltr'><strong>aridam,</strong></span> <span class='ocrx_word' id='word_1_225' title='bbox 1264 1927 1297 1984; x_wconf 91' lang='grc'><strong>01</strong></span> <span class='ocrx_word' id='word_1_226' title='bbox 1316 1918 1363 1983; x_wconf 85' lang='grc'><strong>110</strong></span> <span class='ocrx_word' id='word_1_227' title='bbox 1414 1914 1583 1994; x_wconf 91' lang='lat' dir='ltr'><strong>Iehudah,</strong></span> <span class='ocrx_word' id='word_1_228' title='bbox 1612 1914 1699 1999; x_wconf 89' lang='lat' dir='ltr'><strong>quod</strong></span> <span class='ocrx_word' id='word_1_229' title='bbox 1724 1916 1816 1980; x_wconf 90' lang='lat' dir='ltr'><strong>Deus</strong></span> <span class='ocrx_word' id='word_1_230' title='bbox 1844 1916 1916 1998; x_wconf 92' lang='lat' dir='ltr'><strong>ipse</strong></span> <span class='ocrx_word' id='word_1_231' title='bbox 1945 1917 2096 1982; x_wconf 85' lang='lat' dir='ltr'><strong>erexerat</strong></span> <span class='ocrx_word' id='word_1_232' title='bbox 2118 1915 2229 1982; x_wconf 89' lang='lat' dir='ltr'><strong>addita</strong></span> <span class='ocrx_word' id='word_1_233' title='bbox 2251 1917 2391 1996; x_wconf 90' lang='lat' dir='ltr'><strong>promis·</strong></span> 
     </span>
     <span class='ocr_line' id='line_1_18' title="bbox 388 2000 2390 2086; baseline -0.001 -19"><span class='ocrx_word' id='word_1_234' title='bbox 388 2001 545 2086; x_wconf 89' lang='lat' dir='ltr'><strong>quidquid</strong></span> <span class='ocrx_word' id='word_1_235' title='bbox 576 2001 709 2067; x_wconf 90' lang='lat' dir='ltr'><strong>videtur</strong></span> <span class='ocrx_word' id='word_1_236' title='bbox 741 2004 939 2068; x_wconf 90' lang='lat' dir='ltr'><strong>contrarium</strong></span> <span class='ocrx_word' id='word_1_237' title='bbox 973 2023 1045 2068; x_wconf 90' lang='lat' dir='ltr'><strong>esse</strong></span> <span class='ocrx_word' id='word_1_238' title='bbox 1076 2002 1176 2067; x_wconf 91' lang='lat' dir='ltr'><strong>saluti</strong></span> <span class='ocrx_word' id='word_1_239' title='bbox 1209 2003 1362 2069; x_wconf 76' lang='lat' dir='ltr'><strong>adelasiae</strong></span> <span class='ocrx_word' id='word_1_240' title='bbox 1415 2002 1516 2078; x_wconf 90' lang='lat' dir='ltr'><strong>sione,</strong></span> <span class='ocrx_word' id='word_1_241' title='bbox 1547 2012 1579 2065; x_wconf 89' lang='lat' dir='ltr'><strong>et</strong></span> <span class='ocrx_word' id='word_1_242' title='bbox 1600 2002 1688 2067; x_wconf 88' lang='lat' dir='ltr'><strong>inter</strong></span> <span class='ocrx_word' id='word_1_243' title='bbox 1711 2021 1852 2085; x_wconf 78' lang='lat' dir='ltr'><strong>regnam</strong></span> <span class='ocrx_word' id='word_1_244' title='bbox 1873 2000 2061 2085; x_wconf 87' lang='lat' dir='ltr'><strong>Iarobeem,</strong></span> <span class='ocrx_word' id='word_1_245' title='bbox 2093 2001 2178 2084; x_wconf 93' lang='lat' dir='ltr'><strong>quod</strong></span> <span class='ocrx_word' id='word_1_246' title='bbox 2202 2011 2273 2065; x_wconf 89' lang='grc'><strong>0001</strong></span> <span class='ocrx_word' id='word_1_247' title='bbox 2295 2001 2390 2082; x_wconf 85' lang='lat' dir='ltr'><strong>quasi</strong></span> 
     </span>
     <span class='ocr_line' id='line_1_19' title="bbox 389 2085 2390 2173; baseline -0.002 -20"><span class='ocrx_word' id='word_1_248' title='bbox 389 2091 510 2172; x_wconf 90' lang='lat' dir='ltr'><strong>poterit</strong></span> <span class='ocrx_word' id='word_1_249' title='bbox 542 2107 658 2173; x_wconf 83' lang='lat' dir='ltr'><strong>cogere</strong></span> <span class='ocrx_word' id='word_1_250' title='bbox 686 2089 720 2152; x_wconf 91' lang='lat' dir='ltr'><strong>in</strong></span> <span class='ocrx_word' id='word_1_251' title='bbox 743 2109 840 2153; x_wconf 88' lang='lat' dir='ltr'><strong>suum</strong></span> <span class='ocrx_word' id='word_1_252' title='bbox 862 2089 1061 2172; x_wconf 88' lang='lat' dir='ltr'><strong>obsequium.</strong></span> <span class='ocrx_word' id='word_1_253' title='bbox 1106 2088 1225 2154; x_wconf 88' lang='lat' dir='ltr'><strong>Postea</strong></span> <span class='ocrx_word' id='word_1_254' title='bbox 1247 2090 1363 2154; x_wconf 88' lang='lat' dir='ltr'><strong>ediun·</strong></span> <span class='ocrx_word' id='word_1_255' title='bbox 1415 2087 1645 2153; x_wconf 83' lang='lat' dir='ltr'><strong>adulterinum.</strong></span> <span class='ocrx_word' id='word_1_256' title='bbox 1691 2085 1753 2152; x_wconf 87' lang='lat' dir='ltr'><strong>Illa</strong></span> <span class='ocrx_word' id='word_1_257' title='bbox 1776 2088 1863 2151; x_wconf 91' lang='lat' dir='ltr'><strong>enim</strong></span> <span class='ocrx_word' id='word_1_258' title='bbox 1892 2086 2027 2153; x_wconf 93' lang='grc'><strong>10100110</strong></span> <span class='ocrx_word' id='word_1_259' title='bbox 2058 2109 2079 2152; x_wconf 88' lang='grc'><strong>0</strong></span> <span class='ocrx_word' id='word_1_260' title='bbox 2104 2086 2228 2152; x_wconf 81' lang='lat' dir='ltr'><strong>familia</strong></span> <span class='ocrx_word' id='word_1_261' title='bbox 2252 2085 2390 2151; x_wconf 89' lang='lat' dir='ltr'><strong>Davidis</strong></span> 
     </span>
     <span class='ocr_line' id='line_1_20' title="bbox 389 2172 2391 2259; baseline -0.002 -19"><span class='ocrx_word' id='word_1_262' title='bbox 389 2175 453 2259; x_wconf 83' lang='lat' dir='ltr'><strong>git,</strong></span> <span class='ocrx_word' id='word_1_263' title='bbox 486 2174 570 2258; x_wconf 80' lang='lat' dir='ltr'><strong>Quia</strong></span> <span class='ocrx_word' id='word_1_264' title='bbox 591 2194 643 2240; x_wconf 83' lang='lat' dir='ltr'><strong>ere</strong></span> <span class='ocrx_word' id='word_1_265' title='bbox 666 2173 783 2239; x_wconf 82' lang='lat' dir='ltr'><strong>Israeli</strong></span> <span class='ocrx_word' id='word_1_266' title='bbox 804 2174 990 2258; x_wconf 74' lang='grc' dir='ltr'><strong>10000100οι,</strong></span> <span class='ocrx_word' id='word_1_267' title='bbox 1019 2177 1047 2240; x_wconf 87' lang='grc'><strong>01</strong></span> <span class='ocrx_word' id='word_1_268' title='bbox 1068 2172 1227 2258; x_wconf 82' lang='lat' dir='ltr'><strong>Ephraim</strong></span> <span class='ocrx_word' id='word_1_269' title='bbox 1243 2175 1363 2256; x_wconf 75' lang='grc'><strong>001000-</strong></span> <span class='ocrx_word' id='word_1_270' title='bbox 1415 2174 1589 2257; x_wconf 87' lang='lat' dir='ltr'><strong>abruperat</strong></span> <span class='ocrx_word' id='word_1_271' title='bbox 1611 2193 1730 2254; x_wconf 90' lang='lat' dir='ltr'><strong>corpus</strong></span> <span class='ocrx_word' id='word_1_272' title='bbox 1752 2173 1917 2250; x_wconf 91' lang='lat' dir='ltr'><strong>ecclesiae,</strong></span> <span class='ocrx_word' id='word_1_273' title='bbox 1944 2173 1992 2238; x_wconf 91' lang='lat' dir='ltr'><strong>ita</strong></span> <span class='ocrx_word' id='word_1_274' title='bbox 2013 2185 2050 2237; x_wconf 93' lang='lat' dir='ltr'><strong>ut</strong></span> <span class='ocrx_word' id='word_1_275' title='bbox 2069 2183 2153 2238; x_wconf 89' lang='lat' dir='ltr'><strong>essct</strong></span> <span class='ocrx_word' id='word_1_276' title='bbox 2175 2173 2269 2255; x_wconf 90' lang='lat' dir='ltr'><strong>quasi</strong></span> <span class='ocrx_word' id='word_1_277' title='bbox 2293 2173 2391 2236; x_wconf 89' lang='lat' dir='ltr'><strong>mati·</strong></span> 
     </span>
     <span class='ocr_line' id='line_1_21' title="bbox 386 2256 2392 2345; baseline -0.002 -19"><span class='ocrx_word' id='word_1_278' title='bbox 386 2261 511 2345; x_wconf 68' lang='lat' dir='ltr'><strong>paneas</strong></span> <span class='ocrx_word' id='word_1_279' title='bbox 534 2279 622 2326; x_wconf 83' lang='lat' dir='ltr'><strong>meus</strong></span> <span class='ocrx_word' id='word_1_280' title='bbox 642 2260 719 2341; x_wconf 86' lang='lat' dir='ltr'><strong>ipse,</strong></span> <span class='ocrx_word' id='word_1_281' title='bbox 750 2260 801 2325; x_wconf 91' lang='lat' dir='ltr'><strong>vel</strong></span> <span class='ocrx_word' id='word_1_282' title='bbox 825 2263 901 2336; x_wconf 89' lang='lat' dir='ltr'><strong>erit,</strong></span> <span class='ocrx_word' id='word_1_283' title='bbox 931 2279 1008 2324; x_wconf 91' lang='lat' dir='ltr'><strong>nam</strong></span> <span class='ocrx_word' id='word_1_284' title='bbox 1031 2272 1088 2327; x_wconf 71' lang='lat' dir='ltr'><strong>itta</strong></span> <span class='ocrx_word' id='word_1_285' title='bbox 1112 2261 1272 2343; x_wconf 87' lang='lat' dir='ltr'><strong>accipitur</strong></span> <span class='ocrx_word' id='word_1_286' title='bbox 1293 2261 1363 2326; x_wconf 93' lang='lat' dir='ltr'><strong>loeo</strong></span> <span class='ocrx_word' id='word_1_287' title='bbox 1415 2260 1492 2324; x_wconf 92' lang='lat' dir='ltr'><strong>lum.</strong></span> <span class='ocrx_word' id='word_1_288' title='bbox 1527 2258 1598 2324; x_wconf 89' lang='lat' dir='ltr'><strong>Hac</strong></span> <span class='ocrx_word' id='word_1_289' title='bbox 1621 2261 1746 2324; x_wconf 91' lang='lat' dir='ltr'><strong>ratione</strong></span> <span class='ocrx_word' id='word_1_290' title='bbox 1763 2258 1881 2323; x_wconf 91' lang='lat' dir='ltr'><strong>dicitur</strong></span> <span class='ocrx_word' id='word_1_291' title='bbox 1896 2259 2087 2341; x_wconf 89' lang='lat' dir='ltr'><strong>reprobatus</strong></span> <span class='ocrx_word' id='word_1_292' title='bbox 2103 2260 2203 2324; x_wconf 85' lang='lat' dir='ltr'><strong>tuisse</strong></span> <span class='ocrx_word' id='word_1_293' title='bbox 2220 2256 2392 2340; x_wconf 84' lang='lat' dir='ltr'><strong>Ephraim,</strong></span> 
     </span>
     <span class='ocr_line' id='line_1_22' title="bbox 390 2343 2392 2430; baseline -0.002 -19"><span class='ocrx_word' id='word_1_294' title='bbox 390 2345 492 2429; x_wconf 92' lang='lat' dir='ltr'><strong>verbi,</strong></span> <span class='ocrx_word' id='word_1_295' title='bbox 527 2355 564 2409; x_wconf 92' lang='lat' dir='ltr'><strong>ut</strong></span> <span class='ocrx_word' id='word_1_296' title='bbox 587 2346 667 2410; x_wconf 89' lang='lat' dir='ltr'><strong>satis</strong></span> <span class='ocrx_word' id='word_1_297' title='bbox 700 2357 812 2410; x_wconf 88' lang='lat' dir='ltr'><strong>notum</strong></span> <span class='ocrx_word' id='word_1_298' title='bbox 843 2356 902 2411; x_wconf 90' lang='lat' dir='ltr'><strong>est.</strong></span> <span class='ocrx_word' id='word_1_299' title='bbox 947 2345 1012 2410; x_wconf 91' lang='lat' dir='ltr'><strong>Hic</strong></span> <span class='ocrx_word' id='word_1_300' title='bbox 1041 2365 1172 2411; x_wconf 89' lang='lat' dir='ltr'><strong>causam</strong></span> <span class='ocrx_word' id='word_1_301' title='bbox 1206 2355 1238 2410; x_wconf 90' lang='lat' dir='ltr'><strong>et</strong></span> <span class='ocrx_word' id='word_1_302' title='bbox 1271 2347 1364 2430; x_wconf 90' lang='lat' dir='ltr'><strong>quasi</strong></span> <span class='ocrx_word' id='word_1_303' title='bbox 1414 2346 1490 2428; x_wconf 92' lang='lat' dir='ltr'><strong>quia</strong></span> <span class='ocrx_word' id='word_1_304' title='bbox 1513 2344 1637 2410; x_wconf 89' lang='lat' dir='ltr'><strong>seilicet</strong></span> <span class='ocrx_word' id='word_1_305' title='bbox 1659 2343 1751 2409; x_wconf 91' lang='lat' dir='ltr'><strong>Deus</strong></span> <span class='ocrx_word' id='word_1_306' title='bbox 1773 2344 1878 2409; x_wconf 88' lang='lat' dir='ltr'><strong>solum</strong></span> <span class='ocrx_word' id='word_1_307' title='bbox 1899 2345 2070 2422; x_wconf 89' lang='lat' dir='ltr'><strong>Davidem,</strong></span> <span class='ocrx_word' id='word_1_308' title='bbox 2093 2353 2126 2410; x_wconf 90' lang='grc'><strong>01</strong></span> <span class='ocrx_word' id='word_1_309' title='bbox 2149 2345 2220 2409; x_wconf 89' lang='grc'><strong>0100</strong></span> <span class='ocrx_word' id='word_1_310' title='bbox 2243 2354 2392 2425; x_wconf 90' lang='lat' dir='ltr'><strong>posteros</strong></span> 
     </span>
    </p>
   </div>
   <div class='ocr_carea' id='block_1_5' title="bbox 389 2429 2530 2516">
    <p class='ocr_par' dir='ltr' id='par_1_5' title="bbox 389 2429 2530 2516">
     <span class='ocr_line' id='line_1_23' title="bbox 389 2429 2530 2516; baseline -0.002 -20"><span class='ocrx_word' id='word_1_311' title='bbox 389 2434 511 2496; x_wconf 82' lang='lat' dir='ltr'><strong>iontem</strong></span> <span class='ocrx_word' id='word_1_312' title='bbox 546 2431 748 2496; x_wconf 87' lang='lat' dir='ltr'><strong>demonstrat</strong></span> <span class='ocrx_word' id='word_1_313' title='bbox 780 2431 938 2496; x_wconf 89' lang='lat' dir='ltr'><strong>Ieremias</strong></span> <span class='ocrx_word' id='word_1_314' title='bbox 971 2430 1189 2506; x_wconf 86' lang='lat' dir='ltr'><strong>liberationis,</strong></span> <span class='ocrx_word' id='word_1_315' title='bbox 1227 2432 1266 2497; x_wconf 91' lang='lat' dir='ltr'><strong>de</strong></span> <span class='ocrx_word' id='word_1_316' title='bbox 1299 2453 1364 2516; x_wconf 89' lang='lat' dir='ltr'><strong>qua</strong></span> <span class='ocrx_word' id='word_1_317' title='bbox 1415 2441 1551 2514; x_wconf 89' lang='lat' dir='ltr'><strong>paterno</strong></span> <span class='ocrx_word' id='word_1_318' title='bbox 1573 2431 1683 2494; x_wconf 81' lang='lat' dir='ltr'><strong>favore</strong></span> <span class='ocrx_word' id='word_1_319' title='bbox 1706 2429 1879 2512; x_wconf 84' lang='lat' dir='ltr'><strong>amplexus</strong></span> <span class='ocrx_word' id='word_1_320' title='bbox 1901 2442 1968 2494; x_wconf 91' lang='lat' dir='ltr'><strong>est:</strong></span> <span class='ocrx_word' id='word_1_321' title='bbox 1991 2442 2026 2496; x_wconf 89' lang='grc'><strong>01</strong></span> <span class='ocrx_word' id='word_1_322' title='bbox 2047 2431 2087 2495; x_wconf 89' lang='grc'><strong>10</strong></span> <span class='ocrx_word' id='word_1_323' title='bbox 2110 2439 2180 2495; x_wconf 86' lang='grc'><strong>1010</strong></span> <span class='ocrx_word' id='word_1_324' title='bbox 2195 2429 2253 2494; x_wconf 88' lang='grc'><strong>1110</strong></span> <span class='ocrx_word' id='word_1_325' title='bbox 2268 2429 2393 2494; x_wconf 83' lang='lat' dir='ltr'><strong>familie</strong></span> <span class='ocrx_word' id='word_1_326' title='bbox 2529 2463 2530 2468; x_wconf 43' lang='lat'>1</span> 
     </span>
    </p>
   </div>
   <div class='ocr_carea' id='block_1_6' title="bbox 388 2514 2396 3628">
    <p class='ocr_par' dir='ltr' id='par_1_6' title="bbox 388 2514 2396 3628">
     <span class='ocr_line' id='line_1_24' title="bbox 388 2514 2393 2601; baseline -0.002 -19"><span class='ocrx_word' id='word_1_327' title='bbox 388 2516 548 2582; x_wconf 88' lang='lat' dir='ltr'><strong>hactenus</strong></span> <span class='ocrx_word' id='word_1_328' title='bbox 571 2515 732 2594; x_wconf 88' lang='lat' dir='ltr'><strong>disseruit,</strong></span> <span class='ocrx_word' id='word_1_329' title='bbox 755 2536 872 2600; x_wconf 92' lang='lat' dir='ltr'><strong>nempe</strong></span> <span class='ocrx_word' id='word_1_330' title='bbox 894 2517 971 2600; x_wconf 88' lang='lat' dir='ltr'><strong>quie</strong></span> <span class='ocrx_word' id='word_1_331' title='bbox 984 2517 1074 2583; x_wconf 91' lang='lat' dir='ltr'><strong>Deus</strong></span> <span class='ocrx_word' id='word_1_332' title='bbox 1092 2538 1127 2581; x_wconf 88' lang='lat' dir='ltr'><strong>se</strong></span> <span class='ocrx_word' id='word_1_333' title='bbox 1142 2518 1365 2584; x_wconf 90' lang='lat' dir='ltr'><strong>reconciliabit</strong></span> <span class='ocrx_word' id='word_1_334' title='bbox 1416 2516 1539 2582; x_wconf 89' lang='lat' dir='ltr'><strong>dictum</strong></span> <span class='ocrx_word' id='word_1_335' title='bbox 1562 2516 1624 2580; x_wconf 89' lang='grc'><strong>1011</strong></span> <span class='ocrx_word' id='word_1_336' title='bbox 1646 2516 1746 2599; x_wconf 91' lang='lat' dir='ltr'><strong>(Psal.</strong></span> <span class='ocrx_word' id='word_1_337' title='bbox 1766 2515 1818 2594; x_wconf 88' lang='grc'><strong>89,</strong></span> <span class='ocrx_word' id='word_1_338' title='bbox 1836 2514 1903 2601; x_wconf 78' lang='grc'><strong>21),</strong></span> <span class='ocrx_word' id='word_1_339' title='bbox 1925 2516 2001 2598; x_wconf 89' lang='grc'><strong>1000</strong></span> <span class='ocrx_word' id='word_1_340' title='bbox 2022 2516 2189 2581; x_wconf 89' lang='lat' dir='ltr'><strong>invocabit</strong></span> <span class='ocrx_word' id='word_1_341' title='bbox 2212 2535 2273 2590; x_wconf 84' lang='lat' dir='ltr'><strong>me,</strong></span> <span class='ocrx_word' id='word_1_342' title='bbox 2298 2525 2393 2598; x_wconf 90' lang='lat' dir='ltr'><strong>pater</strong></span> 
     </span>
     <span class='ocr_line' id='line_1_25' title="bbox 391 2600 2392 2685; baseline -0.002 -19"><span class='ocrx_word' id='word_1_343' title='bbox 391 2601 518 2685; x_wconf 88' lang='lat' dir='ltr'><strong>populo.</strong></span> <span class='ocrx_word' id='word_1_344' title='bbox 564 2600 737 2685; x_wconf 80' lang='lat' dir='ltr'><strong>Significat</strong></span> <span class='ocrx_word' id='word_1_345' title='bbox 758 2611 869 2668; x_wconf 89' lang='lat' dir='ltr'><strong>autem</strong></span> <span class='ocrx_word' id='word_1_346' title='bbox 892 2602 989 2667; x_wconf 87' lang='lat' dir='ltr'><strong>simul</strong></span> <span class='ocrx_word' id='word_1_347' title='bbox 1016 2621 1149 2667; x_wconf 89' lang='lat' dir='ltr'><strong>eausam</strong></span> <span class='ocrx_word' id='word_1_348' title='bbox 1178 2604 1299 2676; x_wconf 83' lang='lat' dir='ltr'><strong>exsilii,</strong></span> <span class='ocrx_word' id='word_1_349' title='bbox 1331 2615 1364 2668; x_wconf 91' lang='lat' dir='ltr'><strong>et</strong></span> <span class='ocrx_word' id='word_1_350' title='bbox 1416 2623 1508 2668; x_wconf 90' lang='lat' dir='ltr'><strong>meua</strong></span> <span class='ocrx_word' id='word_1_351' title='bbox 1531 2612 1583 2667; x_wconf 87' lang='lat' dir='ltr'><strong>tu:</strong></span> <span class='ocrx_word' id='word_1_352' title='bbox 1617 2622 1678 2685; x_wconf 82' lang='lat' dir='ltr'><strong>ego</strong></span> <span class='ocrx_word' id='word_1_353' title='bbox 1710 2601 1852 2666; x_wconf 89' lang='lat' dir='ltr'><strong>vicissim</strong></span> <span class='ocrx_word' id='word_1_354' title='bbox 1883 2601 2007 2679; x_wconf 91' lang='lat' dir='ltr'><strong>dicam,</strong></span> <span class='ocrx_word' id='word_1_355' title='bbox 2041 2602 2091 2665; x_wconf 81' lang='grc'><strong>’10</strong></span> <span class='ocrx_word' id='word_1_356' title='bbox 2115 2622 2149 2666; x_wconf 92' lang='grc'><strong>00</strong></span> <span class='ocrx_word' id='word_1_357' title='bbox 2171 2601 2257 2666; x_wconf 87' lang='lat' dir='ltr'><strong>filius</strong></span> <span class='ocrx_word' id='word_1_358' title='bbox 2281 2621 2392 2666; x_wconf 87' lang='lat' dir='ltr'><strong>meus:</strong></span> 
     </span>
     <span class='ocr_line' id='line_1_26' title="bbox 390 2684 2393 2771; baseline -0.001 -19"><span class='ocrx_word' id='word_1_359' title='bbox 390 2687 537 2752; x_wconf 90' lang='lat' dir='ltr'><strong>omnium</strong></span> <span class='ocrx_word' id='word_1_360' title='bbox 568 2687 730 2752; x_wconf 89' lang='lat' dir='ltr'><strong>malorum</strong></span> <span class='ocrx_word' id='word_1_361' title='bbox 760 2687 846 2753; x_wconf 92' lang='lat' dir='ltr'><strong>hane</strong></span> <span class='ocrx_word' id='word_1_362' title='bbox 875 2688 975 2753; x_wconf 87' lang='grc'><strong>101000</strong></span> <span class='ocrx_word' id='word_1_363' title='bbox 996 2697 1030 2751; x_wconf 90' lang='grc'><strong>01</strong></span> <span class='ocrx_word' id='word_1_364' title='bbox 1051 2685 1120 2753; x_wconf 91' lang='grc'><strong>1000</strong></span> <span class='ocrx_word' id='word_1_365' title='bbox 1146 2688 1233 2770; x_wconf 92' lang='lat' dir='ltr'><strong>quod</strong></span> <span class='ocrx_word' id='word_1_366' title='bbox 1256 2690 1363 2754; x_wconf 91' lang='lat' dir='ltr'><strong>Deum</strong></span> <span class='ocrx_word' id='word_1_367' title='bbox 1417 2687 1490 2752; x_wconf 90' lang='lat' dir='ltr'><strong>Hoc</strong></span> <span class='ocrx_word' id='word_1_368' title='bbox 1511 2687 1614 2770; x_wconf 82' lang='lat' dir='ltr'><strong>igitur</strong></span> <span class='ocrx_word' id='word_1_369' title='bbox 1636 2687 1706 2753; x_wconf 91' lang='lat' dir='ltr'><strong>looc</strong></span> <span class='ocrx_word' id='word_1_370' title='bbox 1729 2687 1885 2770; x_wconf 89' lang='lat' dir='ltr'><strong>propheta</strong></span> <span class='ocrx_word' id='word_1_371' title='bbox 1909 2686 2107 2771; x_wconf 80' lang='lat' dir='ltr'><strong>generaliter</strong></span> <span class='ocrx_word' id='word_1_372' title='bbox 2130 2684 2170 2750; x_wconf 91' lang='grc'><strong>10</strong></span> <span class='ocrx_word' id='word_1_373' title='bbox 2185 2686 2305 2770; x_wconf 90' lang='grc'><strong>000010</strong></span> <span class='ocrx_word' id='word_1_374' title='bbox 2320 2689 2393 2769; x_wconf 90' lang='grc'><strong>1000</strong></span> 
     </span>
     <span class='ocr_line' id='line_1_27' title="bbox 389 2771 2392 2858; baseline -0.001 -20"><span class='ocrx_word' id='word_1_375' title='bbox 389 2783 649 2857; x_wconf 75' lang='lat' dir='ltr'><strong>provocaverant</strong></span> <span class='ocrx_word' id='word_1_376' title='bbox 671 2773 738 2838; x_wconf 91' lang='lat' dir='ltr'><strong>suis</strong></span> <span class='ocrx_word' id='word_1_377' title='bbox 760 2772 946 2838; x_wconf 88' lang='lat' dir='ltr'><strong>sceleribus.</strong></span> <span class='ocrx_word' id='word_1_378' title='bbox 990 2773 1084 2838; x_wconf 87' lang='lat' dir='ltr'><strong>Deus</strong></span> <span class='ocrx_word' id='word_1_379' title='bbox 1105 2773 1235 2857; x_wconf 92' lang='lat' dir='ltr'><strong>quidem</strong></span> <span class='ocrx_word' id='word_1_380' title='bbox 1265 2773 1363 2858; x_wconf 88' lang='lat' dir='ltr'><strong>adop·</strong></span> <span class='ocrx_word' id='word_1_381' title='bbox 1417 2773 1569 2855; x_wconf 89' lang='lat' dir='ltr'><strong>loquitur,</strong></span> <span class='ocrx_word' id='word_1_382' title='bbox 1592 2773 1685 2854; x_wconf 88' lang='lat' dir='ltr'><strong>quasi</strong></span> <span class='ocrx_word' id='word_1_383' title='bbox 1709 2771 1829 2838; x_wconf 91' lang='lat' dir='ltr'><strong>diceret</strong></span> <span class='ocrx_word' id='word_1_384' title='bbox 1852 2773 1951 2838; x_wconf 86' lang='lat' dir='ltr'><strong>luisse</strong></span> <span class='ocrx_word' id='word_1_385' title='bbox 1973 2772 2056 2838; x_wconf 89' lang='lat' dir='ltr'><strong>illud</strong></span> <span class='ocrx_word' id='word_1_386' title='bbox 2073 2771 2247 2838; x_wconf 85' lang='lat' dir='ltr'><strong>discrimen</strong></span> <span class='ocrx_word' id='word_1_387' title='bbox 2264 2783 2392 2856; x_wconf 85' lang='lat' dir='ltr'><strong>tempo·</strong></span> 
     </span>
     <span class='ocr_line' id='line_1_28' title="bbox 390 2856 2392 2944; baseline -0.001 -20"><span class='ocrx_word' id='word_1_388' title='bbox 390 2863 520 2926; x_wconf 85' lang='lat' dir='ltr'><strong>teveret</strong></span> <span class='ocrx_word' id='word_1_389' title='bbox 552 2859 614 2924; x_wconf 88' lang='lat' dir='ltr'><strong>sibi</strong></span> <span class='ocrx_word' id='word_1_390' title='bbox 648 2857 804 2942; x_wconf 92' lang='lat' dir='ltr'><strong>populum</strong></span> <span class='ocrx_word' id='word_1_391' title='bbox 836 2858 930 2923; x_wconf 92' lang='lat' dir='ltr'><strong>illum</strong></span> <span class='ocrx_word' id='word_1_392' title='bbox 963 2859 996 2923; x_wconf 92' lang='lat' dir='ltr'><strong>in</strong></span> <span class='ocrx_word' id='word_1_393' title='bbox 1030 2879 1169 2944; x_wconf 89' lang='lat' dir='ltr'><strong>persona</strong></span> <span class='ocrx_word' id='word_1_394' title='bbox 1198 2859 1363 2938; x_wconf 88' lang='lat' dir='ltr'><strong>Abrahae,</strong></span> <span class='ocrx_word' id='word_1_395' title='bbox 1416 2858 1621 2940; x_wconf 87' lang='lat' dir='ltr'><strong>rale&#39;quum</strong></span> <span class='ocrx_word' id='word_1_396' title='bbox 1655 2856 1767 2924; x_wconf 92' lang='lat' dir='ltr'><strong>decem</strong></span> <span class='ocrx_word' id='word_1_397' title='bbox 1802 2856 1907 2924; x_wconf 89' lang='lat' dir='ltr'><strong>tribus</strong></span> <span class='ocrx_word' id='word_1_398' title='bbox 1941 2866 2094 2924; x_wconf 84' lang='lat' dir='ltr'><strong>crearunt</strong></span> <span class='ocrx_word' id='word_1_399' title='bbox 2126 2859 2188 2923; x_wconf 91' lang='lat' dir='ltr'><strong>sibi</strong></span> <span class='ocrx_word' id='word_1_400' title='bbox 2221 2859 2392 2940; x_wconf 88' lang='lat' dir='ltr'><strong>proprium</strong></span> 
     </span>
     <span class='ocr_line' id='line_1_29' title="bbox 390 2942 2393 3030; baseline -0.002 -20"><span class='ocrx_word' id='word_1_401' title='bbox 390 2944 447 3010; x_wconf 92' lang='grc'><strong>001</strong></span> <span class='ocrx_word' id='word_1_402' title='bbox 485 2944 651 3029; x_wconf 83' lang='lat' dir='ltr'><strong>significat</strong></span> <span class='ocrx_word' id='word_1_403' title='bbox 689 2942 850 3028; x_wconf 87' lang='lat' dir='ltr'><strong>propheta</strong></span> <span class='ocrx_word' id='word_1_404' title='bbox 889 2943 1052 3027; x_wconf 87' lang='lat' dir='ltr'><strong>quandam</strong></span> <span class='ocrx_word' id='word_1_405' title='bbox 1092 2945 1363 3030; x_wconf 88' lang='lat' dir='ltr'><strong>interruptionem</strong></span> <span class='ocrx_word' id='word_1_406' title='bbox 1417 2963 1545 3028; x_wconf 84' lang='lat' dir='ltr'><strong>regem:</strong></span> <span class='ocrx_word' id='word_1_407' title='bbox 1580 2964 1668 3009; x_wconf 91' lang='lat' dir='ltr'><strong>nunc</strong></span> <span class='ocrx_word' id='word_1_408' title='bbox 1697 2964 1777 3009; x_wconf 92' lang='lat' dir='ltr'><strong>vero</strong></span> <span class='ocrx_word' id='word_1_409' title='bbox 1805 2944 1872 3008; x_wconf 90' lang='grc'><strong>1000</strong></span> <span class='ocrx_word' id='word_1_410' title='bbox 1906 2945 2040 3010; x_wconf 89' lang='grc'><strong>001000</strong></span> <span class='ocrx_word' id='word_1_411' title='bbox 2070 2943 2244 3028; x_wconf 89' lang='lat' dir='ltr'><strong>populum,</strong></span> <span class='ocrx_word' id='word_1_412' title='bbox 2279 2944 2326 3008; x_wconf 90' lang='lat' dir='ltr'><strong>ita</strong></span> <span class='ocrx_word' id='word_1_413' title='bbox 2356 2955 2393 3008; x_wconf 93' lang='lat' dir='ltr'><strong>ut</strong></span> 
     </span>
     <span class='ocr_line' id='line_1_30' title="bbox 391 3028 2393 3115; baseline -0 -19"><span class='ocrx_word' id='word_1_414' title='bbox 391 3051 491 3114; x_wconf 91' lang='lat' dir='ltr'><strong>quum</strong></span> <span class='ocrx_word' id='word_1_415' title='bbox 516 3028 1364 3115; x_wconf 68' lang='grc'><strong>11011110,000000101011100100011000000</strong></span> <span class='ocrx_word' id='word_1_416' title='bbox 1417 3029 1578 3112; x_wconf 87' lang='lat' dir='ltr'><strong>Ephraim</strong></span> <span class='ocrx_word' id='word_1_417' title='bbox 1612 3029 1694 3095; x_wconf 90' lang='lat' dir='ltr'><strong>nihil</strong></span> <span class='ocrx_word' id='word_1_418' title='bbox 1728 3029 1868 3113; x_wconf 89' lang='lat' dir='ltr'><strong>amplius</strong></span> <span class='ocrx_word' id='word_1_419' title='bbox 1902 3030 2031 3094; x_wconf 88' lang='lat' dir='ltr'><strong>differat</strong></span> <span class='ocrx_word' id='word_1_420' title='bbox 2064 3050 2083 3093; x_wconf 88' lang='lat' dir='ltr'><strong>a</strong></span> <span class='ocrx_word' id='word_1_421' title='bbox 2110 3029 2270 3095; x_wconf 90' lang='lat' dir='ltr'><strong>Iehudah.</strong></span> <span class='ocrx_word' id='word_1_422' title='bbox 2318 3029 2393 3095; x_wconf 90' lang='lat' dir='ltr'><strong>Hoc</strong></span> 
     </span>
     <span class='ocr_line' id='line_1_31' title="bbox 390 3112 2394 3200; baseline -0 -19"><span class='ocrx_word' id='word_1_423' title='bbox 390 3116 505 3181; x_wconf 90' lang='grc'><strong>100100</strong></span> <span class='ocrx_word' id='word_1_424' title='bbox 537 3115 610 3178; x_wconf 90' lang='grc'><strong>1)01.</strong></span> <span class='ocrx_word' id='word_1_425' title='bbox 665 3115 746 3179; x_wconf 83' lang='lat' dir='ltr'><strong>Euit</strong></span> <span class='ocrx_word' id='word_1_426' title='bbox 779 3115 881 3200; x_wconf 77' lang='lat' dir='ltr'><strong>igitur</strong></span> <span class='ocrx_word' id='word_1_427' title='bbox 918 3137 1048 3200; x_wconf 86' lang='lat' dir='ltr'><strong>semper</strong></span> <span class='ocrx_word' id='word_1_428' title='bbox 1084 3122 1177 3200; x_wconf 88' lang='lat' dir='ltr'><strong>pater</strong></span> <span class='ocrx_word' id='word_1_429' title='bbox 1210 3117 1364 3183; x_wconf 89' lang='lat' dir='ltr'><strong>ecclesiae</strong></span> <span class='ocrx_word' id='word_1_430' title='bbox 1418 3136 1531 3181; x_wconf 90' lang='lat' dir='ltr'><strong>eorum</strong></span> <span class='ocrx_word' id='word_1_431' title='bbox 1553 3135 1650 3182; x_wconf 90' lang='lat' dir='ltr'><strong>senso</strong></span> <span class='ocrx_word' id='word_1_432' title='bbox 1674 3115 1793 3180; x_wconf 89' lang='lat' dir='ltr'><strong>dieitur</strong></span> <span class='ocrx_word' id='word_1_433' title='bbox 1812 3114 1940 3180; x_wconf 88' lang='lat' dir='ltr'><strong>Hoseae</strong></span> <span class='ocrx_word' id='word_1_434' title='bbox 1960 3115 2009 3180; x_wconf 94' lang='lat'><strong>11.</strong></span> <span class='ocrx_word' id='word_1_435' title='bbox 2027 3117 2132 3198; x_wconf 86' lang='lat' dir='ltr'><strong>eapite</strong></span> <span class='ocrx_word' id='word_1_436' title='bbox 2149 3112 2196 3200; x_wconf 87' lang='lat' dir='ltr'><strong>(v.</strong></span> <span class='ocrx_word' id='word_1_437' title='bbox 2214 3113 2257 3199; x_wconf 92' lang='lat'><strong>1),</strong></span> <span class='ocrx_word' id='word_1_438' title='bbox 2280 3114 2394 3196; x_wconf 78' lang='lat' dir='ltr'><strong>Quum</strong></span> 
     </span>
     <span class='ocr_line' id='line_1_32' title="bbox 391 3199 2394 3286; baseline -0 -21"><span class='ocrx_word' id='word_1_439' title='bbox 391 3221 480 3277; x_wconf 89' lang='lat' dir='ltr'><strong>suae,</strong></span> <span class='ocrx_word' id='word_1_440' title='bbox 511 3199 567 3266; x_wconf 90' lang='lat' dir='ltr'><strong>sed</strong></span> <span class='ocrx_word' id='word_1_441' title='bbox 591 3221 657 3266; x_wconf 95' lang='lat' dir='ltr'><strong>non</strong></span> <span class='ocrx_word' id='word_1_442' title='bbox 684 3201 838 3283; x_wconf 90' lang='lat' dir='ltr'><strong>apparuit</strong></span> <span class='ocrx_word' id='word_1_443' title='bbox 866 3201 1002 3266; x_wconf 79' lang='lat' dir='ltr'><strong>effectus</strong></span> <span class='ocrx_word' id='word_1_444' title='bbox 1032 3201 1132 3268; x_wconf 90' lang='lat' dir='ltr'><strong>huius</strong></span> <span class='ocrx_word' id='word_1_445' title='bbox 1161 3202 1362 3286; x_wconf 87' lang='lat' dir='ltr'><strong>adoptionis:</strong></span> <span class='ocrx_word' id='word_1_446' title='bbox 1418 3223 1500 3284; x_wconf 90' lang='lat' dir='ltr'><strong>puer</strong></span> <span class='ocrx_word' id='word_1_447' title='bbox 1522 3211 1608 3267; x_wconf 86' lang='lat' dir='ltr'><strong>esset</strong></span> <span class='ocrx_word' id='word_1_448' title='bbox 1630 3202 1732 3266; x_wconf 87' lang='lat' dir='ltr'><strong>Israel</strong></span> <span class='ocrx_word' id='word_1_449' title='bbox 1756 3199 1855 3266; x_wconf 84' lang='lat' dir='ltr'><strong>dilexi</strong></span> <span class='ocrx_word' id='word_1_450' title='bbox 1879 3222 1964 3279; x_wconf 89' lang='lat' dir='ltr'><strong>eum,</strong></span> <span class='ocrx_word' id='word_1_451' title='bbox 1987 3211 2019 3264; x_wconf 91' lang='lat' dir='ltr'><strong>et</strong></span> <span class='ocrx_word' id='word_1_452' title='bbox 2042 3221 2084 3266; x_wconf 86' lang='lat' dir='ltr'><strong>ex</strong></span> <span class='ocrx_word' id='word_1_453' title='bbox 2107 3202 2258 3286; x_wconf 79' lang='lat' dir='ltr'><strong>Aegypto</strong></span> <span class='ocrx_word' id='word_1_454' title='bbox 2277 3203 2394 3266; x_wconf 87' lang='lat' dir='ltr'><strong>vocavi</strong></span> 
     </span>
     <span class='ocr_line' id='line_1_33' title="bbox 392 3285 2396 3372; baseline 0 -22"><span class='ocrx_word' id='word_1_455' title='bbox 392 3297 425 3350; x_wconf 91' lang='grc'><strong>01</strong></span> <span class='ocrx_word' id='word_1_456' title='bbox 455 3295 615 3368; x_wconf 87' lang='lat' dir='ltr'><strong>quantum</strong></span> <span class='ocrx_word' id='word_1_457' title='bbox 648 3286 767 3349; x_wconf 87' lang='lat' dir='ltr'><strong>attinet</strong></span> <span class='ocrx_word' id='word_1_458' title='bbox 795 3285 836 3350; x_wconf 89' lang='grc'><strong>01</strong></span> <span class='ocrx_word' id='word_1_459' title='bbox 867 3288 1006 3368; x_wconf 89' lang='grc'><strong>0000100</strong></span> <span class='ocrx_word' id='word_1_460' title='bbox 1040 3295 1224 3369; x_wconf 81' lang='lat' dir='ltr'><strong>externam,</strong></span> <span class='ocrx_word' id='word_1_461' title='bbox 1258 3290 1365 3372; x_wconf 91' lang='lat' dir='ltr'><strong>potuit</strong></span> <span class='ocrx_word' id='word_1_462' title='bbox 1418 3288 1521 3352; x_wconf 87' lang='lat' dir='ltr'><strong>filium</strong></span> <span class='ocrx_word' id='word_1_463' title='bbox 1544 3307 1669 3351; x_wconf 91' lang='lat' dir='ltr'><strong>meum:</strong></span> <span class='ocrx_word' id='word_1_464' title='bbox 1698 3286 1767 3353; x_wconf 89' lang='lat' dir='ltr'><strong>illic</strong></span> <span class='ocrx_word' id='word_1_465' title='bbox 1789 3286 1935 3351; x_wconf 89' lang='lat' dir='ltr'><strong>nominat</strong></span> <span class='ocrx_word' id='word_1_466' title='bbox 1958 3287 2117 3370; x_wconf 88' lang='lat' dir='ltr'><strong>propheta</strong></span> <span class='ocrx_word' id='word_1_467' title='bbox 2139 3285 2315 3365; x_wconf 89' lang='lat' dir='ltr'><strong>Israelem,</strong></span> <span class='ocrx_word' id='word_1_468' title='bbox 2347 3296 2396 3351; x_wconf 89' lang='lat' dir='ltr'><strong>ta·</strong></span> 
     </span>
     <span class='ocr_line' id='line_1_34' title="bbox 390 3369 2395 3454; baseline 0 -18"><span class='ocrx_word' id='word_1_469' title='bbox 390 3371 496 3438; x_wconf 90' lang='lat' dir='ltr'><strong>videri</strong></span> <span class='ocrx_word' id='word_1_470' title='bbox 527 3369 666 3453; x_wconf 89' lang='lat' dir='ltr'><strong>populns</strong></span> <span class='ocrx_word' id='word_1_471' title='bbox 695 3371 788 3454; x_wconf 91' lang='lat' dir='ltr'><strong>quasi</strong></span> <span class='ocrx_word' id='word_1_472' title='bbox 818 3370 967 3450; x_wconf 90' lang='lat' dir='ltr'><strong>reiectus,</strong></span> <span class='ocrx_word' id='word_1_473' title='bbox 998 3372 1094 3438; x_wconf 89' lang='grc'><strong>010011</strong></span> <span class='ocrx_word' id='word_1_474' title='bbox 1121 3376 1218 3438; x_wconf 89' lang='grc'><strong>01100</strong></span> <span class='ocrx_word' id='word_1_475' title='bbox 1241 3373 1363 3440; x_wconf 88' lang='grc'><strong>110100</strong></span> <span class='ocrx_word' id='word_1_476' title='bbox 1418 3393 1494 3438; x_wconf 89' lang='grc'><strong>000</strong></span> <span class='ocrx_word' id='word_1_477' title='bbox 1513 3394 1578 3438; x_wconf 88' lang='grc'><strong>000</strong></span> <span class='ocrx_word' id='word_1_478' title='bbox 1599 3372 1665 3438; x_wconf 88' lang='grc'><strong>1001</strong></span> <span class='ocrx_word' id='word_1_479' title='bbox 1692 3383 1749 3438; x_wconf 92' lang='grc'><strong>001</strong></span> <span class='ocrx_word' id='word_1_480' title='bbox 1767 3371 1981 3438; x_wconf 84' lang='grc'><strong>0010010000</strong></span> <span class='ocrx_word' id='word_1_481' title='bbox 2001 3371 2123 3438; x_wconf 89' lang='lat' dir='ltr'><strong>tribus:</strong></span> <span class='ocrx_word' id='word_1_482' title='bbox 2145 3371 2202 3436; x_wconf 91' lang='lat' dir='ltr'><strong>sed</strong></span> <span class='ocrx_word' id='word_1_483' title='bbox 2222 3373 2395 3438; x_wconf 89' lang='lat' dir='ltr'><strong>constituit</strong></span> 
     </span>
     <span class='ocr_line' id='line_1_35' title="bbox 391 3395 2394 3542; baseline 0 -21"><span class='ocrx_word' id='word_1_484' title='bbox 391 3457 457 3522; x_wconf 84' lang='lat' dir='ltr'><strong>luit</strong></span> <span class='ocrx_word' id='word_1_485' title='bbox 479 3456 551 3522; x_wconf 92' lang='lat' dir='ltr'><strong>aliis</strong></span> <span class='ocrx_word' id='word_1_486' title='bbox 578 3455 671 3522; x_wconf 91' lang='lat' dir='ltr'><strong>loeis:</strong></span> <span class='ocrx_word' id='word_1_487' title='bbox 700 3457 882 3540; x_wconf 87' lang='lat' dir='ltr'><strong>quostiam</strong></span> <span class='ocrx_word' id='word_1_488' title='bbox 912 3465 1039 3542; x_wconf 88' lang='lat' dir='ltr'><strong>spectat</strong></span> <span class='ocrx_word' id='word_1_489' title='bbox 1060 3456 1141 3524; x_wconf 91' lang='lat' dir='ltr'><strong>illud</strong></span> <span class='ocrx_word' id='word_1_490' title='bbox 1162 3459 1291 3525; x_wconf 89' lang='lat' dir='ltr'><strong>Hoseae</strong></span> <span class='ocrx_word' id='word_1_491' title='bbox 1312 3481 1365 3527; x_wconf 88' lang='lat' dir='ltr'><strong>ea·</strong></span> <span class='ocrx_word' id='word_1_492' title='bbox 1418 3459 1452 3523; x_wconf 92' lang='lat' dir='ltr'><strong>in</strong></span> <span class='ocrx_word' id='word_1_493' title='bbox 1476 3459 1580 3542; x_wconf 91' lang='lat' dir='ltr'><strong>primo</strong></span> <span class='ocrx_word' id='word_1_494' title='bbox 1602 3395 1706 3542; x_wconf 69' lang='grc'><strong>00010</strong></span> <span class='ocrx_word' id='word_1_495' title='bbox 1730 3457 1893 3523; x_wconf 89' lang='lat' dir='ltr'><strong>Davidem</strong></span> <span class='ocrx_word' id='word_1_496' title='bbox 1915 3479 1990 3523; x_wconf 93' lang='lat' dir='ltr'><strong>cum</strong></span> <span class='ocrx_word' id='word_1_497' title='bbox 2012 3459 2081 3523; x_wconf 90' lang='lat' dir='ltr'><strong>suis</strong></span> <span class='ocrx_word' id='word_1_498' title='bbox 2098 3459 2246 3541; x_wconf 90' lang='lat' dir='ltr'><strong>posteris.</strong></span> <span class='ocrx_word' id='word_1_499' title='bbox 2280 3457 2394 3541; x_wconf 86' lang='lat' dir='ltr'><strong>Siqui-</strong></span> 
     </span>
     <span class='ocr_line' id='line_1_36' title="bbox 391 3541 2395 3628; baseline 0.001 -22"><span class='ocrx_word' id='word_1_500' title='bbox 391 3545 460 3626; x_wconf 91' lang='lat' dir='ltr'><strong>pita</strong></span> <span class='ocrx_word' id='word_1_501' title='bbox 482 3542 624 3610; x_wconf 89' lang='lat' dir='ltr'><strong>secundo</strong></span> <span class='ocrx_word' id='word_1_502' title='bbox 654 3541 700 3628; x_wconf 90' lang='lat' dir='ltr'><strong>(v.</strong></span> <span class='ocrx_word' id='word_1_503' title='bbox 723 3542 788 3628; x_wconf 82' lang='lat'><strong>23),</strong></span> <span class='ocrx_word' id='word_1_504' title='bbox 822 3544 940 3610; x_wconf 85' lang='lat' dir='ltr'><strong>Dicam</strong></span> <span class='ocrx_word' id='word_1_505' title='bbox 963 3564 1028 3609; x_wconf 91' lang='lat' dir='ltr'><strong>uon</strong></span> <span class='ocrx_word' id='word_1_506' title='bbox 1052 3553 1272 3628; x_wconf 82' lang='lat' dir='ltr'><strong>consequutus</strong></span> <span class='ocrx_word' id='word_1_507' title='bbox 1305 3545 1364 3610; x_wconf 90' lang='lat' dir='ltr'><strong>mi·</strong></span> <span class='ocrx_word' id='word_1_508' title='bbox 1419 3544 1493 3609; x_wconf 90' lang='lat' dir='ltr'><strong>dem</strong></span> <span class='ocrx_word' id='word_1_509' title='bbox 1526 3545 1706 3628; x_wconf 89' lang='lat' dir='ltr'><strong>prophetae</strong></span> <span class='ocrx_word' id='word_1_510' title='bbox 1743 3544 1822 3608; x_wconf 91' lang='lat' dir='ltr'><strong>dum</strong></span> <span class='ocrx_word' id='word_1_511' title='bbox 1854 3544 2079 3609; x_wconf 86' lang='lat' dir='ltr'><strong>vaticinantur</strong></span> <span class='ocrx_word' id='word_1_512' title='bbox 2117 3542 2157 3608; x_wconf 91' lang='grc'><strong>10</strong></span> <span class='ocrx_word' id='word_1_513' title='bbox 2186 3545 2395 3610; x_wconf 86' lang='lat' dir='ltr'><strong>restitutione</strong></span> 
     </span>
    </p>
   </div>
   <div class='ocr_carea' id='block_1_7' title="bbox 253 3627 2394 3714">
    <p class='ocr_par' dir='ltr' id='par_1_7' title="bbox 253 3627 2394 3714">
     <span class='ocr_line' id='line_1_37' title="bbox 253 3627 2394 3714; baseline 0 -20"><span class='ocrx_word' id='word_1_514' title='bbox 253 3651 256 3658; x_wconf 91' lang='grc'><em>·</em></span> <span class='ocrx_word' id='word_1_515' title='bbox 392 3628 612 3710; x_wconf 89' lang='lat' dir='ltr'><strong>sericordiam,</strong></span> <span class='ocrx_word' id='word_1_516' title='bbox 635 3640 672 3693; x_wconf 91' lang='grc'><strong>10</strong></span> <span class='ocrx_word' id='word_1_517' title='bbox 694 3640 893 3711; x_wconf 87' lang='lat' dir='ltr'><strong>consequuta</strong></span> <span class='ocrx_word' id='word_1_518' title='bbox 915 3650 950 3695; x_wconf 93' lang='lat' dir='ltr'><strong>es</strong></span> <span class='ocrx_word' id='word_1_519' title='bbox 968 3630 1237 3696; x_wconf 90' lang='lat' dir='ltr'><strong>misericordiam:</strong></span> <span class='ocrx_word' id='word_1_520' title='bbox 1260 3631 1365 3696; x_wconf 89' lang='lat' dir='ltr'><strong>dicam</strong></span> <span class='ocrx_word' id='word_1_521' title='bbox 1419 3631 1581 3708; x_wconf 86' lang='lat' dir='ltr'><strong>ecelesiae,</strong></span> <span class='ocrx_word' id='word_1_522' title='bbox 1603 3631 1712 3696; x_wconf 91' lang='lat' dir='ltr'><strong>oculos</strong></span> <span class='ocrx_word' id='word_1_523' title='bbox 1735 3650 1812 3697; x_wconf 91' lang='lat' dir='ltr'><strong>suos</strong></span> <span class='ocrx_word' id='word_1_524' title='bbox 1835 3629 1982 3714; x_wconf 80' lang='lat' dir='ltr'><strong>dirigunt</strong></span> <span class='ocrx_word' id='word_1_525' title='bbox 2004 3627 2046 3694; x_wconf 89' lang='lat' dir='ltr'><strong>ad</strong></span> <span class='ocrx_word' id='word_1_526' title='bbox 2063 3629 2203 3711; x_wconf 91' lang='lat' dir='ltr'><strong>primam</strong></span> <span class='ocrx_word' id='word_1_527' title='bbox 2222 3630 2394 3708; x_wconf 89' lang='lat' dir='ltr'><strong>unitatem,</strong></span> 
     </span>
    </p>
   </div>
   <div class='ocr_carea' id='block_1_8' title="bbox 384 3713 2400 5470">
    <p class='ocr_par' dir='ltr' id='par_1_8' title="bbox 391 3713 2398 4487">
     <span class='ocr_line' id='line_1_38' title="bbox 393 3713 2396 3802; baseline 0.001 -24"><span class='ocrx_word' id='word_1_528' title='bbox 393 3735 458 3802; x_wconf 68' lang='grc'><strong>000</strong></span> <span class='ocrx_word' id='word_1_529' title='bbox 482 3713 611 3794; x_wconf 89' lang='grc'><strong>1110010,</strong></span> <span class='ocrx_word' id='word_1_530' title='bbox 633 3719 671 3780; x_wconf 92' lang='grc'><strong>10</strong></span> <span class='ocrx_word' id='word_1_531' title='bbox 687 3735 721 3779; x_wconf 89' lang='lat' dir='ltr'><strong>ee</strong></span> <span class='ocrx_word' id='word_1_532' title='bbox 737 3713 876 3780; x_wconf 91' lang='lat' dir='ltr'><strong>dilectus</strong></span> <span class='ocrx_word' id='word_1_533' title='bbox 893 3715 1042 3800; x_wconf 90' lang='lat' dir='ltr'><strong>populus.</strong></span> <span class='ocrx_word' id='word_1_534' title='bbox 1071 3717 1156 3781; x_wconf 85' lang='lat' dir='ltr'><strong>Nam</strong></span> <span class='ocrx_word' id='word_1_535' title='bbox 1176 3716 1257 3781; x_wconf 92' lang='lat' dir='ltr'><strong>nihil</strong></span> <span class='ocrx_word' id='word_1_536' title='bbox 1276 3715 1364 3783; x_wconf 88' lang='lat' dir='ltr'><strong>aliud</strong></span> <span class='ocrx_word' id='word_1_537' title='bbox 1418 3737 1515 3800; x_wconf 87' lang='lat' dir='ltr'><strong>quem</strong></span> <span class='ocrx_word' id='word_1_538' title='bbox 1537 3716 1628 3781; x_wconf 91' lang='lat' dir='ltr'><strong>Deus</strong></span> <span class='ocrx_word' id='word_1_539' title='bbox 1649 3724 1808 3782; x_wconf 89' lang='lat' dir='ltr'><strong>statuerat</strong></span> <span class='ocrx_word' id='word_1_540' title='bbox 1828 3717 1863 3780; x_wconf 91' lang='lat' dir='ltr'><strong>iu</strong></span> <span class='ocrx_word' id='word_1_541' title='bbox 1886 3715 2003 3798; x_wconf 92' lang='lat' dir='ltr'><strong>populo</strong></span> <span class='ocrx_word' id='word_1_542' title='bbox 2025 3714 2092 3780; x_wconf 92' lang='lat' dir='ltr'><strong>illo.</strong></span> <span class='ocrx_word' id='word_1_543' title='bbox 2137 3715 2220 3780; x_wconf 89' lang='lat' dir='ltr'><strong>Nam</strong></span> <span class='ocrx_word' id='word_1_544' title='bbox 2243 3713 2301 3780; x_wconf 92' lang='lat' dir='ltr'><strong>ille</strong></span> <span class='ocrx_word' id='word_1_545' title='bbox 2323 3726 2396 3781; x_wconf 90' lang='lat' dir='ltr'><strong>erat</strong></span> 
     </span>
     <span class='ocr_line' id='line_1_39' title="bbox 392 3799 2396 3886; baseline 0.002 -23"><span class='ocrx_word' id='word_1_546' title='bbox 392 3801 499 3881; x_wconf 91' lang='grc'><strong>001011</strong></span> <span class='ocrx_word' id='word_1_547' title='bbox 520 3802 622 3866; x_wconf 89' lang='grc'><strong>010101</strong></span> <span class='ocrx_word' id='word_1_548' title='bbox 644 3800 684 3865; x_wconf 89' lang='grc'><strong>10</strong></span> <span class='ocrx_word' id='word_1_549' title='bbox 703 3799 845 3878; x_wconf 89' lang='lat' dir='ltr'><strong>Iudaeis,</strong></span> <span class='ocrx_word' id='word_1_550' title='bbox 867 3821 969 3884; x_wconf 91' lang='lat' dir='ltr'><strong>quum</strong></span> <span class='ocrx_word' id='word_1_551' title='bbox 991 3801 1119 3885; x_wconf 85' lang='lat' dir='ltr'><strong>expulsi</strong></span> <span class='ocrx_word' id='word_1_552' title='bbox 1143 3812 1252 3868; x_wconf 85' lang='lat' dir='ltr'><strong>essent</strong></span> <span class='ocrx_word' id='word_1_553' title='bbox 1268 3825 1287 3867; x_wconf 91' lang='lat' dir='ltr'><strong>a</strong></span> <span class='ocrx_word' id='word_1_554' title='bbox 1305 3824 1365 3869; x_wconf 90' lang='grc'><strong>000</strong></span> <span class='ocrx_word' id='word_1_555' title='bbox 1418 3801 1581 3886; x_wconf 83' lang='lat' dir='ltr'><strong>genuinus</strong></span> <span class='ocrx_word' id='word_1_556' title='bbox 1603 3808 1727 3880; x_wconf 89' lang='grc'><strong>010100,</strong></span> <span class='ocrx_word' id='word_1_557' title='bbox 1758 3813 1794 3866; x_wconf 90' lang='grc'><strong>01</strong></span> <span class='ocrx_word' id='word_1_558' title='bbox 1822 3800 1966 3868; x_wconf 90' lang='grc'><strong>00100001</strong></span> <span class='ocrx_word' id='word_1_559' title='bbox 1996 3803 2176 3867; x_wconf 83' lang='lat' dir='ltr'><strong>fraternam</strong></span> <span class='ocrx_word' id='word_1_560' title='bbox 2204 3801 2396 3868; x_wconf 89' lang='grc'><strong>0001010100</strong></span> 
     </span>
     <span class='ocr_line' id='line_1_40' title="bbox 391 3884 2397 3970; baseline 0 -20"><span class='ocrx_word' id='word_1_561' title='bbox 391 3884 604 3968; x_wconf 86' lang='lat' dir='ltr'><strong>haereditate,</strong></span> <span class='ocrx_word' id='word_1_562' title='bbox 626 3886 687 3951; x_wconf 91' lang='lat' dir='ltr'><strong>nisi</strong></span> <span class='ocrx_word' id='word_1_563' title='bbox 711 3906 845 3968; x_wconf 90' lang='lat' dir='ltr'><strong>prorsus</strong></span> <span class='ocrx_word' id='word_1_564' title='bbox 868 3907 939 3951; x_wconf 92' lang='lat' dir='ltr'><strong>esse</strong></span> <span class='ocrx_word' id='word_1_565' title='bbox 962 3886 1085 3953; x_wconf 89' lang='lat' dir='ltr'><strong>alienos</strong></span> <span class='ocrx_word' id='word_1_566' title='bbox 1108 3907 1127 3952; x_wconf 89' lang='lat' dir='ltr'><strong>a</strong></span> <span class='ocrx_word' id='word_1_567' title='bbox 1150 3889 1229 3954; x_wconf 88' lang='lat' dir='ltr'><strong>Deo.</strong></span> <span class='ocrx_word' id='word_1_568' title='bbox 1270 3890 1365 3954; x_wconf 81' lang='grc'><strong>’1000</strong></span> <span class='ocrx_word' id='word_1_569' title='bbox 1419 3889 1505 3953; x_wconf 88' lang='grc'><strong>10100</strong></span> <span class='ocrx_word' id='word_1_570' title='bbox 1527 3909 1561 3952; x_wconf 88' lang='grc'><strong>00</strong></span> <span class='ocrx_word' id='word_1_571' title='bbox 1584 3886 1690 3953; x_wconf 90' lang='lat' dir='ltr'><strong>tribus</strong></span> <span class='ocrx_word' id='word_1_572' title='bbox 1712 3887 1891 3953; x_wconf 89' lang='lat' dir='ltr'><strong>duodecim.</strong></span> <span class='ocrx_word' id='word_1_573' title='bbox 1937 3887 2034 3952; x_wconf 89' lang='lat' dir='ltr'><strong>Nunc</strong></span> <span class='ocrx_word' id='word_1_574' title='bbox 2056 3907 2134 3970; x_wconf 82' lang='lat' dir='ltr'><strong>ergo</strong></span> <span class='ocrx_word' id='word_1_575' title='bbox 2163 3899 2313 3952; x_wconf 84' lang='grc'><strong>10000000</strong></span> <span class='ocrx_word' id='word_1_576' title='bbox 2337 3908 2397 3953; x_wconf 92' lang='grc'><strong>000</strong></span> 
     </span>
     <span class='ocr_line' id='line_1_41' title="bbox 392 3971 2395 4071; baseline 0.001 -36"><span class='ocrx_word' id='word_1_577' title='bbox 392 3991 560 4071; x_wconf 76' lang='lat' dir='ltr'><strong>organon</strong></span> <span class='ocrx_word' id='word_1_578' title='bbox 590 3971 654 4036; x_wconf 88' lang='grc'><strong>1011</strong></span> <span class='ocrx_word' id='word_1_579' title='bbox 686 3971 753 4036; x_wconf 90' lang='grc'><strong>11110</strong></span> <span class='ocrx_word' id='word_1_580' title='bbox 782 3979 885 4055; x_wconf 88' lang='grc'><strong>00100,</strong></span> <span class='ocrx_word' id='word_1_581' title='bbox 917 3972 980 4038; x_wconf 91' lang='lat' dir='ltr'><strong>hoc</strong></span> <span class='ocrx_word' id='word_1_582' title='bbox 1003 3981 1063 4049; x_wconf 91' lang='lat' dir='ltr'><strong>est,</strong></span> <span class='ocrx_word' id='word_1_583' title='bbox 1097 3993 1162 4038; x_wconf 94' lang='lat' dir='ltr'><strong>non</strong></span> <span class='ocrx_word' id='word_1_584' title='bbox 1194 3975 1364 4058; x_wconf 86' lang='lat' dir='ltr'><strong>apperuit:</strong></span> <span class='ocrx_word' id='word_1_585' title='bbox 1419 3973 1576 4056; x_wconf 90' lang='lat' dir='ltr'><strong>propbeta</strong></span> <span class='ocrx_word' id='word_1_586' title='bbox 1615 3972 1704 4040; x_wconf 91' lang='lat' dir='ltr'><strong>dieat</strong></span> <span class='ocrx_word' id='word_1_587' title='bbox 1743 3973 1901 4056; x_wconf 80' lang='lat' dir='ltr'><strong>Ephraim</strong></span> <span class='ocrx_word' id='word_1_588' title='bbox 1940 3993 2006 4038; x_wconf 84' lang='grc'><strong>0000</strong></span> <span class='ocrx_word' id='word_1_589' title='bbox 2039 3973 2287 4056; x_wconf 74' lang='lat' dir='ltr'><strong>primoqeaitara</strong></span> <span class='ocrx_word' id='word_1_590' title='bbox 2319 3974 2395 4040; x_wconf 88' lang='lat' dir='ltr'><strong>Dei.</strong></span> 
     </span>
     <span class='ocr_line' id='line_1_42' title="bbox 391 4056 2396 4142; baseline 0.002 -22"><span class='ocrx_word' id='word_1_591' title='bbox 391 4076 468 4140; x_wconf 81' lang='lat' dir='ltr'><strong>quaa</strong></span> <span class='ocrx_word' id='word_1_592' title='bbox 501 4078 567 4122; x_wconf 92' lang='lat' dir='ltr'><strong>non</strong></span> <span class='ocrx_word' id='word_1_593' title='bbox 600 4056 825 4138; x_wconf 85' lang='lat' dir='ltr'><strong>comprobavit</strong></span> <span class='ocrx_word' id='word_1_594' title='bbox 853 4078 889 4122; x_wconf 91' lang='lat' dir='ltr'><strong>se</strong></span> <span class='ocrx_word' id='word_1_595' title='bbox 919 4065 1046 4142; x_wconf 89' lang='lat' dir='ltr'><strong>patrem</strong></span> <span class='ocrx_word' id='word_1_596' title='bbox 1076 4079 1145 4124; x_wconf 90' lang='lat' dir='ltr'><strong>sese</strong></span> <span class='ocrx_word' id='word_1_597' title='bbox 1175 4062 1305 4142; x_wconf 87' lang='lat' dir='ltr'><strong>reipsa</strong></span> <span class='ocrx_word' id='word_1_598' title='bbox 1333 4070 1366 4125; x_wconf 92' lang='grc'><strong>01</strong></span> <span class='ocrx_word' id='word_1_599' title='bbox 1419 4057 1486 4125; x_wconf 93' lang='grc'><strong>801</strong></span> <span class='ocrx_word' id='word_1_600' title='bbox 1508 4069 1616 4142; x_wconf 90' lang='grc'><strong>000001</strong></span> <span class='ocrx_word' id='word_1_601' title='bbox 1634 4059 1687 4124; x_wconf 90' lang='lat' dir='ltr'><strong>hia</strong></span> <span class='ocrx_word' id='word_1_602' title='bbox 1705 4061 1828 4142; x_wconf 91' lang='lat' dir='ltr'><strong>quaeri,</strong></span> <span class='ocrx_word' id='word_1_603' title='bbox 1851 4079 1987 4141; x_wconf 90' lang='lat' dir='ltr'><strong>quorum</strong></span> <span class='ocrx_word' id='word_1_604' title='bbox 2007 4069 2156 4141; x_wconf 88' lang='lat' dir='ltr'><strong>respectu</strong></span> <span class='ocrx_word' id='word_1_605' title='bbox 2177 4057 2224 4122; x_wconf 90' lang='grc'><strong>110</strong></span> <span class='ocrx_word' id='word_1_606' title='bbox 2244 4070 2396 4124; x_wconf 88' lang='lat' dir='ltr'><strong>vocetur:</strong></span> 
     </span>
     <span class='ocr_line' id='line_1_43' title="bbox 392 4143 2397 4229; baseline 0.002 -23"><span class='ocrx_word' id='word_1_607' title='bbox 392 4143 628 4225; x_wconf 85' lang='lat' dir='ltr'><strong>experimento.</strong></span> <span class='ocrx_word' id='word_1_608' title='bbox 673 4143 763 4226; x_wconf 83' lang='lat' dir='ltr'><strong>Ergo</strong></span> <span class='ocrx_word' id='word_1_609' title='bbox 795 4145 902 4228; x_wconf 87' lang='lat' dir='ltr'><strong>eoepit</strong></span> <span class='ocrx_word' id='word_1_610' title='bbox 935 4164 1006 4210; x_wconf 88' lang='lat' dir='ltr'><strong>esse</strong></span> <span class='ocrx_word' id='word_1_611' title='bbox 1038 4144 1072 4207; x_wconf 92' lang='lat' dir='ltr'><strong>io</strong></span> <span class='ocrx_word' id='word_1_612' title='bbox 1106 4153 1230 4227; x_wconf 90' lang='lat' dir='ltr'><strong>patrem</strong></span> <span class='ocrx_word' id='word_1_613' title='bbox 1264 4166 1365 4228; x_wconf 89' lang='lat' dir='ltr'><strong>quum</strong></span> <span class='ocrx_word' id='word_1_614' title='bbox 1419 4167 1495 4211; x_wconf 89' lang='lat' dir='ltr'><strong>nam</strong></span> <span class='ocrx_word' id='word_1_615' title='bbox 1517 4143 1684 4229; x_wconf 90' lang='lat' dir='ltr'><strong>probabile</strong></span> <span class='ocrx_word' id='word_1_616' title='bbox 1706 4153 1757 4209; x_wconf 91' lang='lat' dir='ltr'><strong>est</strong></span> <span class='ocrx_word' id='word_1_617' title='bbox 1779 4143 1860 4210; x_wconf 91' lang='lat' dir='ltr'><strong>alios</strong></span> <span class='ocrx_word' id='word_1_618' title='bbox 1882 4165 1953 4209; x_wconf 90' lang='lat' dir='ltr'><strong>esse</strong></span> <span class='ocrx_word' id='word_1_619' title='bbox 1975 4143 2158 4224; x_wconf 82' lang='lat' dir='ltr'><strong>filiosDeo,</strong></span> <span class='ocrx_word' id='word_1_620' title='bbox 2180 4144 2209 4210; x_wconf 91' lang='lat' dir='ltr'><strong>si</strong></span> <span class='ocrx_word' id='word_1_621' title='bbox 2232 4143 2397 4228; x_wconf 88' lang='lat' dir='ltr'><strong>Ephraim</strong></span> 
     </span>
     <span class='ocr_line' id='line_1_44' title="bbox 392 4227 2397 4315; baseline 0.002 -24"><span class='ocrx_word' id='word_1_622' title='bbox 392 4228 531 4310; x_wconf 91' lang='lat' dir='ltr'><strong>populas</strong></span> <span class='ocrx_word' id='word_1_623' title='bbox 561 4249 713 4294; x_wconf 86' lang='lat' dir='ltr'><strong>reversus</strong></span> <span class='ocrx_word' id='word_1_624' title='bbox 735 4237 786 4294; x_wconf 90' lang='grc'><strong>001</strong></span> <span class='ocrx_word' id='word_1_625' title='bbox 807 4228 843 4292; x_wconf 89' lang='grc'><strong>10</strong></span> <span class='ocrx_word' id='word_1_626' title='bbox 864 4229 1018 4312; x_wconf 87' lang='grc'><strong>0010100,</strong></span> <span class='ocrx_word' id='word_1_627' title='bbox 1048 4227 1122 4312; x_wconf 90' lang='lat' dir='ltr'><strong>quia</strong></span> <span class='ocrx_word' id='word_1_628' title='bbox 1152 4231 1278 4296; x_wconf 84' lang='lat' dir='ltr'><strong>refulsit</strong></span> <span class='ocrx_word' id='word_1_629' title='bbox 1302 4231 1365 4296; x_wconf 91' lang='lat' dir='ltr'><strong>Dei</strong></span> <span class='ocrx_word' id='word_1_630' title='bbox 1419 4233 1505 4296; x_wconf 90' lang='lat' dir='ltr'><strong>inter</strong></span> <span class='ocrx_word' id='word_1_631' title='bbox 1534 4231 1621 4314; x_wconf 88' lang='lat' dir='ltr'><strong>ipsos</strong></span> <span class='ocrx_word' id='word_1_632' title='bbox 1651 4239 1702 4296; x_wconf 90' lang='lat' dir='ltr'><strong>est</strong></span> <span class='ocrx_word' id='word_1_633' title='bbox 1731 4230 1979 4315; x_wconf 78' lang='lat' dir='ltr'><strong>primogenitus.</strong></span> <span class='ocrx_word' id='word_1_634' title='bbox 2032 4228 2099 4296; x_wconf 84' lang='lat' dir='ltr'><strong>Sed</strong></span> <span class='ocrx_word' id='word_1_635' title='bbox 2129 4228 2301 4295; x_wconf 89' lang='grc'><strong>001101110</strong></span> <span class='ocrx_word' id='word_1_636' title='bbox 2328 4253 2397 4296; x_wconf 92' lang='lat' dir='ltr'><strong>non</strong></span> 
     </span>
     <span class='ocr_line' id='line_1_45' title="bbox 392 4313 2398 4400; baseline 0.003 -23"><span class='ocrx_word' id='word_1_637' title='bbox 392 4315 508 4397; x_wconf 82' lang='lat' dir='ltr'><strong>gratia,</strong></span> <span class='ocrx_word' id='word_1_638' title='bbox 525 4335 606 4396; x_wconf 90' lang='lat' dir='ltr'><strong>quae</strong></span> <span class='ocrx_word' id='word_1_639' title='bbox 622 4314 663 4380; x_wconf 94' lang='grc'><strong>01</strong></span> <span class='ocrx_word' id='word_1_640' title='bbox 679 4313 1059 4398; x_wconf 90' lang='lat' dir='ltr'><strong>tempusquodammodo</strong></span> <span class='ocrx_word' id='word_1_641' title='bbox 1075 4317 1236 4381; x_wconf 85' lang='lat' dir='ltr'><strong>exstincte</strong></span> <span class='ocrx_word' id='word_1_642' title='bbox 1251 4317 1365 4382; x_wconf 88' lang='grc'><strong>100001.</strong></span> <span class='ocrx_word' id='word_1_643' title='bbox 1419 4317 1498 4382; x_wconf 87' lang='grc'><strong>00110</strong></span> <span class='ocrx_word' id='word_1_644' title='bbox 1520 4317 1615 4382; x_wconf 84' lang='lat' dir='ltr'><strong>firma</strong></span> <span class='ocrx_word' id='word_1_645' title='bbox 1636 4325 1703 4382; x_wconf 87' lang='lat' dir='ltr'><strong>eat:</strong></span> <span class='ocrx_word' id='word_1_646' title='bbox 1726 4316 1845 4380; x_wconf 90' lang='lat' dir='ltr'><strong>dieitur</strong></span> <span class='ocrx_word' id='word_1_647' title='bbox 1867 4317 1953 4380; x_wconf 92' lang='lat' dir='ltr'><strong>enim</strong></span> <span class='ocrx_word' id='word_1_648' title='bbox 1973 4316 2080 4381; x_wconf 85' lang='lat' dir='ltr'><strong>Maria</strong></span> <span class='ocrx_word' id='word_1_649' title='bbox 2101 4315 2266 4400; x_wconf 92' lang='lat' dir='ltr'><strong>peperisse</strong></span> <span class='ocrx_word' id='word_1_650' title='bbox 2289 4317 2398 4384; x_wconf 89' lang='lat' dir='ltr'><strong>filium</strong></span> 
     </span>
     <span class='ocr_line' id='line_1_46' title="bbox 1420 4401 2398 4487; baseline 0.002 -20"><span class='ocrx_word' id='word_1_651' title='bbox 1420 4423 1514 4467; x_wconf 90' lang='lat' dir='ltr'><strong>suum</strong></span> <span class='ocrx_word' id='word_1_652' title='bbox 1539 4403 1804 4487; x_wconf 78' lang='lat' dir='ltr'><strong>primogenitum,</strong></span> <span class='ocrx_word' id='word_1_653' title='bbox 1835 4401 1892 4483; x_wconf 90' lang='lat' dir='ltr'><strong>qui</strong></span> <span class='ocrx_word' id='word_1_654' title='bbox 1915 4410 2025 4466; x_wconf 89' lang='lat' dir='ltr'><strong>tamen</strong></span> <span class='ocrx_word' id='word_1_655' title='bbox 2047 4401 2109 4466; x_wconf 90' lang='grc'><strong>1011</strong></span> <span class='ocrx_word' id='word_1_656' title='bbox 2130 4401 2258 4468; x_wconf 90' lang='lat' dir='ltr'><strong>unicus.</strong></span> <span class='ocrx_word' id='word_1_657' title='bbox 2304 4403 2398 4469; x_wconf 88' lang='lat' dir='ltr'><strong>Alibi</strong></span> 
     </span>
    </p>

    <p class='ocr_par' dir='ltr' id='par_1_9' title="bbox 384 4483 2400 5470">
     <span class='ocr_line' id='line_1_47' title="bbox 478 4483 2398 4572; baseline 0.003 -24"><span class='ocrx_word' id='word_1_658' title='bbox 478 4483 562 4550; x_wconf 90' lang='lat' dir='ltr'><strong>Heri</strong></span> <span class='ocrx_word' id='word_1_659' title='bbox 595 4484 808 4567; x_wconf 87' lang='lat' dir='ltr'><strong>exposuimus</strong></span> <span class='ocrx_word' id='word_1_660' title='bbox 842 4486 1002 4568; x_wconf 93' lang='lat' dir='ltr'><strong>quomodo</strong></span> <span class='ocrx_word' id='word_1_661' title='bbox 1041 4487 1146 4568; x_wconf 89' lang='lat' dir='ltr'><strong>coepit</strong></span> <span class='ocrx_word' id='word_1_662' title='bbox 1178 4487 1270 4551; x_wconf 89' lang='lat' dir='ltr'><strong>Deus</strong></span> <span class='ocrx_word' id='word_1_663' title='bbox 1302 4508 1367 4553; x_wconf 80' lang='lat' dir='ltr'><strong>esee</strong></span> <span class='ocrx_word' id='word_1_664' title='bbox 1421 4498 1558 4553; x_wconf 88' lang='lat' dir='ltr'><strong>vocatur</strong></span> <span class='ocrx_word' id='word_1_665' title='bbox 1592 4487 1747 4554; x_wconf 78' lang='lat' dir='ltr'><strong>Christus</strong></span> <span class='ocrx_word' id='word_1_666' title='bbox 1783 4488 2021 4571; x_wconf 80' lang='lat' dir='ltr'><strong>primogenitus</strong></span> <span class='ocrx_word' id='word_1_667' title='bbox 2058 4496 2206 4572; x_wconf 89' lang='lat' dir='ltr'><strong>respectu</strong></span> <span class='ocrx_word' id='word_1_668' title='bbox 2246 4492 2398 4554; x_wconf 89' lang='lat' dir='ltr'><strong>omnium</strong></span> 
     </span>
     <span class='ocr_line' id='line_1_48' title="bbox 387 4570 2398 4657; baseline 0.001 -20"><span class='ocrx_word' id='word_1_669' title='bbox 387 4575 483 4653; x_wconf 81' lang='lat' dir='ltr'><strong>pater</strong></span> <span class='ocrx_word' id='word_1_670' title='bbox 505 4570 625 4636; x_wconf 80' lang='lat' dir='ltr'><strong>Israeli</strong></span> <span class='ocrx_word' id='word_1_671' title='bbox 646 4590 747 4653; x_wconf 92' lang='lat' dir='ltr'><strong>quum</strong></span> <span class='ocrx_word' id='word_1_672' title='bbox 771 4570 904 4635; x_wconf 84' lang='lat' dir='ltr'><strong>reduxit</strong></span> <span class='ocrx_word' id='word_1_673' title='bbox 925 4571 1019 4636; x_wconf 92' lang='lat' dir='ltr'><strong>illum</strong></span> <span class='ocrx_word' id='word_1_674' title='bbox 1042 4571 1082 4637; x_wconf 85' lang='lat' dir='ltr'><strong>ab</strong></span> <span class='ocrx_word' id='word_1_675' title='bbox 1098 4571 1222 4637; x_wconf 85' lang='lat' dir='ltr'><strong>exsilio.</strong></span> <span class='ocrx_word' id='word_1_676' title='bbox 1257 4572 1366 4637; x_wconf 89' lang='lat' dir='ltr'><strong>Dura·</strong></span> <span class='ocrx_word' id='word_1_677' title='bbox 1420 4573 1575 4657; x_wconf 86' lang='lat' dir='ltr'><strong>fidelium,</strong></span> <span class='ocrx_word' id='word_1_678' title='bbox 1599 4582 1636 4638; x_wconf 93' lang='grc'><strong>01</strong></span> <span class='ocrx_word' id='word_1_679' title='bbox 1658 4583 1743 4639; x_wconf 89' lang='grc'><strong>00001</strong></span> <span class='ocrx_word' id='word_1_680' title='bbox 1765 4573 2005 4656; x_wconf 82' lang='lat' dir='ltr'><strong>primogenitus</strong></span> <span class='ocrx_word' id='word_1_681' title='bbox 2027 4573 2113 4637; x_wconf 89' lang='lat' dir='ltr'><strong>inter</strong></span> <span class='ocrx_word' id='word_1_682' title='bbox 2136 4573 2256 4640; x_wconf 89' lang='lat' dir='ltr'><strong>multos</strong></span> <span class='ocrx_word' id='word_1_683' title='bbox 2274 4575 2398 4640; x_wconf 88' lang='grc'><strong>1001000</strong></span> 
     </span>
     <span class='ocr_line' id='line_1_49' title="bbox 392 4655 2397 4744; baseline 0.002 -23"><span class='ocrx_word' id='word_1_684' title='bbox 392 4657 443 4721; x_wconf 85' lang='grc'><strong>011</strong></span> <span class='ocrx_word' id='word_1_685' title='bbox 470 4655 599 4738; x_wconf 91' lang='lat' dir='ltr'><strong>quidem</strong></span> <span class='ocrx_word' id='word_1_686' title='bbox 628 4657 732 4739; x_wconf 88' lang='lat' dir='ltr'><strong>ipsius</strong></span> <span class='ocrx_word' id='word_1_687' title='bbox 758 4656 821 4721; x_wconf 90' lang='lat' dir='ltr'><strong>Dei</strong></span> <span class='ocrx_word' id='word_1_688' title='bbox 853 4665 1003 4741; x_wconf 88' lang='lat' dir='ltr'><strong>respectu</strong></span> <span class='ocrx_word' id='word_1_689' title='bbox 1034 4657 1181 4741; x_wconf 89' lang='lat' dir='ltr'><strong>adoptio,</strong></span> <span class='ocrx_word' id='word_1_690' title='bbox 1211 4659 1366 4741; x_wconf 90' lang='lat' dir='ltr'><strong>quemad·</strong></span> <span class='ocrx_word' id='word_1_691' title='bbox 1419 4657 1529 4744; x_wconf 86' lang='lat' dir='ltr'><strong>(Rom.</strong></span> <span class='ocrx_word' id='word_1_692' title='bbox 1551 4659 1580 4739; x_wconf 93' lang='lat'><strong>8,</strong></span> <span class='ocrx_word' id='word_1_693' title='bbox 1604 4658 1668 4744; x_wconf 83' lang='grc'><strong>29).</strong></span> <span class='ocrx_word' id='word_1_694' title='bbox 1716 4657 1781 4724; x_wconf 89' lang='lat' dir='ltr'><strong>Sed</strong></span> <span class='ocrx_word' id='word_1_695' title='bbox 1804 4659 1910 4724; x_wconf 88' lang='lat' dir='ltr'><strong>Maria</strong></span> <span class='ocrx_word' id='word_1_696' title='bbox 1938 4658 2071 4724; x_wconf 91' lang='lat' dir='ltr'><strong>unicum</strong></span> <span class='ocrx_word' id='word_1_697' title='bbox 2100 4657 2261 4724; x_wconf 84' lang='lat' dir='ltr'><strong>duntaxat</strong></span> <span class='ocrx_word' id='word_1_698' title='bbox 2289 4660 2397 4725; x_wconf 90' lang='lat' dir='ltr'><strong>filium</strong></span> 
     </span>
     <span class='ocr_line' id='line_1_50' title="bbox 393 4741 2400 4829; baseline 0.003 -23"><span class='ocrx_word' id='word_1_699' title='bbox 393 4741 526 4807; x_wconf 93' lang='lat' dir='ltr'><strong>modum</strong></span> <span class='ocrx_word' id='word_1_700' title='bbox 550 4741 673 4808; x_wconf 88' lang='lat' dir='ltr'><strong>dictum</strong></span> <span class='ocrx_word' id='word_1_701' title='bbox 696 4741 769 4818; x_wconf 87' lang='grc'><strong>1011,</strong></span> <span class='ocrx_word' id='word_1_702' title='bbox 792 4741 849 4808; x_wconf 89' lang='grc'><strong>001</strong></span> <span class='ocrx_word' id='word_1_703' title='bbox 871 4742 976 4824; x_wconf 90' lang='lat' dir='ltr'><strong>quoad</strong></span> <span class='ocrx_word' id='word_1_704' title='bbox 991 4743 1177 4827; x_wconf 91' lang='lat' dir='ltr'><strong>opinionem</strong></span> <span class='ocrx_word' id='word_1_705' title='bbox 1194 4744 1365 4808; x_wconf 89' lang='lat' dir='ltr'><strong>hominum</strong></span> <span class='ocrx_word' id='word_1_706' title='bbox 1421 4746 1554 4828; x_wconf 86' lang='lat' dir='ltr'><strong>peperit.</strong></span> <span class='ocrx_word' id='word_1_707' title='bbox 1599 4745 1689 4828; x_wconf 83' lang='lat' dir='ltr'><strong>Ergo</strong></span> <span class='ocrx_word' id='word_1_708' title='bbox 1711 4761 1829 4810; x_wconf 92' lang='lat' dir='ltr'><strong>nomen</strong></span> <span class='ocrx_word' id='word_1_709' title='bbox 1856 4745 2064 4829; x_wconf 80' lang='lat' dir='ltr'><strong>primogeniti</strong></span> <span class='ocrx_word' id='word_1_710' title='bbox 2093 4765 2160 4810; x_wconf 91' lang='lat' dir='ltr'><strong>non</strong></span> <span class='ocrx_word' id='word_1_711' title='bbox 2188 4745 2400 4812; x_wconf 88' lang='lat' dir='ltr'><strong>demonstrat</strong></span> 
     </span>
     <span class='ocr_line' id='line_1_51' title="bbox 393 4824 2397 4913; baseline 0.002 -20"><span class='ocrx_word' id='word_1_712' title='bbox 393 4835 465 4893; x_wconf 88' lang='lat' dir='ltr'><strong>erat</strong></span> <span class='ocrx_word' id='word_1_713' title='bbox 486 4828 616 4892; x_wconf 87' lang='lat' dir='ltr'><strong>abolita.</strong></span> <span class='ocrx_word' id='word_1_714' title='bbox 659 4824 778 4909; x_wconf 80' lang='grc'><strong>(100011</strong></span> <span class='ocrx_word' id='word_1_715' title='bbox 799 4829 900 4911; x_wconf 82' lang='lat' dir='ltr'><strong>igitur</strong></span> <span class='ocrx_word' id='word_1_716' title='bbox 922 4829 962 4892; x_wconf 91' lang='lat' dir='ltr'><strong>de</strong></span> <span class='ocrx_word' id='word_1_717' title='bbox 984 4830 1112 4913; x_wconf 80' lang='lat' dir='ltr'><strong>integro</strong></span> <span class='ocrx_word' id='word_1_718' title='bbox 1138 4831 1184 4894; x_wconf 90' lang='lat' dir='ltr'><strong>ita</strong></span> <span class='ocrx_word' id='word_1_719' title='bbox 1214 4829 1367 4913; x_wconf 80' lang='lat' dir='ltr'><strong>colligere</strong></span> <span class='ocrx_word' id='word_1_720' title='bbox 1420 4831 1501 4894; x_wconf 88' lang='lat' dir='ltr'><strong>alios</strong></span> <span class='ocrx_word' id='word_1_721' title='bbox 1522 4829 1639 4894; x_wconf 90' lang='grc'><strong>101010</strong></span> <span class='ocrx_word' id='word_1_722' title='bbox 1661 4831 1763 4912; x_wconf 88' lang='lat' dir='ltr'><strong>sequi,</strong></span> <span class='ocrx_word' id='word_1_723' title='bbox 1786 4829 2170 4896; x_wconf 88' lang='lat' dir='ltr'><strong>secundumettertium</strong></span> <span class='ocrx_word' id='word_1_724' title='bbox 2190 4834 2397 4912; x_wconf 84' lang='lat' dir='ltr'><strong>socordiae,</strong></span> 
     </span>
     <span class='ocr_line' id='line_1_52' title="bbox 393 4911 2398 5001; baseline 0.002 -23"><span class='ocrx_word' id='word_1_725' title='bbox 393 4911 551 4997; x_wconf 89' lang='lat' dir='ltr'><strong>populum</strong></span> <span class='ocrx_word' id='word_1_726' title='bbox 574 4934 681 4992; x_wconf 90' lang='lat' dir='ltr'><strong>suum,</strong></span> <span class='ocrx_word' id='word_1_727' title='bbox 708 4922 746 4977; x_wconf 91' lang='lat' dir='ltr'><strong>ut</strong></span> <span class='ocrx_word' id='word_1_728' title='bbox 767 4933 880 4979; x_wconf 91' lang='lat' dir='ltr'><strong>omnes</strong></span> <span class='ocrx_word' id='word_1_729' title='bbox 902 4915 1020 4979; x_wconf 82' lang='lat' dir='ltr'><strong>effectu</strong></span> <span class='ocrx_word' id='word_1_730' title='bbox 1042 4915 1111 4997; x_wconf 90' lang='lat' dir='ltr'><strong>ipso</strong></span> <span class='ocrx_word' id='word_1_731' title='bbox 1133 4924 1367 5000; x_wconf 87' lang='lat' dir='ltr'><strong>cognoscerent</strong></span> <span class='ocrx_word' id='word_1_732' title='bbox 1420 4914 1478 4980; x_wconf 91' lang='lat' dir='ltr'><strong>sed</strong></span> <span class='ocrx_word' id='word_1_733' title='bbox 1504 4935 1673 4998; x_wconf 90' lang='lat' dir='ltr'><strong>possemus</strong></span> <span class='ocrx_word' id='word_1_734' title='bbox 1706 4913 1813 4982; x_wconf 89' lang='lat' dir='ltr'><strong>dicere</strong></span> <span class='ocrx_word' id='word_1_735' title='bbox 1846 4915 2006 4999; x_wconf 88' lang='lat' dir='ltr'><strong>Ephraim</strong></span> <span class='ocrx_word' id='word_1_736' title='bbox 2040 4917 2148 4982; x_wconf 91' lang='lat' dir='ltr'><strong>vocari</strong></span> <span class='ocrx_word' id='word_1_737' title='bbox 2176 4915 2239 4982; x_wconf 90' lang='lat' dir='ltr'><strong>Dei</strong></span> <span class='ocrx_word' id='word_1_738' title='bbox 2271 4919 2398 5001; x_wconf 89' lang='lat' dir='ltr'><strong>primo·</strong></span> 
     </span>
     <span class='ocr_line' id='line_1_53' title="bbox 393 4997 2399 5150; baseline 0.003 -87"><span class='ocrx_word' id='word_1_739' title='bbox 393 5000 503 5082; x_wconf 92' lang='lat' dir='ltr'><strong>ipsum</strong></span> <span class='ocrx_word' id='word_1_740' title='bbox 526 5007 756 5082; x_wconf 87' lang='grc'><strong>0000001000.</strong></span> <span class='ocrx_word' id='word_1_741' title='bbox 801 4997 962 5083; x_wconf 82' lang='lat' dir='ltr'><strong>Adiungit</strong></span> <span class='ocrx_word' id='word_1_742' title='bbox 985 5004 1098 5081; x_wconf 91' lang='lat' dir='ltr'><strong>postea</strong></span> <span class='ocrx_word' id='word_1_743' title='bbox 1127 4999 1284 5084; x_wconf 79' lang='lat' dir='ltr'><strong>Ephraim</strong></span> <span class='ocrx_word' id='word_1_744' title='bbox 1305 4999 1368 5066; x_wconf 75' lang='lat' dir='ltr'><strong>sai</strong></span> <span class='ocrx_word' id='word_1_745' title='bbox 1421 5001 1577 5150; x_wconf 69' lang='lat' dir='ltr'><strong>qenitum,</strong></span> <span class='ocrx_word' id='word_1_746' title='bbox 1601 5002 1747 5085; x_wconf 83' lang='lat' dir='ltr'><strong>gentium</strong></span> <span class='ocrx_word' id='word_1_747' title='bbox 1770 5012 1935 5084; x_wconf 90' lang='lat' dir='ltr'><strong>respectu,</strong></span> <span class='ocrx_word' id='word_1_748' title='bbox 1964 5023 2047 5085; x_wconf 88' lang='lat' dir='ltr'><strong>quae</strong></span> <span class='ocrx_word' id='word_1_749' title='bbox 2070 5000 2203 5067; x_wconf 89' lang='lat' dir='ltr'><strong>tandem</strong></span> <span class='ocrx_word' id='word_1_750' title='bbox 2224 5011 2399 5070; x_wconf 88' lang='lat' dir='ltr'><strong>consortes</strong></span> 
     </span>
     <span class='ocr_line' id='line_1_54' title="bbox 391 5084 2398 5171; baseline 0.002 -20"><span class='ocrx_word' id='word_1_751' title='bbox 391 5085 460 5167; x_wconf 73' lang='lat' dir='ltr'><strong>fore</strong></span> <span class='ocrx_word' id='word_1_752' title='bbox 486 5085 738 5169; x_wconf 75' lang='lat' dir='ltr'><strong>priawqenitam.</strong></span> <span class='ocrx_word' id='word_1_753' title='bbox 790 5085 930 5150; x_wconf 88' lang='lat' dir='ltr'><strong>Minime</strong></span> <span class='ocrx_word' id='word_1_754' title='bbox 959 5084 1092 5150; x_wconf 90' lang='lat' dir='ltr'><strong>dubium</strong></span> <span class='ocrx_word' id='word_1_755' title='bbox 1123 5097 1173 5152; x_wconf 90' lang='grc'><strong>001</strong></span> <span class='ocrx_word' id='word_1_756' title='bbox 1202 5087 1278 5170; x_wconf 92' lang='lat' dir='ltr'><strong>quin</strong></span> <span class='ocrx_word' id='word_1_757' title='bbox 1310 5106 1368 5168; x_wconf 88' lang='lat' dir='ltr'><strong>per</strong></span> <span class='ocrx_word' id='word_1_758' title='bbox 1435 5093 1554 5152; x_wconf 92' lang='lat' dir='ltr'><strong>uerunt</strong></span> <span class='ocrx_word' id='word_1_759' title='bbox 1593 5087 1754 5170; x_wconf 81' lang='lat' dir='ltr'><strong>gratuitae</strong></span> <span class='ocrx_word' id='word_1_760' title='bbox 1795 5085 1986 5171; x_wconf 89' lang='lat' dir='ltr'><strong>adoptionis.</strong></span> <span class='ocrx_word' id='word_1_761' title='bbox 2040 5087 2167 5154; x_wconf 87' lang='grc'><strong>80000</strong></span> <span class='ocrx_word' id='word_1_762' title='bbox 2206 5089 2294 5154; x_wconf 87' lang='grc'><strong>0010</strong></span> <span class='ocrx_word' id='word_1_763' title='bbox 2333 5090 2398 5155; x_wconf 89' lang='lat' dir='ltr'><strong>filii</strong></span> 
     </span>
     <span class='ocr_line' id='line_1_55' title="bbox 394 5166 2398 5256; baseline 0.004 -22"><span class='ocrx_word' id='word_1_764' title='bbox 394 5166 617 5250; x_wconf 86' lang='lat' dir='ltr'><strong>synecdochen</strong></span> <span class='ocrx_word' id='word_1_765' title='bbox 634 5171 794 5254; x_wconf 89' lang='lat' dir='ltr'><strong>Ephraim</strong></span> <span class='ocrx_word' id='word_1_766' title='bbox 818 5171 872 5237; x_wconf 91' lang='lat' dir='ltr'><strong>hic</strong></span> <span class='ocrx_word' id='word_1_767' title='bbox 895 5181 1043 5236; x_wconf 90' lang='lat' dir='ltr'><strong>sumatur</strong></span> <span class='ocrx_word' id='word_1_768' title='bbox 1065 5191 1123 5254; x_wconf 94' lang='lat' dir='ltr'><strong>pro</strong></span> <span class='ocrx_word' id='word_1_769' title='bbox 1146 5179 1214 5237; x_wconf 90' lang='lat' dir='ltr'><strong>toto</strong></span> <span class='ocrx_word' id='word_1_770' title='bbox 1236 5171 1366 5255; x_wconf 93' lang='lat' dir='ltr'><strong>populo.</strong></span> <span class='ocrx_word' id='word_1_771' title='bbox 1421 5170 1587 5250; x_wconf 80' lang='lat' dir='ltr'><strong>Abrahae,</strong></span> <span class='ocrx_word' id='word_1_772' title='bbox 1618 5172 1696 5254; x_wconf 91' lang='lat' dir='ltr'><strong>quia</strong></span> <span class='ocrx_word' id='word_1_773' title='bbox 1717 5172 1807 5237; x_wconf 90' lang='lat' dir='ltr'><strong>insiti</strong></span> <span class='ocrx_word' id='word_1_774' title='bbox 1829 5193 1944 5238; x_wconf 89' lang='lat' dir='ltr'><strong>sumus</strong></span> <span class='ocrx_word' id='word_1_775' title='bbox 1969 5193 2028 5256; x_wconf 91' lang='lat' dir='ltr'><strong>per</strong></span> <span class='ocrx_word' id='word_1_776' title='bbox 2057 5173 2155 5238; x_wconf 87' lang='lat' dir='ltr'><strong>fidem</strong></span> <span class='ocrx_word' id='word_1_777' title='bbox 2185 5175 2219 5239; x_wconf 93' lang='lat' dir='ltr'><strong>in</strong></span> <span class='ocrx_word' id='word_1_778' title='bbox 2250 5173 2398 5243; x_wconf 90' lang='lat' dir='ltr'><strong>electum</strong></span> 
     </span>
     <span class='ocr_line' id='line_1_56' title="bbox 394 5254 2400 5341; baseline 0.004 -22"><span class='ocrx_word' id='word_1_779' title='bbox 394 5254 511 5337; x_wconf 91' lang='lat' dir='ltr'><strong>Neque</strong></span> <span class='ocrx_word' id='word_1_780' title='bbox 533 5255 588 5322; x_wconf 92' lang='lat' dir='ltr'><strong>hio</strong></span> <span class='ocrx_word' id='word_1_781' title='bbox 610 5257 771 5340; x_wconf 88' lang='lat' dir='ltr'><strong>propheta</strong></span> <span class='ocrx_word' id='word_1_782' title='bbox 794 5256 950 5324; x_wconf 88' lang='lat' dir='ltr'><strong>discernit</strong></span> <span class='ocrx_word' id='word_1_783' title='bbox 971 5257 1057 5321; x_wconf 90' lang='lat' dir='ltr'><strong>inter</strong></span> <span class='ocrx_word' id='word_1_784' title='bbox 1078 5255 1142 5322; x_wconf 88' lang='lat' dir='ltr'><strong>duo</strong></span> <span class='ocrx_word' id='word_1_785' title='bbox 1168 5277 1280 5340; x_wconf 80' lang='lat' dir='ltr'><strong>regna,</strong></span> <span class='ocrx_word' id='word_1_786' title='bbox 1310 5255 1366 5320; x_wconf 92' lang='lat' dir='ltr'><strong>sed</strong></span> <span class='ocrx_word' id='word_1_787' title='bbox 1421 5257 1584 5341; x_wconf 91' lang='lat' dir='ltr'><strong>populum.</strong></span> <span class='ocrx_word' id='word_1_788' title='bbox 1630 5258 1697 5323; x_wconf 83' lang='lat' dir='ltr'><strong>Sed</strong></span> <span class='ocrx_word' id='word_1_789' title='bbox 1720 5259 1776 5324; x_wconf 91' lang='lat' dir='ltr'><strong>illa</strong></span> <span class='ocrx_word' id='word_1_790' title='bbox 1798 5259 1897 5324; x_wconf 90' lang='lat' dir='ltr'><strong>etiam</strong></span> <span class='ocrx_word' id='word_1_791' title='bbox 1919 5257 2038 5326; x_wconf 92' lang='lat' dir='ltr'><strong>solutio</strong></span> <span class='ocrx_word' id='word_1_792' title='bbox 2071 5259 2200 5325; x_wconf 92' lang='lat' dir='ltr'><strong>videtur</strong></span> <span class='ocrx_word' id='word_1_793' title='bbox 2229 5261 2313 5326; x_wconf 92' lang='lat' dir='ltr'><strong>mihi</strong></span> <span class='ocrx_word' id='word_1_794' title='bbox 2341 5285 2400 5327; x_wconf 90' lang='lat' dir='ltr'><strong>ar·</strong></span> 
     </span>
     <span class='ocr_line' id='line_1_57' title="bbox 384 5339 2400 5470; baseline 0.005 -66"><span class='ocrx_word' id='word_1_795' title='bbox 384 5339 623 5470; x_wconf 48' lang='lat' dir='ltr'><strong>seomplcctitut·</strong></span> <span class='ocrx_word' id='word_1_796' title='bbox 656 5344 752 5409; x_wconf 90' lang='lat' dir='ltr'><strong>etiam</strong></span> <span class='ocrx_word' id='word_1_797' title='bbox 791 5344 914 5410; x_wconf 91' lang='lat' dir='ltr'><strong>tribum</strong></span> <span class='ocrx_word' id='word_1_798' title='bbox 944 5341 1092 5408; x_wconf 92' lang='lat' dir='ltr'><strong>Iehudah</strong></span> <span class='ocrx_word' id='word_1_799' title='bbox 1132 5343 1193 5409; x_wconf 92' lang='lat' dir='ltr'><strong>sub</strong></span> <span class='ocrx_word' id='word_1_800' title='bbox 1234 5341 1367 5408; x_wconf 89' lang='lat' dir='ltr'><strong>nomine</strong></span> <span class='ocrx_word' id='word_1_801' title='bbox 1420 5351 1500 5425; x_wconf 79' lang='lat' dir='ltr'><strong>guta</strong></span> <span class='ocrx_word' id='word_1_802' title='bbox 1533 5345 1640 5426; x_wconf 90' lang='lat' dir='ltr'><strong>potius</strong></span> <span class='ocrx_word' id='word_1_803' title='bbox 1674 5365 1770 5427; x_wconf 88' lang='lat' dir='ltr'><strong>quam</strong></span> <span class='ocrx_word' id='word_1_804' title='bbox 1807 5343 1919 5410; x_wconf 89' lang='lat' dir='ltr'><strong>solida.</strong></span> <span class='ocrx_word' id='word_1_805' title='bbox 1976 5343 2175 5429; x_wconf 82' lang='lat' dir='ltr'><strong>Simpliciter</strong></span> <span class='ocrx_word' id='word_1_806' title='bbox 2211 5347 2316 5430; x_wconf 79' lang='lat' dir='ltr'><strong>igitur</strong></span> <span class='ocrx_word' id='word_1_807' title='bbox 2349 5350 2400 5414; x_wconf 89' lang='grc'><strong>110</strong></span> 
     </span>
    </p>
   </div>
   <div class='ocr_carea' id='block_1_9' title="bbox 0 0 2575 6132">
    <p class='ocr_par' dir='ltr' id='par_1_10' title="bbox 0 0 2575 6132">
     <span class='ocr_line' id='line_1_58' title="bbox 0 0 2575 6132; baseline 0 0"><span class='ocrx_word' id='word_1_808' title='bbox 0 0 2575 6132; x_wconf 95' lang='lat' dir='ltr'><strong> </strong></span> 
     </span>
    </p>
   </div>
  </div>
 </body>
</html>
