5118 6136
190 448 254 513 605
883 445 934 509 IN
955 443 1205 508 quentati.
1246 443 1345 509 OAP.
1368 443 1501 510 XXIX.
2133 453 2197 520 606

190 647 266 704 rent
299 637 385 720 quod
419 649 528 700 tamen
570 635 676 718 potuit
716 636 795 699 satis
837 653 909 697 esse
949 632 1169 711 manifestum,
1223 651 1286 714 quc
1305 633 1400 696 modo
1420 633 1505 696 sumi
1524 637 1642 716 potest.
1677 631 1773 699 Nunc
1792 636 1948 702 recitatur
1967 639 2090 704 crimen
2114 641 2198 708 eius:

189 743 310 806 nempe
332 723 523 806 magnificos
546 721 627 786 istos
649 720 826 804 prophetes
856 719 1003 797 scortari,
1033 729 1066 782 et
1096 727 1169 782 ten·
1222 725 1335 800 postea
1361 715 1545 782 videbimus
1574 737 1633 781 suc
1661 717 1731 782 lccc
1758 719 1798 784 de
1827 743 1940 803 poena.
1986 724 2059 790 Hac
2087 739 2197 792 autem

190 821 260 875 tam
292 829 365 874 esse
398 805 633 890 turpitudinem
665 807 751 871 vitae
780 806 940 886 ipsoram,
974 813 1012 868 ut
1042 815 1167 868 certum
1222 803 1285 867 luit
1306 805 1445 880 crimen,
1477 801 1644 883 scripsisti
1672 804 1709 868 ia
1736 808 1862 871 nomiae
1889 828 1966 888 mec,
1996 810 2112 892 inquit.
2158 813 2197 879 Si

191 905 278 962 esset
300 914 366 958 non
397 894 519 958 habere
548 892 726 974 quidquam
755 890 905 955 divinum
935 889 990 954 vel
1020 889 1168 954 caeleste.
1222 898 1351 952 tantum
1375 888 1493 953 luisset
1514 888 1678 953 flabellum
1702 891 1913 972 crudelitatis,
1936 894 1995 958 hac
2018 897 2082 961 iam
2106 899 2198 964 nulla

190 981 262 1046 Iam
293 979 484 1062 adiungitur
514 977 620 1042 altera
655 977 796 1060 species,
834 995 953 1058 nempe
982 974 1065 1056 quad
1094 993 1170 1054 pro-
1222 975 1319 1038 venia
1352 973 1487 1056 dignum
1523 979 1612 1038 erat:
1645 975 1701 1040 sed
1731 979 1853 1042 crimen
1888 980 1950 1044 luit
1984 981 2196 1066 duplicatum,

186 1066 385 1148 platoceriat
405 1063 562 1146 fallaciter
583 1064 618 1127 ia
640 1062 705 1127 Dei
727 1063 858 1128 aomina.
902 1061 984 1124 Fuit
1014 1059 1076 1125 boc
1106 1061 1167 1124 cri·
1221 1059 1308 1142 quod
1343 1079 1443 1124 ausus
1477 1067 1527 1124 est
1561 1059 1773 1142 praetendere
1806 1063 1870 1128 Dei
1903 1068 2129 1148 autoritatem,
2162 1079 2196 1135 et

191 1173 268 1217 man
290 1151 444 1226 atrocius,
468 1149 546 1230 quia
568 1157 608 1212 ut
630 1149 701 1212 Deo
724 1149 868 1231 pretiosa
889 1157 940 1212 ast
957 1166 1016 1211 sua
1036 1146 1166 1220 veritas,
1221 1147 1341 1210 iactare
1363 1167 1398 1210 se
1421 1165 1491 1210 esse
1513 1147 1606 1226 quasi
1634 1148 1705 1212 cius
1733 1149 1881 1227 scribam,
1913 1153 2005 1232 quasi
2036 1166 2196 1220 assereret

191 1239 239 1304 sic
268 1236 476 1318 sacmlegium
509 1233 591 1298 illud
624 1241 675 1298 est
708 1232 926 1311 intolerabile,
961 1230 1016 1296 ubi
1048 1231 1168 1296 veritus
1222 1231 1358 1295 dictatas
1387 1229 1488 1294 luisse
1510 1231 1570 1295 sibi
1595 1231 1706 1298 literas
1729 1255 1749 1297 a
1771 1236 1887 1317 spiritu
1917 1247 2041 1319 sancta,
2072 1262 2107 1305 sa
2131 1263 2194 1306 non

191 1324 394 1388 convertitur
415 1321 451 1384 in
481 1319 697 1384 mendacium.
743 1319 809 1384 Sed
840 1319 918 1400 quia
945 1319 992 1382 sic
1022 1316 1168 1399 corrupti
1220 1316 1351 1398 proprio
1369 1315 1521 1398 impulsu,
1541 1317 1593 1380 vel
1610 1321 1794 1384 temeritate
1812 1320 1999 1402 loquutam:
2018 1325 2194 1391 eedDeum

190 1416 285 1474 eraut
308 1407 454 1471 omnium
484 1406 594 1483 animi,
624 1413 662 1470 ut
693 1425 789 1469 nemo
811 1403 910 1470 vellet
938 1403 1064 1485 aperire
1092 1421 1166 1465 cou-
1221 1422 1286 1465 non
1310 1421 1406 1484 posse
1428 1401 1514 1466 l'crre
1538 1408 1663 1466 tautam
1689 1403 1851 1470 licentiam
1876 1409 1910 1470 in
1935 1408 2085 1488 Ieremia,
2108 1411 2195 1494 quad

190 1495 248 1570 los,
273 1493 345 1557 ideo
367 1501 508 1556 testatur
529 1492 628 1568 Deus,
652 1492 801 1572 quamvis
820 1491 1033 1554 scortationes
1055 1507 1167 1552 eorum
1221 1509 1321 1569 quum
1345 1486 1475 1552 assidue
1498 1489 1744 1554 concionaretur
1767 1492 1806 1555 de
1827 1492 1923 1577 longo
1945 1496 2068 1573 exsilic,
2091 1511 2195 1562 saber-

191 1601 258 1644 non
281 1579 348 1642 sint
370 1575 671 1661 populo'oognitae‚
704 1576 857 1659 quamvis
890 1594 955 1638 non
989 1573 1167 1656 deprehen·
1220 1574 1279 1638 doe
1302 1583 1411 1636 tamen
1435 1574 1634 1655 ignosceret:
1666 1574 1782 1640 deiude
1804 1577 1836 1641 in
1860 1585 1928 1643 toto
1951 1581 2066 1646 ordine
2088 1605 2193 1648 sacer·

191 1667 289 1730 datur
321 1683 435 1728 eorum
466 1665 594 1726 vanitas
621 1664 654 1726 in
677 1662 767 1726 falsis
790 1661 963 1736 vaticiniis,
996 1658 1059 1722 hoc
1088 1659 1168 1722 satis
1220 1659 1318 1723 domii
1341 1679 1436 1721 nemo
1459 1679 1493 1723 se
1514 1671 1701 1742 opponeret.
1747 1663 1790 1725 Et
1813 1664 1910 1729 simul
1936 1667 2034 1730 etiam
2063 1675 2194 1734 accusat

190 1751 376 1832 essequod
396 1750 439 1814 sii
459 1749 595 1831 copaitor
620 1753 647 1811 a
672 1749 767 1812 testis
813 1747 874 1810 Est
903 1757 1010 1810 autem
1040 1745 1094 1808 hic
1123 1744 1166 1807 lo·
1220 1744 1427 1809 tolerantiam
1456 1745 1576 1827 populi.
1622 1745 1717 1826 Quod
1746 1769 1824 1831 crgo
1853 1750 1913 1814 boa
1943 1752 2019 1816 lecit
2041 1752 2104 1818 Dei
2135 1776 2193 1819 no·

191 1857 250 1902 cus
272 1846 385 1899 notatu
409 1834 538 1917 dignus,
569 1834 646 1914 quia
669 1832 870 1916 hypocritae,
900 1831 1001 1895 donec
1024 1831 1168 1894 sentiant
1219 1833 1307 1895 mine
1329 1830 1392 1893 luit
1414 1829 1510 1912 longe
1537 1832 1682 1914 gravius,
1711 1853 1808 1914 quam
1832 1834 1858 1898 si
1881 1837 2064 1920 scripsisset
2086 1840 2194 1905 instar

191 1943 226 1987 sc
249 1921 444 1986 constrictos
464 1939 573 1983 coram
593 1915 788 2000 hominibus,
812 1917 894 1980 nihil
918 1925 1079 1997 metuunt,
1101 1915 1167 1978 imo
1220 1915 1337 1999 privati
1360 1915 1510 1981 hominis.
1550 1917 1680 1982 Dicitur
1701 1930 1810 1982 autem
1834 1921 2000 2003 scripsisse
2022 1924 2062 1987 ad
2086 1931 2192 1990 totum

190 2006 329 2090 superbe
352 2026 422 2070 sese
444 2005 597 2080 offerunt,
627 2004 758 2086 quando
780 2003 845 2067 illis
863 2003 1061 2068 obiiciantur
1083 2021 1167 2082 quae
1218 2003 1385 2085 populum,
1416 2013 1453 2065 ut
1476 2002 1599 2068 scilicet
1621 2005 1790 2068 turmatim
1821 2026 1934 2072 omnes
1964 2012 2193 2092 conspirarent

190 2103 272 2158 sunt
303 2091 421 2157 meriti.
474 2091 639 2170 Quoniam
671 2110 749 2173 ergo
782 2100 874 2153 tanta
907 2101 957 2152 eet
987 2087 1167 2170 hypocritis
1219 2098 1334 2152 contra
1368 2087 1550 2151 Ieremiam.
1606 2087 1642 2154 Si
1678 2091 1766 2153 enim
1805 2099 1933 2156 tantum
1971 2096 2193 2162 sacerdotibus

191 2179 328 2244 durities
362 2185 395 2240 et
428 2176 627 2258 improbitas,
661 2175 734 2239 idea
764 2195 895 2239 necesso
928 2183 980 2238 est
1013 2192 1166 2238 revocare
1219 2175 1330 2238 literae
1364 2173 1520 2250 misisset,
1555 2185 1708 2255 potarent
1741 2177 1892 2259 excipere
1926 2178 1987 2243 sibi
2022 2201 2086 2244 uon
2121 2203 2192 2247 esse

189 2267 278 2348 ipsos
301 2262 340 2328 ad
365 2261 428 2325 Dei
452 2261 605 2338 tribunal,
628 2271 666 2324 ut
694 2260 879 2343 intelligant
911 2280 1005 2342 possa
1034 2257 1165 2340 quidem
1191 2260 1194 2354 Ι
1218 2262 1384 2340 integrum
1423 2269 1489 2322 tam
1527 2260 1686 2323 violenter
1723 2283 1819 2345 agera
1855 2274 1968 2328 contra
2005 2264 2190 2344 Ieremiam,

188 2351 278 2432 ipsos
299 2347 423 2414 centies
452 2347 577 2412 absolvi
607 2368 716 2411 coram
745 2346 877 2422 mundo,
907 2344 963 2411 sed
992 2343 1053 2408 hcc
1082 2343 1163 2408 nihil
1218 2345 1293 2428 quia
1321 2353 1430 2425 posset
1459 2343 1594 2409 excitari
1624 2345 1732 2428 aliqua
1760 2346 1888 2412 seditio.
1934 2348 2094 2415 Videmus
2116 2374 2193 2437 ergo

188 2435 348 2518 derogare
370 2432 488 2498 iudicio
511 2432 585 2496 Dei.
630 2432 727 2496 Nunc
750 2434 905 2513 sequitur,
1218 2430 1371 2495 astutiam
1403 2429 1500 2493 huius
1530 2428 1717 2508 nebulonis,
1750 2435 1803 2514 qui
1835 2435 1964 2499 tametsi
1995 2440 2194 2520 contempsit

588 2547 593 2556 ·
1218 2515 1383 2598 populum,
1407 2525 1442 2578 ut
1465 2525 1574 2578 tamen
1598 2517 1726 2580 minimi
1749 2520 1869 2600 quique
1893 2520 2056 2587 adiutores
2079 2534 2191 2589 essent

274 2621 327 2685 24·
357 2619 402 2685 Ep
424 2621 467 2686 ad
490 2619 638 2686 gemapap,
663 2619 887 2683 Nemamgem
915 2617 1008 2702 (ἦσθε,
1037 2617 1165 2683 ,150me
1218 2600 1438 2666 sacerdotibus
1460 2601 1500 2664 ud
1524 2603 1706 2682 saevitiam,
1729 2615 1761 2668 et
1780 2617 1817 2667 ut
1836 2606 1930 2669 fieret
1952 2610 2095 2672 omnium
2119 2631 2193 2674 con-

187 2709 248 2794 (sic
271 2705 383 2789 dices),
1218 2688 1369 2770 spiratio:
1405 2686 1476 2750 ideo
1504 2693 1608 2752 totum
1643 2689 1801 2770 populum
1833 2691 2021 2773 complexus
2051 2703 2101 2758 eet
2123 2697 2191 2760 suis

274 2810 326 2876 25.
359 2807 413 2876 Sic
440 2807 514 2872 dicit
540 2806 677 2872 Iebocab
704 2807 905 2884 exercituum,
936 2807 1026 2872 Deus
1048 2804 1154 2871 Israel
1218 2774 1331 2837 limi&
1376 2771 1494 2835 P⁰⁸t⁰³
1522 2773 1565 2837 “d
1592 2775 1789 2853 samm’
1819 2781 1847 2839 ‘t
1875 2796 1981 2841 mm
2009 2781 2190 2845 meram·

187 2897 330 2976 dicendo,
363 2894 535 2976 Propterea
564 2894 648 2974 quod
678 2896 712 2956 W
733 2892 850 2956 misisti
879 2893 914 2956 in
942 2893 1068 2956 nomine
1097 2854 1163 2956 meg
1218 2859 1344 2924 Nomen
1368 2857 1543 2921 sacerdotis
1560 2859 1592 2922 iu
1612 2859 1771 2942 singulari
1795 2881 1930 2926 numero
1952 2865 2109 2946 accipitur
2132 2885 2191 2948 pro

1218 2963 1344 3010 summa
1366 2942 1548 3007 sacerdote:
1584 2955 1696 3026 postea
1724 2957 1818 3012 nitu)
1846 2960 2004 3012 vocantur
2026 2971 2090 3012 non
2115 2957 2189 3014 tan·

188 2983 299 3048 meras
319 2983 362 3080 ‘id
384 2985 480 3078 mm
496 2977 660 3077 Impulm'i’
684 2977 741 3059 qui
764 2981 809 3040 ³⁸²
827 2976 1048 3060 1⁰7⁰⁸⁰lym⁰⁶’
1072 2983 1099 3042 οε
1121 2977 1164 3042 ad
1217 3041 1287 3093 tum
1310 3029 1363 3110 qui
1382 3049 1484 3110 genus
1504 3027 1665 3096 ducebant
1684 3031 1724 3096 ab
1738 3033 1847 3096 Aaron
1883 3033 1940 3097 sed
1958 3037 2057 3098 eliam
2075 3055 2189 3101 omnes

187 3067 386 3148 Zel’lmmam
404 3067 508 3146 ΜΨ*
524 3064 688 3128 Maasswe
710 3063 908 3142 Samdmem'
932 3069 958 3127 et
975 3063 1017 3127 ad
1039 3069 1163 3128 mmm
1216 3115 1363 3181 Levitae.
1417 3114 1499 3176 llrat
1531 3134 1680 3180 summus
1716 3083 1879 3195 sacerdob,
1920 3118 2035 3184 deinde
2069 3123 2189 3202 posteri

186 3151 530 3320 samggteshzioendo’
607 3252 613 3264 ·
802 3251 807 3263 ·
850 3251 856 3262 ·
1216 3205 1328 3266 Aaron
1347 3211 1440 3263 erant
1458 3200 1620 3282 praecipui
1637 3211 1669 3266 et
1685 3203 1777 3284 quasi
1793 3203 1935 3287 collegae
1950 3207 2070 3270 summi
2086 3227 2190 3272 saper.

316 3303 323 3318 .
411 3253 491 3318 ocati
513 3248 874 3333 posartte(canstrtu1t
897 3251 941 3335 tc)
962 3251 1161 3330 sacerdotem,
1215 3288 1313 3350 dolis:

182 3363 243 3424 pro
267 3340 423 3406 Ieboiada
450 3337 616 3418 sacerdote,
647 3342 681 3400 ut
702 3337 774 3401 sitis
798 3336 952 3418 praefecti
979 3337 1091 3402 damas
1114 3339 1164 3402 Ie-

186 3427 283 3490 bocae
303 3445 397 3506 saper
419 3444 540 3488 omaem
561 3424 668 3488 airam
684 3423 832 3486 insanam
856 3421 923 3506 (val
941 3421 1161 3508 arreptitium)

186 3518 214 3576 ct
236 3511 480 3594 prophetantem,
514 3514 549 3572 at
576 3528 680 3590 ponas
708 3509 816 3588 ipsam
845 3509 879 3571 ia
908 3527 1059 3574 carcerem
1087 3482 1190 3608 ¹(aiiii

185 3608 388 3697 vertunt..¹¹¹
417 3592 562 3694 mmmm)
596 3599 625 3658 ‘t
653 3614 689 3658 m
717 3594 877 3674 cmpedes
910 3591 975 3676 (νει
1006 3614 1160 3672 ‘mmm’
1185 3628 1188 3639 ’
1214 3628 1370 3694 Semaiah
1398 3649 1562 3692 summum
1593 3629 1795 3694 sacerdotem
1822 3633 2081 3716 ingratitudinis,
2110 3635 2187 3715 quia

186 3683 271 3766 ΨΜ
294 3682 365 3748 ³¹⁰⁸
388 3703 494 3764 ΜΨ
516 3678 645 3763 Plaoetd
679 3783 685 3795 ,
809 3784 815 3795 ,
852 3784 858 3797 ,
990 3784 996 3796 ,
1185 3644 1328 3780 Ιἲιιὶιιιιιι
1350 3715 1506 3777 suffactus
1528 3716 1562 3776 in
1586 3715 1721 3779 alteriue
1744 3716 1862 3782 locum.
1903 3718 2075 3782 Probabile
2098 3720 2185 3783 enim

256 3785 322 3884 ¹27·
346 3783 398 3882 Ei,
411 3789 446 3848 Μ
468 3803 567 3864 quart
588 3802 650 3846 'wil
669 3787 858 3882 ,mmmm
881 3785 1050 3848 sermm
1070 3783 1160 3848 ΛΜ·
1212 3811 1260 3866 est
1284 3811 1361 3863 tunc
1389 3797 1495 3863 adhuc
1518 3800 1642 3865 vixisse
1663 3801 1856 3879 Ieboiadab,
1886 3803 1942 3867 sed
1972 3804 2071 3868 fuisse
2101 3813 2185 3870 trac-

184 3871 321 3936 ih⁰iti0m
342 3891 399 3952 qut
415 3869 583 3952 militiai
602 3867 716 3932 'mim-²
1213 3897 1281 3950 tum
1304 3886 1338 3948 in
1362 3883 1559 3949 Chaldaeum
1582 3907 1655 3952 cam
1680 3887 1753 3952 aliis
1775 3887 1950 3953 exsulibus.
1998 3888 2086 3969 Quia
2108 3911 2186 3974 erga

1212 3980 1340 4054 praeter
1360 3990 1450 4053 spem
1472 3983 1505 4034 et
1521 3981 1598 4035 ante
1616 3983 1745 4055 tempus
1767 3975 1950 4057 contigerat
1973 3982 2064 4038 tanta
2083 3976 2188 4059 digni-

271 4058 337 4123 Hic
359 4058 515 4123 ieremias
538 4056 736 4122 vaticinatur
757 4055 798 4119 dc
819 4057 931 4136 terlio,
962 4057 1016 4138 qui
1047 4057 1159 4122 literas
1212 4067 1262 4122 tae
1281 4075 1409 4122 summo
1430 4057 1600 4132 sacerdoti,
1625 4079 1697 4121 eum
1717 4057 1865 4141 obiurgat
1891 4061 2185 4143 pseudopropheta,

183 4145 358 4225 scripserat
381 4143 611 4220 sacerdotibus,
635 4155 667 4206 et
686 4143 744 4206 toti
764 4143 884 4226 populo
901 4153 1015 4208 contra
1037 4143 1157 4225 ipsum:
1211 4142 1298 4226 quod
1321 4142 1406 4206 male
1429 4154 1584 4225 agnoscat
1605 4142 1667 4208 hcc
1689 4143 1752 4206 Dei
1782 4145 1992 4223 beneficium,
2022 4147 2112 4226 quasi
2137 4147 2183 4210 di·

183 4229 301 4294 deinde
335 4229 600 4313 expostulaverat
631 4247 706 4292 cum
740 4249 868 4292 summo
901 4229 1084 4307 sacerdote,
1125 4237 1159 4293 et
1211 4239 1298 4294 aeret
1319 4227 1428 4308 ipsum
1452 4229 1594 4309 iniquam
1619 4228 1800 4292 mercedem
1822 4230 1894 4294 Dec
1916 4230 2104 4313 rependere,
2128 4233 2185 4314 qui

183 4337 255 4382 cum
277 4314 359 4399 aliis,
382 4315 468 4399 quod
490 4314 647 4378 Ieremias
669 4314 802 4396 impune
826 4314 879 4378 diu
899 4314 1049 4378 hortatus
1072 4325 1158 4379 esset
1211 4335 1285 4379 eum
1314 4315 1346 4376 in
1375 4311 1453 4377 illud
1486 4333 1649 4376 summum
1681 4314 1848 4398 fastigium
1879 4327 2048 4380 evexerat:
2083 4317 2183 4402 Deus,

182 4401 340 4484 populum
365 4403 405 4466 ad
429 4398 597 4464 ferendam
627 4398 716 4483 longi
747 4399 856 4464 exsilii
885 4420 1021 4465 moram.
1065 4400 1157 4465 Haec
1210 4401 1325 4482 inquit,
1341 4400 1452 4479 posuit
1467 4403 1502 4472 ,te
1518 4400 1705 4464 sacedotem
1727 4400 1793 4465 loco
1812 4400 1982 4466 Ieboiadae
2002 4403 2183 4467 sacerdotis.

1342 3285 1482 3348 Levitae
1505 3298 1614 3350 autem
1637 3288 1779 3352 minores
1801 3302 1895 3354 arant
1918 3290 2050 3356 honoris
2073 3293 2187 3376 gradu.

1215 3373 1280 3437 Sed
1305 3371 1358 3434 hic
1385 3391 1444 3453 per
1470 3383 1586 3439 utrum
1617 3374 1773 3457 inlelligit
1802 3376 1899 3438 etiam
1931 3378 2016 3460 ipsos
2040 3379 2185 3444 Levitae.

1214 3457 1371 3540 Sequitur
1403 3467 1631 3539 argumentum
1662 3459 1831 3543 epistolae,
1863 3461 2000 3528 Iebcaab
2022 3464 2133 3542 posuit
2159 3468 2188 3528 te

1213 3543 1410 3624 sacerdotem,
1436 3553 1469 3606 et
1492 3555 1628 3609 caetera.
1673 3545 1737 3609 Hic
1760 3547 1929 3610 insimulat
1952 3547 2006 3611 ille
2029 3551 2188 3630 impostor

182 4489 285 4571 igitur
307 4508 435 4553 summa
458 4493 522 4551 est:
554 4485 610 4550 sed
634 4485 673 4549 de
696 4505 800 4566 poena
823 4485 1006 4550 videbimus
1033 4487 1067 4550 iu
1090 4487 1159 4550 fine
1211 4487 1264 4551 Ita
1293 4485 1436 4549 ministri
1467 4482 1609 4549 Satanae
1643 4486 1882 4570 transfigurant
1913 4508 1949 4550 se
1981 4487 2016 4550 in
2050 4490 2183 4570 angelos
2283 4536 2289 4549 .

183 4574 311 4656 capitis:
337 4573 427 4638 nolui
446 4571 585 4637 ulterius
602 4569 703 4634 verba
721 4572 884 4653 prosequi,
908 4573 983 4652 quia
1003 4590 1069 4634 non
1088 4594 1158 4654 pos·
1211 4573 1307 4636 lucis:
1340 4582 1373 4634 et
1395 4580 1506 4634 tamen
1529 4590 1594 4632 non
1617 4585 1754 4653 possunt
1784 4583 1849 4636 tam
1878 4570 1995 4637 dextre
2024 4573 2184 4636 aemulari

183 4680 252 4726 sem
275 4659 371 4724 hodie
394 4659 563 4725 absolvere
586 4657 647 4722 boc
666 4658 865 4720 vaticinium.
899 4655 1033 4739 Sumpsi
1056 4658 1158 4739 igitur
1182 4609 1185 4713 i
1210 4656 1273 4722 Dei
1305 4676 1433 4732 servos,
1474 4657 1552 4736 quin
1587 4655 1675 4720 fraus
1708 4659 1855 4739 ipsorum
1890 4658 1999 4722 statim
2038 4658 2182 4741 patefiat.

182 4747 324 4828 priorem
348 4759 473 4829 partem
494 4744 664 4819 duntaxat,
689 4763 807 4825 nempe
826 4741 910 4824 quod
929 4741 1157 4808 isteSemaiab
1212 4743 1355 4808 Multum
1389 4740 1475 4804 enim
1510 4742 1633 4805 astutia
1667 4743 1766 4808 distat
1799 4765 1818 4807 a
1850 4755 1937 4808 racto
1970 4753 2001 4807 et
2036 4743 2184 4826 legitimo

184 4851 250 4895 uon
274 4841 404 4896 tantum
427 4831 564 4896 aliorum
587 4847 678 4892 more
708 4827 861 4909 populum
894 4829 1041 4892 hortatus
1071 4839 1158 4893 esset
1210 4829 1355 4893 consilio.
1394 4825 1484 4890 Deus
1506 4825 1640 4890 instruit
1661 4849 1774 4893 servos
1796 4849 1873 4894 suos
1895 4829 2029 4895 oonsilio
2051 4841 2084 4891 et
2106 4848 2183 4911 pru·

184 4917 224 4980 ad
248 4937 340 4999 spem
369 4917 509 4998 reditus,
542 4923 574 4979 et
597 4913 695 4978 simul
725 4913 766 4977 ad
797 4914 919 4995 aliquid
950 4914 1156 4991 movendum,
1211 4915 1339 4978 dentis:
1372 4913 1476 4977 Satan
1510 4926 1619 4976 autam
1648 4912 1730 4978 dolis
1757 4921 1791 4979 et
1820 4924 1892 4979 astu
1927 4914 2094 4996 praeditus
2122 4923 2182 4978 eet.

183 5001 242 5067 sed
264 5003 362 5067 etiam
386 5011 550 5084 sparserat
572 5020 736 5064 venenum
760 5020 855 5063 suurn
877 4999 1104 5083 lerosolymae,
1125 5009 1158 5064 et
1211 5001 1300 5083 llrgo
1322 4999 1452 5064 tametsi
1484 4999 1588 5079 primo
1617 4999 1739 5064 intuitu
1766 5009 1922 5084 appareat
1949 4999 2078 5080 aliquod
2103 5001 2182 5064 arti·

183 5097 320 5153 conatus
343 5087 448 5152 luerat
470 5085 653 5169 opprimere
681 5085 807 5150 invidia
829 5085 1017 5162 Ieremiam,
1049 5093 1085 5148 ut
1106 5105 1159 5150 oc·
1210 5087 1320 5151 ficium
1350 5087 1383 5147 in
1414 5084 1551 5166 epistola
1583 5085 1898 5168 pseudoprophetae,
1931 5091 2042 5148 temen
2073 5107 2116 5148 ex
2147 5106 2183 5150 ra

184 5171 349 5239 cideretur
378 5172 510 5238 tandem
540 5173 632 5253 qussi
660 5171 961 5254 pseudopropheta,
991 5178 1026 5236 et
1055 5170 1157 5236 bostis
1209 5173 1281 5253 ipsa
1302 5169 1476 5254 colligitur,
1503 5169 1585 5233 ialso
1607 5172 1775 5251 praetendi
1799 5168 1863 5234 Dei
1885 5190 2014 5252 nomen,
2044 5170 2125 5235 lalso
2147 5171 2181 5235 in

183 5263 253 5324 tam
276 5258 358 5343 legis
387 5268 419 5324 et
442 5256 555 5340 templi
585 5277 684 5340 qnam
714 5255 829 5321 salutis
859 5257 1017 5339 publicae.
1061 5256 1158 5322 Dices
1209 5257 1351 5321 medium
1373 5255 1510 5339 proponi
1527 5256 1619 5337 'quod
1647 5257 1803 5322 suffectus
1832 5255 1932 5319 luerit
1959 5275 2108 5321 summus
2131 5277 2182 5322 sa·

183 5345 286 5430 igitur
307 5346 351 5410 ad
372 5343 532 5426 Senaslais,
555 5345 607 5408 vel
630 5344 670 5407 de
688 5341 852 5408 Semaiab.
893 5327 936 5410 ‘tlt
958 5344 1045 5407 enim
1070 5351 1157 5407 utra·
1209 5343 1322 5408 cardos
1351 5341 1386 5406 in
1417 5341 1522 5405 locum
1546 5341 1728 5408 Ieboiadae.
1775 5341 1848 5406 Iam
1877 5345 1912 5406 at
1939 5343 2026 5422 sitis,
2060 5342 2181 5424 inquit:
