5158 6124
223 461 288 524 373
673 456 675 462 ’
920 458 969 523 ΙΝ
992 458 1241 524 IEREMIAM.
1285 457 1386 525 OAP.
1409 455 1524 526 XXII.
2163 463 2232 528 374

225 649 301 732 quia
323 667 490 730 nunquam
513 654 628 730 sponte
651 645 767 712 adduci
788 653 926 730 possunt
947 649 984 712 ut
1002 662 1037 712 se
1056 645 1199 712 modeste
1252 645 1418 711 Detestari
1440 643 1569 727 quidem
1588 667 1718 713 necesse
1738 655 1788 712 est
1807 647 1968 713 eiusmodi
1989 655 2152 716 monstra:
2171 649 2230 717 sed

226 744 260 800 et
281 732 408 818 placide
426 744 551 818 gerant.
597 732 761 814 Quoniam
780 752 858 815 ergo
877 732 1103 815 compescendi
1121 742 1201 796 sunt
1252 731 1300 796 ite
1321 730 1505 796 cavendum
1528 739 1578 796 eet
1599 752 1641 797 ne
1663 732 1800 799 vilescat
1830 733 1922 798 nobis
1952 753 2060 799 sermo
2083 734 2146 800 Dei
2171 737 2229 801 ho·

226 821 371 888 violento
393 817 547 902 remedio,
569 818 698 897 dieitur,
729 817 856 898 Eripite
876 817 1045 900 spoliatam
1066 837 1082 882 e
1103 837 1201 882 meaa
1252 816 1379 880 minum
1402 815 1508 897 culpe.
1553 817 1710 883 Tenenda
1735 826 1785 884 est
1814 817 1915 902 igitur
1943 819 2001 883 illa
2022 819 2147 886 Obristi
2171 821 2230 886 ad·

226 905 432 990 mesore.
477 889 549 987 blla,
583 905 623 969 de
646 923 710 988 qua
737 922 817 968 voce
839 901 926 968 alibi.
971 901 1038 968 Sed
1062 903 1124 969 bec
1156 902 1202 967 lo·
1252 901 1406 980 monitio,
1440 900 1519 967 dum
1552 901 1667 968 sedent
1703 905 1827 969 scribae
1860 913 1894 968 et
1926 904 2096 970 Pharisaei
2129 925 2230 988 super

226 991 349 1074 quendi
371 991 477 1055 torma
495 991 661 1074 significet
678 991 770 1054 Deus
793 1009 859 1053 nou
882 989 1029 1056 sulficere
1050 989 1078 1054 si
1101 987 1201 1054 iudex
1253 986 1363 1053 sedem
1387 987 1497 1066 Mosis,
1527 995 1566 1052 ut
1587 989 1674 1071 ipsos
1703 987 1881 1055 audiamus.
1928 987 1984 1056 Sic
2005 993 2151 1073 oportuit
2173 991 2230 1056 Iu·

227 1078 391 1145 abstineat
419 1076 645 1160 etyraunide,
675 1095 695 1138 a
722 1075 869 1152 saevitia,
900 1095 965 1138 uon
995 1075 1110 1140 incitet
1138 1073 1201 1138 im·
1254 1072 1350 1139 dacos
1380 1074 1529 1138 venerari
1558 1074 1684 1156 regium
1713 1073 1796 1139 illud
1825 1073 1951 1154 solium,
1980 1075 2033 1142 cui
2055 1076 2149 1141 Deus
2178 1077 2230 1141 iu·

227 1161 353 1246 probos,
384 1182 444 1227 neo
473 1160 537 1228 illis
567 1163 687 1242 faveat,
718 1160 780 1226 nisi
811 1161 908 1231 etiam
939 1169 1092 1243 agnoscat
1120 1181 1156 1224 se
1182 1179 1203 1222 a
1254 1158 1434 1240 sculpserat
1449 1170 1553 1224 certas
1571 1177 1665 1224 notes
1685 1179 1762 1224 suae
1778 1159 1907 1242 gloriae.
1942 1158 2104 1241 Quamvis
2121 1169 2230 1226 autem

228 1249 299 1314 Deo
322 1246 522 1331 praelectum
544 1267 615 1312 esse
637 1247 697 1312 heo
723 1246 796 1330 lege
823 1249 859 1310 at
880 1245 996 1327 cripiet
1016 1245 1202 1326 spoliotoec
1254 1243 1404 1308 viderent
1425 1243 1593 1310 foedatum
1615 1264 1687 1308 esse
1709 1244 1821 1310 multis
1848 1244 2024 1312 sceleribus
2048 1245 2229 1323 bominum,

226 1353 323 1400 meaa
344 1333 546 1414 oppressoris,
573 1352 634 1398 nec
657 1331 784 1398 dubitet
811 1330 921 1396 subire
950 1330 1024 1396 odia
1053 1339 1087 1394 et
1116 1331 1201 1414 peri·
1253 1339 1286 1395 et
1307 1329 1452 1412 flagitiis,
1478 1339 1587 1394 tamen
1611 1328 1722 1394 debuit
1743 1349 1879 1395 menore
1905 1329 2015 1413 aliqua
2044 1331 2231 1398 reverentia

227 1420 301 1485 cula
323 1419 401 1483 dum
423 1417 532 1484 studet
560 1418 667 1484 ollieio
693 1436 752 1482 suo
781 1437 845 1482 non
874 1417 997 1482 deesse.
1040 1415 1202 1498 Adiungit
1252 1424 1386 1498 propter
1407 1415 1543 1480 verbum
1566 1413 1657 1493 illud,
1684 1414 1778 1480 Haeo
1798 1415 1929 1498 requies
1951 1436 2024 1481 mee
2052 1417 2085 1482 iu
2116 1437 2231 1485 saecu-

228 1526 315 1571 nunc
346 1503 508 1587 prophete
540 1503 622 1569 elias
655 1504 796 1586 species,
836 1521 916 1585 ques
951 1522 1014 1566 non
1048 1503 1202 1585 attigerat
1254 1499 1322 1565 lum
1355 1499 1485 1565 saeculi.
1541 1497 1607 1566 Sed
1641 1499 1790 1566 videmus
1823 1502 1950 1566 interea
1983 1522 2094 1586 regem
2128 1503 2231 1569 tuisse

226 1591 376 1675 proximo
394 1590 513 1671 capite:
538 1590 588 1654 Nc
598 1589 763 1742 graeculis
777 1587 981 1671 pereprincm
997 1591 1024 1653 et
1040 1585 1203 1669 pupillum
1254 1585 1399 1669 graviter
1421 1595 1453 1650 et
1474 1605 1586 1651 severe
1607 1584 1823 1669 obiurgatum,
1845 1593 1884 1650 ut
1905 1585 2024 1670 dignus
2045 1595 2125 1654 erat.
2161 1587 2231 1653 lta-

227 1676 415 1758 etoidaam,
436 1674 553 1758 inquit.
625 1695 703 1758 aepe
726 1674 807 1740 hacc
835 1673 982 1756 loquutio
1004 1673 1145 1739 occurrit
1166 1673 1201 1738 in
1254 1691 1317 1753 que
1339 1669 1433 1737 nimis
1455 1669 1572 1736 stolide
1594 1689 1677 1754 papa
1700 1671 1796 1736 hodie
1818 1692 1853 1736 se
1870 1671 2014 1738 eximere
2032 1682 2170 1738 conatur
2189 1673 2230 1738 ab

227 1762 391 1844 scriptura
427 1781 494 1825 non
530 1760 614 1843 quod
652 1761 702 1826 fes
734 1760 776 1824 sit
808 1778 1004 1841 quemquem
1037 1757 1200 1824 fraudere.
1253 1757 1343 1822 omui
1375 1756 1635 1838 reprehensione,
1669 1754 1753 1840 quod
1787 1766 1921 1839 occupet
1954 1756 2066 1823 sedem
2099 1765 2231 1841 aposto-

228 1848 344 1931 Neque
373 1847 462 1911 enim
490 1845 583 1912 Deus
610 1846 754 1912 eximere
776 1844 848 1910 vult
870 1865 890 1908 a
911 1863 999 1910 noxe
1026 1844 1113 1910 solos
1142 1864 1201 1927 pu·
1253 1841 1359 1908 licam.
1405 1841 1452 1908 Ut
1473 1841 1586 1908 demus
1608 1841 1696 1924 quod
1726 1842 1870 1925 postulat
1897 1843 2099 1927 (quenquam
2128 1843 2230 1910 trivo-

228 1933 325 2018 pillos
347 1938 380 1996 et
402 1932 591 2016 peregrinos
613 1942 646 1996 et
667 1930 802 1997 vidues:
829 1928 886 1995 sed
909 1929 1062 2012 quoniam
1084 1931 1119 1993 in
1142 1950 1201 2011 pu·
1254 1928 1321 1993 lum
1344 1937 1394 1994 est
1415 1947 1453 1994 ac
1476 1927 1612 2012 puerile)
1639 1928 1781 1993 Romam
1811 1928 1937 1994 censeri
1965 1927 2077 1994 sedem
2099 1936 2231 2012 aposto·

228 2018 315 2102 pillis
348 2017 440 2082 nulle
472 2027 522 2082 eet
555 2019 646 2096 ratio,
685 2015 814 2082 nullum
844 2014 1027 2092 consilium,
1060 2016 1203 2097 expositi
1254 2015 1349 2079 licam
1382 2012 1479 2098 (quae
1511 2033 1678 2096 nunquam
1708 2013 1791 2078 vidit
1823 2014 1971 2091 Petrum,
2005 2023 2043 2080 ut
2074 2013 2231 2100 arbitror)

228 2112 307 2170 suut
329 2104 422 2186 quasi
445 2103 479 2168 iu
501 2103 672 2186 praedam:
696 2101 814 2168 viduae
831 2102 939 2180 etiem,
962 2102 1039 2184 quia
1061 2101 1143 2166 nihil
1166 2102 1201 2165 iu
1254 2108 1342 2166 certe
1371 2101 1489 2166 solium
1512 2097 1654 2165 Devidie
1683 2099 1787 2184 magis
1816 2099 1880 2166 tuit
1907 2098 2103 2176 venerabile,
2131 2119 2231 2183 quam

228 2211 264 2256 se
286 2189 358 2272 opis
384 2187 515 2268 habent,
546 2197 578 2254 et
608 2187 773 2272 peregrini
803 2194 915 2254 carent
944 2186 1064 2264 levore,
1095 2185 1202 2252 nullos
1255 2185 1349 2252 sedes
1369 2183 1477 2250 Petri:
1501 2193 1612 2250 tamen
1630 2187 1760 2266 posteri,
1782 2186 1838 2268 qui
1857 2184 1981 2250 Devidi
1999 2193 2232 2262 successerant,

227 2275 399 2358 reperiunt
416 2277 536 2341 amicos
554 2275 612 2356 qui
630 2273 811 2357 suscipiant
825 2293 938 2338 eorum
956 2291 1105 2339 causam:
1128 2270 1202 2336 ideo
1254 2271 1404 2354 quamvis
1431 2279 1599 2354 gestarent
1621 2269 1748 2336 Christi
1775 2270 1953 2356 imaginem
1982 2279 2016 2336 et
2046 2291 2231 2354 personam,

227 2361 401 2443 praecipue
433 2358 640 2426 commendet
671 2361 760 2424 Deus
790 2367 857 2423 tam
887 2358 1076 2441 peregrinos
1104 2379 1201 2442 quem
1254 2377 1318 2422 non
1355 2357 1503 2440 protinus
1540 2355 1672 2422 luerunt
1708 2357 1872 2422 immunes
1909 2375 1928 2420 a
1964 2356 2230 2439 reprehensione,

226 2443 372 2529 pupillos
404 2453 437 2510 et
470 2444 597 2510 viduas.
648 2444 778 2510 Deinde
807 2444 871 2508 elia
900 2445 999 2508 etiam
1028 2452 1078 2509 est
1106 2443 1201 2509 ratio.
1253 2440 1526 2524 quemadmodum
1549 2441 1604 2508 hic
1625 2441 1799 2507 cernimus.
1838 2443 2084 2507 Potesttamen
2108 2442 2233 2525 quaeri,

227 2531 313 2597 Nem
340 2551 441 2612 quum
470 2531 522 2596 ius
549 2530 698 2595 redditur
727 2539 761 2595 et
788 2528 929 2614 pupillis,
960 2537 993 2594 et
1021 2529 1202 2612 peregrinis
1254 2549 1313 2595 cur
1335 2527 1420 2593 dicat
1443 2526 1601 2609 propheta
1623 2527 1818 2593 semiesum
1847 2527 1948 2592 inisse
1974 2527 2016 2590 ad
2046 2535 2154 2592 totum
2176 2547 2232 2610 po·

228 2627 262 2681 et
276 2614 394 2716 viduis,
417 2636 484 2680 uon
506 2615 640 2715 dubium
663 2623 714 2680 est
735 2615 811 2713 quin
835 2615 902 2682 illio
917 2613 1038 2681 elarius
1060 2615 1203 2714 reluceat
1253 2614 1376 2714 pulum,
1398 2612 1526 2712 quando
1548 2615 1625 2711 eius·
1640 2613 1789 2711 doctrina
1811 2632 1877 2677 non
1905 2613 1970 2712 nisi
1999 2611 2040 2677 ad
2063 2633 2175 2712 rogem
2198 2621 2234 2678 et

228 2701 683 2854 subtitulate
700 2698 1203 2863 attittttfttllttt
1252 2698 1375 2850 llll}
1397 2696 2233 2867 altstete.ltttttltttttttl

228 2881 298 2938 tur:
323 2873 378 2956 qui
401 2873 499 2937 etiam
523 2882 573 2936 eat
598 2871 762 2955 indigene,
791 2869 924 2936 habebit
946 2888 1023 2936 suos
1045 2879 1202 2954 cognatos
1254 2805 1349 2936 iacile
1383 2869 1483 2934 luisse
1515 2869 1677 2952 gregariis
1716 2867 1904 2966 hominibus
1945 2867 2098 2966 colligere
2132 2886 2232 2950 quam

228 2966 261 3024 et
294 2957 494 3041 propinquos
527 2957 583 3040 qui
623 2957 846 3041 suffragentur
878 2957 948 3021 eius
981 2975 1112 3021 causae:
1147 2955 1202 3038 qui
1254 2954 1465 3020 metuendum
1489 2961 1574 3019 esset
1589 2952 1653 3018 Dei
1675 2953 1841 3032 iudicium,
1864 2953 1941 3036 quia
1956 2951 2132 3019 audiebant
2153 2971 2233 3038 poe·

229 3044 321 3110 dives
354 3052 414 3126 est,
447 3051 480 3108 et
514 3042 681 3126 praeditus
710 3043 895 3118 autoritate,
928 3041 1027 3106 etiam
1061 3039 1204 3108 movebit
1255 3059 1332 3106 nem
1355 3039 1541 3105 denuntiari
1568 3039 1666 3104 otiam
1696 3037 1804 3104 domui
1827 3037 1976 3118 Doridis,
2006 3057 2090 3120 quae
2120 3048 2232 3103 tamen

228 3127 377 3206 iudicem,
410 3149 453 3193 ne
482 3128 595 3194 audiet
623 3127 800 3193 notabilem
830 3127 973 3210 aliquam
1004 3126 1123 3192 afferre
1152 3127 1202 3189 in·
1255 3135 1327 3191 erat
1348 3124 1440 3207 quasi
1462 3133 1676 3192 sacrosancte.
1721 3122 1832 3205 Quum
1856 3124 2006 3190 viderent
2028 3143 2107 3208 ergo
2136 3124 2232 3190 citari

228 3214 356 3279 iuriam.
403 3212 469 3280 Sed
493 3213 547 3279 ubi
569 3215 604 3278 in
625 3213 769 3278 medium
792 3212 902 3295 prodit
924 3210 978 3277 vel
1000 3211 1202 3295 peregrinus,
1255 3210 1297 3278 ed
1318 3210 1383 3276 Dei
1406 3209 1550 3275 tribuual
1572 3229 1636 3286 eos,
1668 3210 1725 3293 qui
1755 3215 1851 3276 eraut
1873 3208 2111 3293 quodammodo
2133 3209 2233 3276 soluti

229 3299 282 3364 vol
303 3297 456 3382 pupillus,
480 3297 533 3364 vel
557 3299 664 3376 vidua,
687 3297 787 3363 iudex
810 3306 920 3380 posset
940 3298 1073 3380 impune
1095 3297 1204 3380 oppri·
1255 3297 1392 3382 legibus,
1415 3295 1493 3378 quid
1517 3303 1668 3378 poteraut
1689 3305 1842 3380 reputare
1871 3296 1934 3362 nisi
1963 3305 2002 3360 ut
2031 3297 2168 3378 quisque
2196 3295 2234 3360 in

228 3405 319 3450 mere
333 3405 388 3450 eos
405 3404 528 3449 omnes.
562 3385 652 3467 Ergo
674 3384 702 3448 si
720 3393 808 3449 recte
826 3383 958 3461 iudicat,
981 3403 1045 3448 non
1069 3380 1203 3447 dubium
1255 3404 1291 3449 so
1312 3384 1420 3464 ipsum
1447 3379 1667 3458 descenderet,
1697 3400 1735 3447 ac
1756 3382 1960 3446 examinaret
1982 3382 2085 3448 vitem
2115 3380 2232 3447 suam?

229 3476 280 3536 est
312 3470 392 3551 quin
432 3468 537 3553 magis
570 3469 747 3551 conspicua
779 3468 822 3534 sit
855 3469 925 3534 eius
964 3469 1137 3550 integritas
1169 3476 1205 3531 et
1256 3468 1331 3551 quie
1353 3487 1484 3533 necesse
1506 3476 1578 3533 eret
1599 3467 1732 3532 tandem
1755 3468 1864 3533 vocari
1885 3469 1927 3533 ad
1955 3465 2157 3532 reddendam
2179 3483 2232 3532 ra·

228 3552 397 3622 rectitudo.
442 3553 535 3619 Haeo
557 3553 659 3637 igitur
686 3555 770 3619 ratio
798 3562 849 3620 ast
877 3574 937 3619 our
958 3550 1052 3618 Deus
1082 3553 1203 3636 passim
1257 3555 1397 3634 tionem,
1430 3561 1603 3635 postquam
1636 3573 1694 3618 rex
1728 3553 1798 3634 ipse
1829 3571 1902 3618 cum
1936 3553 2005 3619 suis
2037 3550 2234 3620 consiliariis

229 3640 371 3738 species·
386 3641 471 3738 ἰεῐοεςΙ
495 3647 664 3704 enumeret
695 3659 796 3738 quum
812 3640 939 3740 ‘agitur
972 3638 1011 3704 de
1043 3639 1140 3705 rectis
1167 3645 1206 3737 'et
1256 3647 1485 3723 praecesserat.
1529 3638 1627 3704 Nune
1650 3636 1807 3721 sequitur,

228 3723 664 3893 mpsffn’uugucxesfima
678 3723 860 3893 sllgsltlell
877 3723 1120 3876 lllreegexiralrlalll
1140 3743 1205 3875 reme
1342 3811 1373 3875 4.
1400 3808 1483 3890 Quia
1504 3809 1534 3875 ai
1554 3809 1698 3889 smicrtdo
1722 3808 1861 3891 secedis
1890 3807 1959 3893 (alii
1983 3815 2126 3887 vertunt,
2153 3809 2234 3892 quin

229 3897 297 3962 leto.
342 3895 434 3961 Haec
457 3896 555 3961 etium
581 3895 710 3978 proprie
732 3895 772 3959 ad
795 3894 917 3961 iudices
938 3903 1097 3979 spectent.
1143 3895 1206 3960 illst
1256 3896 1366 3980 potius
1395 3893 1543 3960 leoieudo
1578 3892 1718 3979 lecistis)
1749 3913 1921 3960 samonem
1953 3892 2033 3960 bauo
2066 3892 2142 3980 (boo
2172 3902 2235 3976 est,

229 3990 342 4046 autem
366 3980 427 4046 hoc
450 3982 541 4064 quasi
565 3979 721 4046 horribile
751 3979 943 4064 prodigium,
973 3979 1084 4047 sedem
1113 3979 1204 4044 illem
1256 3979 1413 4046 obediatis
1442 3980 1586 4045 sermoni
1613 3978 1710 4065 huic),
1744 3979 2016 4063 &inpedierint
2040 3999 2099 4062 per
2122 3986 2236 4062 portae

228 4066 368 4132 Davidis
390 4067 436 4131 ita
458 4067 557 4132 luisse
580 4066 747 4149 pollutam,
771 4075 807 4131 ut
828 4075 914 4131 esset
935 4064 1028 4147 quasi
1051 4064 1206 4147 spelunea
1256 4067 1367 4132 domas
1388 4065 1493 4143 tatu,
1516 4085 1603 4149 repca
1623 4065 1759 4132 sedeam
1774 4084 1840 4146 pro
1862 4064 1989 4131 Decide
2009 4063 2082 4150 (aut
2096 4065 2236 4152 Devidi)

230 4151 406 4217 latronum.
452 4151 646 4234 Ubicunque
669 4152 777 4234 aliqua
799 4150 986 4217 obtenditur
1008 4152 1132 4234 species
1154 4151 1204 4216 iu·
1256 4171 1352 4233 equor
1368 4151 1482 4218 oollam
1499 4152 1577 4234 ciue,
1593 4152 1761 4217 insidentes
1776 4151 1887 4216 currui
1905 4155 1935 4216 et
1953 4153 2052 4234 cqas'e,
2072 4151 2150 4236 ipse,
2167 4171 2235 4236 rae,

228 4235 314 4315 dieii,
337 4237 433 4303 debet
450 4236 518 4302 illie
533 4258 603 4303 esse
618 4237 776 4319 quaedam
800 4237 985 4302 reverentia
1007 4236 1061 4302 vel
1083 4235 1205 4319 pudor:
1257 4243 1286 4303 ct
1307 4238 1389 4302 acrei
1411 4237 1490 4313 cias,
1512 4237 1696 4320 ctpopalas
1716 4237 1792 4302 cias.

229 4323 295 4400 sed,
319 4322 595 4404 quemadmodum
614 4322 767 4402 diximus,
792 4321 1031 4388 tribunalillud
1047 4331 1117 4387 eret
1131 4320 1205 4386 Deo
1343 4321 1373 4387 5.
1411 4321 1501 4403 Quod
1521 4322 1552 4387 ei
1573 4342 1635 4387 stoa
1663 4321 1839 4388 otcdiaitie
1866 4322 2061 4389 ammonitas
2089 4323 2170 4402 talia
2200 4323 2237 4389 ia

228 4427 358 4474 eaerum
381 4408 598 4489 peculiariter.
643 4407 757 4488 Quum
787 4427 865 4492 ergo
887 4429 948 4472 rex
969 4415 1003 4472 et
1031 4409 1101 4473 eius
1130 4427 1205 4472 con·
1257 4427 1305 4472 me
1328 4408 1406 4490 (hoc
1428 4415 1487 4487 est,
1510 4427 1569 4489 per
1590 4407 1658 4505 me)
1680 4408 1797 4490 iarael,
1824 4408 1902 4473 dicit
1922 4407 2069 4488 loborat,
2098 4410 2179 4492 qaod
2199 4408 2237 4475 ia

230 4493 345 4559 eiliarii
368 4493 489 4558 luerint
512 4493 603 4575 quasi
629 4493 820 4573 praedones,
848 4501 882 4558 et
903 4495 951 4557 ite
973 4492 1205 4575 occupaverint
1256 4493 1455 4560 solitudines
1477 4490 1547 4578 (aut
1568 4491 1773 4578 vestutatem)
1794 4494 1854 4560 erit
1874 4494 1986 4560 doceas
2006 4494 2089 4561 boec.

231 4579 341 4644 sedem
370 4576 510 4644 Devidis
541 4586 578 4642 ut
607 4587 755 4661 grassata
785 4578 883 4644 luerit
911 4579 1017 4644 omnis
1045 4579 1203 4660 impietas,

231 4685 291 4731 nec
315 4663 538 4731 dubitaverint
565 4662 740 4728 hincinde
763 4683 886 4747 repere,
914 4683 951 4730 ao
973 4664 1000 4728 si
1030 4671 1141 4728 essent
1169 4664 1204 4728 in
1343 4663 1510 4747 Propheta
1542 4661 1662 4728 clarius
1695 4663 1852 4746 exprimit
1884 4667 1969 4748 quod
2010 4685 2116 4750 nuper
2149 4665 2236 4731 dixi:

231 4749 340 4832 aliquo
360 4750 522 4831 spoliario,
546 4748 616 4828 hoc,
639 4747 910 4833 quemadmodum
929 4749 1006 4828 dixi,
1027 4748 1089 4813 luit
1112 4748 1205 4814 triste
1257 4769 1375 4832 nempe
1398 4750 1426 4814 si
1449 4769 1491 4814 ex
1515 4750 1624 4812 animo
1645 4747 1761 4813 Iudaei
1791 4751 2016 4834 resipuissent,
2047 4751 2148 4818 tuisse
2178 4751 2235 4817 ad·

231 4845 265 4899 et
287 4834 416 4899 foedum
439 4834 670 4917 spectaculum.
718 4832 784 4900 Sed
807 4855 846 4900 eo
876 4833 1069 4919 diligentius
1093 4841 1205 4899 notare
1257 4835 1322 4900 huo
1337 4835 1443 4900 locum
1459 4833 1709 4900 misericordiae.
1744 4835 2014 4902 Promittiteuim
2030 4835 2106 4914 illis,
2123 4835 2234 4902 Deum

232 4920 321 4985 huno
343 4919 449 4986 locum
471 4927 609 5003 oportet,
631 4927 668 4984 ut
684 4918 846 4986 &cemus
864 4940 922 4985 nos
941 4921 1133 4987 confirmare
1150 4918 1205 4984 ad·
1256 4921 1326 4986 tore
1344 4918 1546 5003 placabilem,
1565 4921 1593 4984 si
1610 4920 1766 4986 studeant
1783 4942 1818 4987 se
1836 4921 2063 4988 reconciliare:
2080 4930 2114 4986 et
2131 4921 2235 4990 allicit

232 5025 346 5072 versus
369 5005 456 5070 mala
476 5005 638 5088 exempla,
661 5025 703 5070 ne
721 5025 785 5087 qua
807 5005 929 5072 scilicet
951 5005 1121 5070 hominum
1144 5004 1205 5068 im·
1257 5026 1312 5072 eos
1334 5003 1374 5070 ad
1407 5005 1641 5087 poenitentiam
1675 5005 1803 5071 blendia
1825 5007 1943 5072 verbis.
1988 5019 2036 5074 ott
2060 5019 2090 5074 ’2
2118 5027 2235 5092 possu-

232 5092 334 5174 pietes
356 5090 456 5154 tidem
478 5099 625 5156 nostram
656 5089 837 5170 labefactet,
867 5111 968 5174 quum
990 5090 1142 5156 videmus
1170 5091 1205 5153 in
1258 5109 1332 5156 mus
1355 5091 1555 5156 coniunctim
1578 5090 1697 5176 legere,
1719 5101 1756 5155 ut
1778 5091 1830 5170 sit,
1861 5090 1952 5172 Quin
1975 5093 2093 5174 potius.
2139 5093 2233 5160 Alios

232 5177 302 5258 ipsu
323 5175 387 5240 Dei
411 5175 548 5242 ecclesia
569 5197 622 5242 res
643 5177 691 5242 ita
718 5176 899 5258 permixtas
927 5184 961 5240 et
989 5175 1141 5241 confusas
1169 5185 1206 5239 ut
1258 5185 1368 5242 temen
1392 5183 1549 5258 sequutus
1571 5197 1644 5241 sum
1674 5177 1729 5258 qui
1759 5178 1805 5243 sic
1838 5177 2051 5255 transierunt,
2088 5177 2173 5260 Quia
2203 5181 2235 5245 ei

232 5263 287 5344 qui
315 5261 500 5346 gloriantur
526 5260 592 5326 Dei
623 5262 771 5339 nomine,
807 5261 874 5327 sint
905 5261 996 5345 quasi
1025 5261 1205 5327 latronibus
1256 5261 1400 5344 ferendo
1419 5261 1554 5344 secede
1574 5261 1656 5328 baec
1677 5280 1861 5339 sermonem,
1894 5267 1965 5327 tuac
1997 5263 2236 5346 ingrediemini:

232 5346 371 5426 similes,
414 5367 455 5410 ne
495 5355 666 5428 propterea
698 5347 879 5412 alienemur
911 5365 931 5411 a
963 5367 1042 5413 vera
1075 5347 1205 5430 pietate.
1257 5348 1305 5412 ita
1316 5347 1464 5432 copulam
1477 5347 1645 5413 resolvunt
1656 5348 1691 5411 in
1703 5346 1895 5413 adverbium
1907 5349 2073 5429 temporis,
2086 5356 2236 5434 utsaepo

1975 5448 2028 5504 24·
