5038 6118
182 438 243 504 129
901 439 950 505 IN
972 439 1223 507 quernae.
1267 439 1367 507 OAP.
1390 439 1485 546 XII.¹
2125 441 2188 508 130

183 625 282 710 pheta
303 625 405 692 vellet
435 627 589 710 populum
625 626 757 692 trahere
784 627 826 694 ad
855 627 1061 711 supplioium‚
1097 627 1157 694 hoe
1210 629 1594 712 oportuitipsoestatim
1617 630 1765 696 emedio
1787 630 1870 698 tolli.
1914 630 2005 714 Ergo
2028 627 2188 712 propheta

183 732 250 778 non
287 713 416 795 reeipio.
472 711 578 778 Nimis
613 713 700 778 enim
738 721 884 780 ooaotum
917 723 976 779 est.
1032 713 1158 778 Iudieia
1211 713 1263 780 hie
1293 713 1384 794 dioit,
1418 715 1496 780 Iure
1523 721 1619 781 terum
1645 735 1754 800 opem,
1787 716 1851 782 hoo
1872 724 1938 792 est,
1972 717 2000 780 ιι
2029 722 2187 780 traotares

184 797 273 881 loqui
302 797 384 862 nihil
410 797 498 864 alind
520 807 571 864 est
592 818 691 880 quam
713 799 784 865 iure
807 799 983 883 disputare,
1013 799 1158 884 legitime
1209 800 1365 885 populum
1389 799 1477 866 huno
1497 821 1556 882 pro
1579 803 1711 867 merito:
1746 822 1855 868 nonne
1884 800 1999 866 debuit
2025 800 2092 865 iam
2116 819 2187 866 sae·

184 905 291 968 agere,
323 884 596 966 quemadmodum
627 883 729 969 vulgo
758 884 946 968 loquuntur.
991 887 1062 970 ligo
1092 907 1158 951 nou
1192 888 1284 968 'pius
1316 885 1505 970 exstingui?
1544 886 1691 970 Interea,
1725 885 2000 970 quemadmodum
2034 885 2188 966 diximus,

184 968 353 1036 aueumulo
386 971 584 1048 testimonia,
618 971 771 1054 quoniam
806 971 886 1038 haee
916 971 1046 1054 phrasis
1078 971 1158 1038 satis
1210 990 1276 1036 non
1307 969 1435 1036 dubitat
1464 972 1505 1037 de
1532 973 1729 1038 reatitudine
1757 973 1869 1038 iudioii
1900 971 2020 1037 divini:
2055 976 2187 1036 tautum

185 1057 264 1120 tritu
285 1065 346 1120 eat
389 1055 500 1137 Quum
524 1057 616 1132 dioit,
648 1057 769 1122 Temen
792 1057 862 1122 iure
889 1056 1081 1140 disceptatu·
1105 1056 1160 1122 hie
1210 1057 1343 1140 respioit
1362 1058 1512 1123 homiues
1532 1058 1619 1141 ipsos
1642 1059 1697 1141 qui
1720 1058 1781 1124 sibi
1805 1058 1988 1141 pleoebaut.
2018 1063 2052 1122 et
2073 1075 2189 1123 aeoure

185 1159 249 1206 nen
274 1142 399 1206 excutit
422 1143 569 1206 fraenum
591 1141 683 1218 illud,
706 1142 793 1224 quod
810 1151 888 1208 ante
904 1142 968 1208 sihi
988 1143 1157 1226 imposuit:
1210 1143 1309 1208 etiam
1338 1141 1554 1228 indulgebant
1578 1143 1647 1208 suis
1669 1143 1769 1222 vitiis,
1802 1144 1956 1227 quoniam
1986 1163 2053 1207 non
2075 1143 2187 1207 statim

185 1225 242 1290 sed
265 1226 409 1310 postulet
438 1227 499 1292 hoo
525 1228 587 1293 sihi
614 1229 747 1293 oonoedi
776 1228 867 1310 qnasi
897 1247 957 1311 per
983 1227 1157 1311 indulgen·
1211 1228 1449 1311 exsequebatur
1471 1227 1564 1293 Deus
1591 1248 1714 1310 poenas
1735 1229 1809 1296 illas
1831 1248 1914 1313 quas
1936 1228 2189 1310 transgressori·

185 1311 275 1390 ιιιιιι,
306 1326 341 1377 ut
364 1322 525 1396 proponat
548 1314 619 1380 Deo
646 1314 732 1395 quod
755 1314 858 1379 videri
886 1315 987 1396 possit
1008 1311 1159 1379 omnibus
1211 1313 1273 1378 bus
1295 1313 1377 1397 legis
1398 1333 1477 1380 suae
1500 1315 1655 1379 minatur.
1702 1315 1792 1380 Dioit
1818 1335 1908 1398 ergo,
1942 1313 2107 1395 Qtwrtaqroe
2132 1313 2189 1378 uia

171 1399 310 1462 ¹reatum
334 1409 368 1463 et
389 1418 541 1481 aequum.
586 1397 711 1479 David,
739 1407 797 1464 aut
824 1399 983 1482 propheta
1011 1401 1159 1482 quisquis
1210 1399 1380 1484 impiorum
1400 1399 1667 1480 prosperabitur?
1694 1419 1769 1465 rrum
1790 1401 1890 1482 quieti
1912 1403 2112 1464 quateremur
2133 1397 2190 1480 qui

186 1485 286 1549 luerit
311 1495 406 1548 autor
428 1484 519 1548 illius
541 1483 676 1564 Psalmi,
706 1487 740 1549 in
763 1505 801 1550 eo
823 1485 893 1551 loeo
916 1505 1014 1569 quem
1044 1484 1159 1550 uitari·
1210 1485 1485 1569 teraprediurtiur
1505 1485 1761 1568 ireeepreeoiorte,
1785 1486 1846 1552 hoo
1868 1495 1927 1561 est,
1950 1485 2006 1568 qui
2029 1503 2096 1548 non
2119 1494 2190 1548 tan·

186 1589 274 1646 mus,
305 1569 405 1635 etiam
435 1570 461 1636 ιι
489 1570 633 1652 proterat
661 1591 737 1637 suos
765 1572 910 1653 privatos
939 1570 1093 1651 effaetus,
1127 1581 1160 1634 et
1212 1580 1282 1634 tum
1306 1571 1521 1636 medioeribus
1545 1570 1633 1635 vitiis
1646 1580 1735 1635 ¹snut
1756 1572 1885 1637 inleoti:
1909 1569 1965 1634 sed
1989 1569 2048 1652 qui
2070 1569 2111 1634 ad
2134 1589 2190 1634 ex·

185 1675 279 1720 suam
301 1656 537 1721 infirmitatem
559 1657 703 1740 ingenue
730 1656 890 1732 ostendat,
925 1661 1035 1722 tumen
1065 1677 1159 1739 prae·
1213 1663 1355 1722 tremum
1384 1675 1487 1738 usque
1515 1667 1594 1721 ιιιιιι
1623 1655 1782 1722 soaloreti.
1827 1655 1894 1737 Qui
1921 1674 2001 1739 ergo
2029 1655 2121 1719 velut
2148 1673 2189 1718 ex

186 1741 273 1806 futur
305 1739 374 1806 iere
404 1741 440 1806 iu
469 1741 609 1806 eundem
645 1741 792 1807 modum:
826 1743 883 1807 sed
917 1743 984 1808 illio
1017 1743 1160 1824 loquitur
1212 1741 1358 1824 professo
1376 1741 1529 1808 reiioiunt
1546 1761 1676 1806 omnem
1695 1743 1862 1826 pietatem,
1880 1751 1916 1806 et
1931 1761 2029 1806 omne
2043 1739 2190 1806 studium

186 1827 278 1908 quasi
301 1846 345 1891 ex
365 1827 519 1910 abrupto:
553 1827 677 1892 Tamen
700 1827 806 1894 iustus
828 1847 879 1893 os:
912 1829 1017 1893 utitur
1046 1828 1159 1896 eadem
1212 1827 1365 1904 iustitiae,
1388 1829 1444 1910 qui
1468 1828 1539 1893 lieri
1562 1837 1678 1910 potest,
1699 1833 1735 1892 ut
1751 1829 1816 1894 aiut
1836 1827 1943 1910 quieti,
1965 1833 1994 1892 et
2008 1825 2064 1891 vio
2082 1845 2191 1891 eorum

188 1933 266 1977 rone
287 1923 347 1998 qu,
380 1933 477 1997 quam
507 1925 646 1996 usurpet
667 1913 839 1979 Ieremias:
874 1913 931 1980 sed.
953 1913 1006 1978 hio
1028 1915 1161 1997 ponitur
1207 1913 1431 1996 prosperum?
1451 1913 1683 1978 Nuuoolarius
1701 1919 1852 1979 tenemus
1869 1911 1955 1997 quod
1973 1913 2052 1994 dixi,
2070 1929 2190 1990 nempe

186 2000 221 2062 in
239 2013 403 2082 postremo
425 1999 587 2064 membro:
609 1998 676 2064 illie
698 2009 807 2064 autem
830 2012 882 2064 est
903 1998 1073 2064 exordium
1096 2020 1161 2064 ser·
1214 1999 1407 2081 prophetam
1427 1996 1527 2066 rerba
1544 2017 1605 2064 sua
1618 1999 1659 2063 ad
1675 1997 1783 2064 Deum
1801 2010 1941 2076 vertere,
1960 2017 2025 2082 qno
2042 1995 2191 2078 stupidos

187 2085 308 2149 monis:
341 2083 466 2150 uamon
495 2084 600 2150 bouus
621 2097 672 2150 est
693 2085 785 2150 Deus
806 2083 931 2161 Israeli,
966 2103 1083 2168 nempe
1105 2085 1161 2168 qui
1213 2083 1286 2148 illos
1318 2083 1425 2166 magis
1458 2083 1595 2162 emetat,
1632 2090 1671 2148 ιιι
1704 2085 1850 2151 sentiant
1883 2105 1919 2150 se
1953 2081 2191 2166 quodammodo

187 2181 274 2235 rento
297 2178 375 2237 sunt
396 2169 501 2236 eorde.
547 2169 622 2236 Non
645 2170 780 2236 dubium
810 2181 860 2236 est
888 2170 966 2253 quin
996 2170 1161 2254 prophete
1212 2169 1307 2236 uitari
1329 2169 1371 2234 ad
1390 2169 1533 2235 tribunal
1556 2170 1694 2236 eoeleste
1713 2169 1775 2236 heo
1791 2170 2061 2253 expostulatione.
2095 2166 2191 2232 Nune

188 2256 277 2320 varie
299 2256 414 2320 luisset
435 2255 578 2339 agitatus
600 2275 638 2321 ao
660 2255 852 2322 distraetus:
883 2255 940 2322 sed
964 2267 1076 2338 postea
1098 2257 1158 2323 sihi
1212 2257 1370 2338 sequitur,

187 2339 373 2407 moderatus
395 2352 454 2406 est
499 2340 656 2406 Ieremias
680 2361 759 2406 vero
787 2341 896 2414 aliter:
932 2342 1008 2422 quia
1036 2342 1160 2407 soilioet

187 2427 240 2492 hio
263 2447 330 2490 non
352 2427 474 2492 fatetur
495 2447 531 2491 se
552 2427 652 2492 luisse
680 2436 857 2506 tentatum,
887 2426 1160 2509 quemadmodum
1299 2426 1329 2492 2.
1355 2424 1515 2492 Plonteeti
1536 2445 1597 2510 eoa,
1626 2428 1720 2492 ιιιιιιι
1741 2425 1879 2493 redirem
1901 2431 2042 2510 eperum·
2068 2423 2193 2509 prodie-

187 2512 294 2577 solent
316 2513 382 2576 lere
403 2531 517 2576 omues
538 2512 601 2593 pii:
624 2511 680 2578 sed
704 2518 740 2575 ut
761 2512 824 2578 iam
849 2510 925 2589 dixi,
947 2513 1106 2593 oonsulto,
1128 2521 1162 2578 et
1212 2517 1297 2595 rarii,
1319 2513 1415 2578 etiam
1433 2514 1571 2595 feeerrrrrt
1588 2512 1725 2593 feretum
1753 2511 1996 2598 (produxerunt
2018 2509 2191 2595 fruetum):
2222 2583 2225 2592 ,

187 2597 320 2680 spiritus
342 2597 448 2664 saneti
471 2597 646 2679 prudentia
667 2597 817 2675 direotus,
843 2597 950 2665 Deum
974 2599 1162 2681 oompellat:
1209 2617 1309 2681 prope
1329 2617 1363 2664 ea
1383 2600 1419 2663 ire
1438 2617 1492 2664 ore
1512 2598 1663 2679 iptorum,
1686 2599 1843 2681 eprooot
1864 2619 1897 2664 ee
1918 2619 1940 2662 a
1961 2601 2088 2665 renibus
2109 2597 2194 2677 ipro-

187 2685 263 2766 quia
281 2682 413 2748 volebat
434 2683 640 2748 stomaohum
662 2685 768 2748 iaoere
786 2683 927 2763 Iudaeis,
949 2697 986 2748 ut
1002 2685 1163 2751 sentirent
1213 2703 1286 2749 rum
1317 2684 1392 2768 (hoo
1414 2691 1474 2762 eet,
1505 2684 1547 2749 ab
1568 2685 1685 2749 intimo
1713 2684 1851 2750 affeetu:
1882 2703 1979 2750 renes
2000 2687 2089 2750 enim
2113 2679 2191 2748 alibi

187 2789 223 2833 se
241 2767 341 2846 reiiei,
359 2777 393 2833 et
408 2767 500 2835 reiioi
519 2781 675 2851 tauquam
691 2768 847 2853 indiguos
865 2789 1005 2854 quorum
1023 2770 1161 2835 salutem
1215 2769 1360 2834 diximus
1382 2768 1484 2853 aoeipi
1506 2789 1565 2852 pro
1586 2769 1754 2836 affectibus
1776 2769 1927 2855 areanis).

188 2853 329 2936 amplius
362 2865 501 2920 auraret.
558 2855 656 2935 Quod
693 2875 772 2938 ergo
809 2855 903 2934 dinit,
943 2857 1061 2921 Temen
1092 2857 1163 2922 iure

187 2939 372 3023 disceptabo,
404 2961 469 3004 uon
493 2940 630 3006 dubium
660 2948 712 3006 est
738 2941 819 3023 quin
847 2942 902 3008 hia
923 2941 1003 3008 velit
1026 2941 1163 3006 Iudaeos
1301 2942 1389 3006 Dum
1422 2940 1560 3006 felicitas
1588 2939 1761 3022 impiorum
1795 2941 1923 3006 animos
1957 2951 2085 3006 nostros
2115 2960 2191 3007 oon-

188 3026 319 3108 penitus
336 3025 520 3105 oonlodere,
543 3025 698 3108 quoniam
717 3027 847 3093 fueraut
865 3028 1002 3093 nimium
1022 3027 1161 3112 stupidi:
1215 3029 1544 3103 turbat„0oourrunt
1565 3024 1647 3090 dnae
1668 3043 1844 3108 perversae
1869 3026 2099 3110 rogitationes:
2134 3035 2193 3092 aut

188 3111 283 3187 ane.
312 3112 426 3193 iuquit,
460 3113 525 3177 ium
556 3112 692 3196 litigabo
719 3133 795 3178 oum
825 3113 913 3179 Deo:
948 3134 989 3178 ιιι
1019 3112 1075 3178 ille
1104 3132 1163 3178 roe
1216 3125 1339 3178 temere
1371 3113 1461 3178 huno
1492 3109 1650 3176 mundum
1681 3114 1822 3190 versari,
1856 3125 1889 3177 et
1919 3133 1983 3177 uon
2013 3113 2192 3196 gubernari

187 3196 357 3265 absolvet?
381 3198 546 3264 Tenemus
567 3199 670 3281 igitur
689 3200 869 3282 genuinum
891 3197 1069 3281 prophetae
1091 3218 1164 3263 sen·
1217 3200 1279 3264 Dei
1302 3197 1525 3281 providentia:
1555 3205 1614 3261 aut
1636 3197 1744 3262 Deum
1774 3218 1839 3262 nou
1862 3197 1957 3282 fungi
1986 3198 2093 3263 affinio
2116 3198 2193 3263 honi

188 3303 278 3365 aum,
308 3281 395 3365 quod
424 3282 549 3350 snilieet
569 3282 684 3348 Iudaei
712 3284 834 3350 frustra
862 3284 1043 3349 obtendant
1070 3304 1161 3351 auum
1187 3303 1192 3373 Ι
1215 3295 1249 3351 et
1272 3285 1368 3366 aequi
1389 3281 1516 3362 iudioie,
1543 3283 1598 3366 qui
1620 3283 1745 3365 petitur
1765 3283 1812 3348 ita
1836 3283 1940 3348 luoem
1962 3285 2093 3350 miseeri
2115 3301 2193 3348 oum

188 3372 460 3520 eutitii
473 3369 873 3538 ttlltfflutttllt
887 3370 1163 3522 tultttltt·
1216 3368 1730 3541 tttltttillttlltll
1747 3369 2104 3538 twtltttttl
2119 3367 2193 3535 ,lt

189 3537 273 3639 Ι,Υιιιι
300 3558 378 3622 ergo
405 3540 439 3604 iu
463 3560 592 3608 summa
620 3541 790 3607 ostendere
813 3541 985 3620 Ieremias,
1013 3543 1164 3624 quamvis
1217 3561 1344 3608 versam
1374 3540 1464 3605 illam
1482 3540 1774 3640 imaginationem,
1800 3559 1882 3622 quae
1905 3551 2017 3606 tamen
2039 3537 2193 3638 pollioitat

188 3624 1025 3797 tutututtituttuttttlttlltt
1036 3645 1164 3779 tlt:
1217 3633 1414 3777 tillut?
1436 3623 1864 3777 “tutttlttltt
1882 3625 2192 3788 ll1t¹¹50;l,‚‘⁰“¹⁸

188 3796 319 3878 signum
357 3798 497 3862 amoris:
542 3796 615 3878 aed,
656 3797 930 3881 quemadmodum
970 3799 1163 3878 videbimus,

189 3882 298 3964 potius
326 3882 388 3947 hoo
414 3882 510 3948 modo
539 3883 723 3949 aoonmulet
750 3886 938 3968 graviorem
967 3884 1162 3951 vindiotam:

189 3967 268 4032 dum
301 3968 424 4034 soilioet
456 3968 548 4051 impii
581 3967 686 4052 magis
717 3989 755 4034 ae
786 3969 892 4052 magis
925 3990 960 4035 se
990 3969 1163 4045 obdurant,
1217 3971 1321 4036 Putat
1353 3987 1419 4033 non
1453 3987 1524 4033 esse
1557 3967 1653 4046 deos,
1689 3966 1808 4051 quibus
1837 3985 1933 4032 aurae
1964 3967 2011 4031 sit
2040 3966 2194 4046 mundus,

189 4073 291 4138 quum
325 4053 373 4117 ita
405 4054 615 4138 indulgenter
647 4073 702 4120 eos
734 4056 884 4121 sustinet.
937 4055 1030 4120 Haeo
1061 4055 1165 4140 igitur
1217 4057 1295 4140 quia
1325 4055 1422 4138 periit
1450 4056 1504 4136 qui
1528 4052 1649 4136 dignus
1678 4062 1750 4117 erat
1780 4053 1928 4136 longiore
1949 4052 2030 4118 vita.
2075 4051 2121 4117 lit
2141 4071 2194 4117 ιι-

190 4140 274 4204 ratio
297 4147 346 4203 est
366 4158 427 4204 eur
448 4139 534 4205 dieat
563 4140 724 4222 propheta
750 4160 785 4205 ee
804 4141 875 4205 iure
898 4147 1053 4207 adurere.
1098 4141 1163 4206 Re·
1217 4141 1415 4226 pientissimi
1437 4141 1484 4204 ita
1506 4139 1633 4222 loquuti
1655 4147 1747 4221 suut,
1772 4137 1877 4203 Video
1904 4139 2070 4202 fortunam
2094 4156 2194 4220 quem

190 4223 287 4306 epieit
323 4223 410 4288 enim
448 4226 556 4305 potius
596 4225 745 4291 homines
782 4226 871 4309 ipsos
907 4245 1007 4308 quam
1044 4226 1163 4291 Deum.
1218 4241 1328 4292 tamen
1356 4225 1447 4291 nulla
1468 4224 1552 4289 ratio
1582 4223 1759 4308 gubernat:
1791 4223 1885 4288 video
1915 4224 2080 4289 fortunam
2110 4241 2195 4306 quae

190 4309 324 4374 Interea
346 4328 410 4374 non
433 4312 571 4392 opponit
592 4311 759 4378 absolutae
780 4311 843 4375 Dei
867 4313 1032 4393 potentiae
1059 4313 1164 4377 homi·
1217 4313 1292 4396 plus
1321 4312 1422 4395 pollet
1450 4331 1549 4394 quam
1579 4311 1663 4375 ratio
1693 4310 1727 4374 in
1753 4309 1803 4374 his
1832 4309 1981 4396 negotiis.
2027 4310 2196 4391 Propheta

191 4415 272 4458 num
304 4393 440 4474 indioia,
474 4395 748 4476 quemadmodum
782 4397 947 4480 sophistae
978 4398 1014 4462 in
1044 4411 1165 4481 papatu
1217 4401 1333 4483 igitur,
1368 4398 1425 4480 qui
1457 4395 1569 4479 prooul
1603 4404 1748 4461 remotus
1782 4406 1854 4460 erat
1887 4394 1928 4459 ab
1963 4395 2015 4460 his
2048 4395 2196 4480 profanis

191 4479 342 4546 tribuunt
364 4479 436 4546 Deo
462 4480 643 4545 absolutam
667 4483 856 4565 potentiam,
885 4501 969 4566 quae
997 4493 1166 4566 pervertat
1217 4483 1392 4568 figmentis,
1424 4491 1515 4548 tonet
1543 4478 1624 4545 illud
1654 4481 1861 4563 prinoipium,
1895 4500 2012 4564 nempe
2037 4480 2194 4545 mundum

191 4585 289 4634 omne
318 4564 476 4631 iudioium
504 4571 539 4629 st
567 4586 697 4631 omnem
726 4567 885 4633 ordinem.
932 4569 1006 4634 Hoo
1033 4569 1165 4634 loedum
1218 4572 1288 4654 regi
1310 4591 1330 4632 ι
1352 4569 1433 4634 Deo.
1474 4566 1541 4633 Sed
1563 4586 1652 4631 nuno
1673 4567 1812 4650 quaerit,
1836 4565 1913 4649 quid
1938 4567 2000 4632 sihi
2024 4566 2105 4632 velit
2128 4573 2194 4630 tam

191 4660 243 4714 est
271 4651 490 4734 smrilogium.
545 4649 712 4733 Propheta
743 4664 853 4718 autem
886 4675 953 4718 non
988 4655 1042 4720 hio
1071 4664 1166 4722 vooet
1218 4657 1316 4739 longa
1337 4655 1403 4720 Dei
1432 4652 1599 4736 patientia.
1644 4652 1743 4735 Impii
1773 4662 1807 4716 et
1834 4652 1925 4718 leves
1954 4661 2051 4735 atque
2080 4652 2196 4717 ineun-

191 4734 301 4800 Deum
323 4734 365 4800 ad
387 4738 557 4812 rationem,
585 4737 678 4818 quasi
700 4738 791 4802 nulla
812 4749 898 4803 esset
926 4741 1049 4824 regula,
1080 4760 1165 4823 qnae
1218 4741 1351 4808 siderati
1388 4740 1538 4804 homiues
1578 4737 1725 4803 dioerent
1764 4738 1851 4804 hono
1890 4738 2083 4821 patientiam
2123 4755 2196 4802 esse

191 4817 417 4886 moderaretur
454 4841 554 4905 opera
590 4823 661 4887 eius
693 4834 726 4887 et
758 4822 1029 4908 gubernationem
1066 4827 1165 4892 totius
1219 4829 1317 4892 nimis
1340 4825 1539 4890 dissolutam.
1585 4823 1752 4906 Propheta
1773 4833 1893 4904 autem,
1920 4821 2196 4906 quemadmodum

192 4904 317 4970 mundi.
362 4906 429 4973 Sed
451 4908 572 4974 iudioie
595 4907 760 4987 nominat,
788 4909 1061 4992 quemadmodum
1084 4913 1164 4995 dixi,
1218 4914 1284 4979 iom
1308 4911 1388 4989 dixi,
1414 4910 1567 4992 proponit
1588 4910 1682 4992 quasi
1704 4910 1738 4973 in
1762 4908 1873 4975 tabula
1895 4909 1973 4991 quid
1997 4905 2108 4972 meriti
2129 4907 2197 4972 siut

192 4989 279 5074 qnod
297 4992 389 5058 Deus
406 4995 440 5060 in
458 4996 532 5078 lege
554 5013 612 5058 sua
629 4995 866 5076 pronuntiavit.
901 4995 985 5059 Nam
1007 4999 1165 5083 seriptum
1217 4998 1342 5064 Iudaei.
1388 4997 1478 5079 Ergo
1502 4996 1578 5062 dicit
1600 4995 1764 5076 paruam
1785 5015 1851 5061 esee
1870 5015 1893 5060 a
1914 4993 2001 5058 Deo:
2030 4993 2196 5076 quianon

192 5085 259 5142 este
297 5077 494 5145 Maledictus
525 5081 632 5145 omnis
665 5081 721 5164 qui
754 5100 819 5144 non
852 5085 1070 5164 permanserit
1103 5093 1164 5150 ete.
1218 5093 1351 5170 possent
1380 5080 1516 5148 felieiter
1545 5100 1643 5164 agere
1673 5081 1737 5146 nisi
1768 5080 1833 5145 illis
1857 5079 1948 5144 Deos
1979 5078 2195 5146 benedioeret.

191 5162 304 5250 (Dent.
321 5163 373 5242 ut,
388 5164 453 5250 26).
492 5165 566 5230 Iam
588 5185 667 5250 ergo
689 5185 791 5248 quum
814 5165 929 5231 Iudaei
953 5177 1062 5234 esseut
1084 5170 1165 5254 legis
1220 5168 1413 5251 Metaphora
1447 5166 1635 5252 plantandi,
1675 5164 1949 5249 quemadmodum
1987 5165 2084 5247 paulo
2121 5175 2196 5232 ante

191 5259 458 5334 transgressores,
487 5251 554 5317 imo
576 5271 677 5333 quum
700 5256 783 5316 iram
807 5251 870 5317 Dei
899 5271 1076 5333 proroeare
1102 5277 1165 5320 uon

192 5335 378 5402 desinerent
410 5337 479 5403 suis
507 5336 693 5419 sceleribus,
728 5345 814 5402 uerte
847 5338 1013 5404 ordinario
1045 5341 1165 5406 iudioio
1289 5357 1311 5426 ¹)
1325 5355 1402 5410 Ovid.
1413 5353 1595 5424 ulopeersg.
1604 5353 1629 5409 8.
1648 5350 2000 5423 διοιιιάιιιιιιιιοειιιο
2010 5355 2104 5410 Amor.
2114 5351 2161 5407 111.
2170 5353 2196 5406 9.

297 5438 407 5494 coeat
421 5453 517 5508 opera.
546 5439 605 5495 vor.
622 5439 802 5496 xxxvrrr.
1974 5440 1992 5494 9

1423 3847 1561 3903 Sollioitor
1578 3847 1667 3902 nullos
1684 3863 1743 3904 esse
1762 3852 1860 3918 putare
1878 3845 1951 3902 deos.
1960 3847 1981 3916 ¹)
