5158 6124
380 445 445 512 387
1195 443 1582 511 Puauuuuulouus
2315 451 2369 520 ³88

381 633 505 716 fuitei.
548 632 711 699 Videmus
733 653 812 717 ergo
834 633 888 698 hic
911 632 1011 697 rideri
1039 632 1176 699 stultam
1205 631 1361 716 cupidita·
1414 633 1466 697 nis
1483 642 1516 698 et
1533 633 1728 701 crudelitate
1744 641 1778 700 et
1797 634 2033 712 vexationibus,
2056 653 2173 716 nempe
2195 634 2268 716 quia
2286 656 2370 704 omne

384 729 451 783 tem
474 719 621 803 Ioakim,
654 719 710 802 qui
739 738 804 783 uon
833 717 972 801 putebat
1000 739 1035 784 se
1062 739 1274 803 esse,regem
1297 718 1362 783 nisi
1414 719 1544 801 pietatis
1576 719 1723 785 studium
1757 719 1920 786 abiecerit.
1971 719 2057 785 Nam
2091 720 2148 784 ubi
2180 719 2269 803 riget
2297 725 2372 790 aeria

382 803 562 870 insaniretr
583 802 859 887 quemadmodum
882 803 979 868 hodie
1001 803 1101 886 pudet
1124 823 1218 887 reges
1241 804 1362 886 aliquid
1413 802 1480 868 Dei
1501 805 1652 888 cognitio,
1684 827 1815 872 necesse
1843 815 1893 870 eet
1915 805 2064 870 homines
2091 825 2163 870 essa
2191 809 2371 888 compositas

319 919 321 924 ·
383 891 628 972 praeseferre
650 889 844 966 humanum,
879 887 935 953 sed
959 908 1072 955 omues
1102 900 1213 974 gestus
1236 909 1362 956 accom-
1413 888 1454 954 ad
1476 892 1673 972 aequitatem
1702 900 1735 957 et
1757 891 1957 957 modestiam.
2003 889 2070 972 Qui
2093 890 2193 974 igitur
2214 893 2259 956 itu
2278 895 2372 959 smrit

384 975 522 1040 modant
543 974 585 1039 ad
607 974 832 1058 tyrannideme
854 973 971 1039 deinde
993 975 1184 1059 excogitant
1201 975 1362 1057 quomodo
1414 977 1568 1041 atrociter
1585 975 1744 1042 adversus
1761 979 1959 1060 propinquos
1976 997 2061 1055 suos,
2085 975 2230 1041 ostendit
2246 976 2372 1046 delatam

384 1081 420 1126 se
442 1059 633 1143 longissime
662 1061 704 1125 ab
731 1081 792 1126 neu
818 1059 1001 1136 communi,
1034 1069 1068 1125 et
1095 1060 1165 1125 rita
1192 1059 1362 1126 hominum
1414 1079 1485 1126 asse
1507 1082 1549 1125 ex
1570 1062 1668 1128 corde
1690 1082 1749 1128 suc
1772 1083 1902 1128 omnam
1932 1063 2122 1127 memoriam
2145 1070 2179 1125 et
2199 1083 2291 1127 omne
2311 1076 2371 1130 stu·

384 1155 570 1230 segregent.
614 1145 725 1227 Quum
748 1163 828 1229 ergo
850 1154 919 1209 tam
941 1143 1103 1228 ingeniosi
1125 1145 1192 1210 sint
1208 1166 1303 1229 reges
1325 1147 1360 1210 in
1413 1144 1502 1210 dium
1526 1147 1667 1229 pietatis.
1711 1146 1863 1231 Denique
1884 1147 2047 1232 significet
2075 1147 2235 1230 propheta
2254 1147 2371 1215 Ioalrim

384 1232 454 1297 suia
475 1232 542 1298 illis
564 1232 704 1314 ineptiis,
733 1250 817 1314 quaa
840 1229 994 1296 videntur
1016 1251 1087 1296 esse
1110 1239 1266 1314 tanquam
1290 1232 1362 1296 vela
1413 1251 1479 1295 non
1502 1231 1599 1296 modo
1626 1233 1784 1298 iniustum
1817 1253 1888 1298 esse
1922 1253 2001 1318 erga
2034 1233 2191 1312 hominus,
2224 1233 2279 1299 sed
2304 1255 2372 1300 con·

385 1318 525 1400 nequid
548 1317 584 1381 in
605 1317 685 1400 ipsis
705 1317 887 1381 humanum
914 1326 1086 1391 cernatur,
1116 1316 1279 1400 propheta
1306 1317 1361 1383 hic
1414 1315 1501 1382 rinei
1522 1319 1715 1401 impietatis:
1746 1319 1823 1401 quia
1845 1318 1910 1384 nisi
1931 1319 2088 1400 profanus
2116 1326 2202 1383 esset
2226 1319 2287 1384 Dei
2306 1341 2374 1386 can·

384 1404 503 1468 merito
524 1401 693 1468 invehitur
714 1399 873 1467 adversus
895 1399 1036 1466 loakim:
1071 1400 1159 1466 Beue
1184 1403 1246 1484 fuit
1269 1404 1362 1484 patri
1413 1408 1566 1486 temptor,
1584 1423 1650 1468 non
1666 1405 1713 1469 ita
1730 1404 1930 1487 propinquos
1947 1425 2025 1470 suos
2042 1405 2162 1470 iniuste
2179 1405 2373 1487 opprimeret.

384 1493 456 1567 tuo,
490 1489 613 1572 inquit:
646 1496 680 1552 et
708 1495 818 1551 umen
848 1486 988 1551 civiliter
1016 1487 1134 1571 agebat
1161 1489 1247 1552 inter
1268 1507 1361 1553 suos:
1413 1488 1477 1553 llet
1506 1499 1616 1553 autem
1645 1488 1701 1555 hic
1727 1489 1817 1555 locus
1845 1499 1959 1555 notatu
1990 1488 2119 1574 dignus,
2148 1490 2235 1572 quod
2263 1490 2375 1556 scilieet

386 1595 491 1656 neque
513 1583 640 1639 tantum
663 1572 728 1637 fuit
748 1572 784 1636 in
804 1572 861 1636 illo
881 1570 1048 1637 festidium
1071 1581 1109 1636 nt
1131 1582 1361 1654 aspernaretur
1414 1573 1519 1656 pietas
1548 1575 1667 1640 formet
1696 1575 1797 1640 vitam
1827 1574 1998 1640 hominum
2028 1574 2071 1639 ad
2099 1575 2211 1640 omnia
2242 1576 2375 1642 cantatis

385 1679 589 1725 communem
624 1658 739 1724 vitam.
784 1656 897 1736 Quum
930 1678 1007 1742 ergo
1040 1659 1137 1723 fuerit
1169 1658 1300 1736 beatus,
1333 1659 1361 1724 ai
1414 1660 1529 1726 cilicia.
1573 1659 1638 1725 Ubi
1667 1680 1745 1744 ergo
1773 1661 1981 1744 cognoscitur
2006 1659 2109 1738 Deua,
2142 1662 2241 1725 etiam
2269 1661 2376 1726 colitur

384 1746 539 1828 respicias
567 1764 653 1828 quae
681 1743 849 1825 pertinent
876 1742 917 1808 ad
945 1742 1080 1807 solidam
1116 1743 1361 1824 beatitudiuem,
1412 1745 1619 1810 humanitas:
1653 1746 1750 1811 sicuti
1779 1767 1822 1811 ex
1848 1747 1994 1828 opposito
2023 1746 2175 1829 colligere
2205 1745 2295 1826 licet,
2325 1767 2376 1810 ex·

383 1830 463 1912 quid
485 1829 545 1894 tibi
566 1835 738 1911 tantopere
760 1828 891 1911 places?
925 1826 1005 1910 qnid
1034 1827 1134 1894 habes
1156 1829 1212 1893 illc
1233 1829 1361 1910 melius,
1412 1830 1564 1896 etinctum
1588 1851 1659 1896 esee
1680 1851 1811 1896 omnem
1839 1852 1950 1898 curem
1973 1830 2048 1909 Dei,
2079 1843 2113 1895 οι
2133 1831 2288 1896 abolitum
2312 1852 2376 1897 esse

382 1916 437 1982 vel
460 1913 594 2001 potius?
639 1915 735 1980 Nunc
757 1935 835 1997 ergo
857 1925 1005 1979 tenemus
1027 1913 1197 1980 consilium
1220 1917 1360 1997 prophe·
1412 1935 1542 1982 omnem
1565 1917 1636 1983 eius
1658 1928 1793 1990 metum.
1815 1917 1872 1982 nbi
1891 1917 2043 1983 homines
2059 1915 2148 1980 ultro
2165 1927 2199 1981 et
2216 1918 2297 1981 citro
2313 1937 2376 1982 sese

380 2017 435 2068 tae
457 2023 496 2068 eo
518 2008 666 2085 spectare
687 2007 725 2065 nt
742 1997 893 2065 ostendat
908 1998 993 2064 hanc
1008 2018 1079 2065 esse
1095 2002 1225 2065 unicam
1243 2021 1359 2085 regum
1411 2001 1557 2078 laedunt,
1586 2010 1621 2067 et
1642 2002 1698 2067 alii
1720 2001 1802 2068 elios
1832 2013 1992 2069 conentur
2013 2002 2200 2085 opprimere
2222 2001 2275 2067 vel
2296 2001 2377 2066 frau-

381 2088 536 2172 gloriam,
568 2095 602 2152 et
623 2085 685 2150 hoa
706 2105 872 2150 summum
895 2084 1009 2164 decus,
1042 2085 1071 2148 si
1098 2085 1279 2168 fungantur
1300 2107 1359 2152 suo
1412 2086 1501 2152 dare.
1544 2087 1618 2153 Non
1649 2088 1785 2154 dubium
1813 2089 1917 2172 igitur
1945 2097 1995 2154 eat
2024 2088 2104 2170 quin
2135 2087 2241 2169 possit
2272 2087 2379 2170 depre-

380 2175 497 2251 cfficic‚
520 2179 555 2238 et
575 2172 611 2237 in
632 2170 698 2236 illis
720 2171 829 2252 imago
847 2167 911 2235 Ilei
929 2169 1081 2248 reluceat,
1104 2170 1184 2235 dum
1205 2181 1359 2238 exercent
1412 2172 1513 2237 haedi
1535 2192 1646 2240 crassa
1675 2173 1826 2256 impietas
1848 2174 1903 2238 ubi
1926 2172 2140 2257 negliguntur
2168 2172 2277 2238 allicio
2303 2173 2379 2238 ceri·

380 2259 538 2324 iudicium
560 2265 593 2321 et
614 2257 792 2321 iustitiam:
825 2255 910 2338 quod
932 2262 1041 2320 autem
1064 2256 1234 2322 ambitiose
1259 2277 1356 2340 appe·
1411 2259 1499 2324 tatia.
1544 2256 1630 2323 Nem
1654 2278 1755 2342 quum
1777 2260 1932 2340 pietatem
1955 2259 2062 2324 Iosiae
2090 2259 2209 2340 probat
2230 2257 2379 2324 ieremias

380 2353 459 2410 tunt
496 2342 668 2426 superbiae
708 2341 931 2407 iustrumenta
963 2361 1058 2406 caeco
1089 2343 1231 2424 impetu,
1269 2342 1357 2408 istud
1410 2363 1450 2408 ex
1474 2363 1512 2408 eo
1534 2343 1620 2426 quod
1642 2343 1788 2409 exercuit
1811 2345 1968 2410 iudicium
1991 2355 2025 2408 et
2042 2344 2217 2421 iustitiam,
2241 2364 2305 2408 non
2326 2342 2379 2407 du·

380 2451 452 2495 οοοο
474 2428 701 2513 nugatorium,
734 2424 996 2508 necquidquam
1023 2428 1129 2492 faeere
1158 2427 1199 2492 ad
1229 2427 1357 2493 beatam
1410 2428 1500 2492 bium
1531 2436 1583 2495 est
1613 2430 1692 2511 quin
1726 2430 1939 2513 perstringet¹
1957 2427 2106 2494 Ioekim:
2139 2430 2234 2511 quasi
2267 2428 2381 2493 diceret

381 2516 484 2580 vitam
502 2534 602 2597 quam
619 2512 718 2578 stulte
736 2513 967 2595 imaginantur.
995 2511 1120 2577 Eodem
1139 2533 1236 2577 sensu
1256 2512 1356 2594 addit,
1409 2533 1480 2579 esse
1502 2514 1667 2596 perditum
1686 2522 1721 2579 et
1739 2513 1945 2597 deploratum
1969 2524 2167 2597 apostatatur
2190 2515 2270 2596 quia
2287 2514 2314 2579 si
2332 2513 2379 2578 vel

1408 2600 1584 2664 scintillam
1600 2619 1700 2664 unam
1718 2601 1874 2665 retineret
1885 2620 1984 2666 verae
1999 2601 2140 2683 pietatis,
2154 2600 2290 2682 aequior
2301 2609 2381 2665 esset

468 2685 519 2750 16.
551 2683 716 2750 Iudicium
744 2682 898 2750 iudicauit
922 2683 1077 2766 pauperis
1103 2687 1132 2748 ct
1159 2685 1255 2767 egeat,
1284 2689 1357 2751 tuuc
1409 2692 1442 2748 et
1463 2685 1639 2750 humanior
1660 2705 1739 2769 erga
1761 2706 1857 2752 suum
1889 2685 2056 2768 populum.
2100 2684 2199 2750 Nunc
2229 2686 2380 2768 sequitur,

378 2771 452 2838 bere
472 2792 517 2836 aa
537 2789 599 2836 acu
620 2788 794 2853 mmuseere
814 2788 873 2851 me,
894 2767 999 2850 iuquit
1019 2766 1165 2834 Ielrooai.
2192 2813 2194 2821 ,

1496 2855 1547 2920 17.
1578 2855 1662 2936 Quia
1683 2874 1748 2920 nou
1772 2856 1881 2921 amalae
1907 2860 1991 2939 irrue,
2019 2860 2048 2920 et
2068 2873 2120 2920 cor
2140 2859 2231 2921 tuum
2259 2856 2324 2921 uisi
2342 2854 2381 2920 ad

465 2938 599 3006 Clarius
621 2939 778 3021 exprimit
799 2937 886 3021 quod
916 2938 1062 3020 dixerat,
1095 2959 1212 3021 nempe
1234 2939 1355 3005 Iosiam
1408 2941 1611 3021 cupiditatem
1630 2946 1727 3023 tuam,
1749 2941 1836 3006 etad
1857 2944 2044 3025 sauguinem
2064 2941 2235 3006 tenacium
2255 2941 2381 3024 madere

379 3026 553 3110 frugaliter
579 3025 720 3100 vixisse,
755 3030 788 3088 et
821 3035 932 3089 tamen
964 3025 1064 3089 luisse
1096 3025 1132 3089 in
1165 3025 1289 3090 honore
1321 3035 1355 3090 et
1407 3027 1493 3107 dum,
1523 3026 1615 3091 etad
1636 3026 1851 3110 rapacitatem,
1880 3032 1909 3092 et
1930 3028 1973 3093 ad
2001 3027 2246 3110 oppressionum,
2275 3026 2318 3092 ad
2336 3024 2381 3106 fa·

376 3111 501 3194 pretio,
542 3110 695 3192 quoniam
728 3110 764 3173 in
794 3109 865 3191 ipso
897 3109 1029 3174 refulsit
1065 3112 1155 3192 regia
1188 3111 1354 3176 maiestas.
1407 3111 1553 3177 aieadum
1573 3110 1648 3195 (hoc
1670 3121 1731 3190 est,
1754 3122 1791 3176 ιιι
1811 3111 2023 3197 exsequaris).

378 3197 469 3279 Ergo
498 3195 620 3277 repetit
647 3194 719 3258 aliie
749 3194 858 3258 verbis
888 3194 973 3275 quod
1011 3192 1155 3272 dixerat,
1192 3195 1248 3260 sed
1278 3198 1355 3262 lacit

376 3279 440 3346 hoo
450 3280 493 3345 ad
504 3279 768 3361 explicationem,
795 3277 884 3358 Quod
900 3279 1016 3343 scilicet
1031 3281 1198 3360 mueepeit
1213 3299 1354 3365 caueam,
1494 3281 1558 3348 Hic
1581 3282 1700 3349 clarius
1722 3282 1878 3364 exprimit
1899 3283 2059 3365 propheta
2076 3292 2237 3366 qnantum
2257 3281 2382 3347 differat

378 3365 432 3432 vel
461 3365 553 3429 litem
579 3363 736 3446 pauperia
763 3368 792 3428 et
817 3363 912 3446 epeui.
957 3363 1019 3428 Est
1047 3363 1282 3447 synecdochica
1309 3367 1356 3431 lo·
1407 3364 1537 3431 Ioalrim
1559 3387 1580 3431 a
1601 3367 1691 3432 Iosie
1713 3378 1804 3450 patre
1826 3387 1896 3432 sno.
1941 3367 2097 3434 Ostendit
2125 3369 2230 3452 igitur
2250 3385 2382 3451 prorsus

377 3452 502 3534 quatio.
536 3450 621 3516 Nam
646 3449 675 3514 si
697 3448 769 3530 quia
791 3448 981 3514 humaniter
1003 3468 1038 3514 ee
1061 3459 1155 3532 gerat
1177 3471 1256 3534 erga
1277 3471 1357 3534 pau·
1408 3472 1479 3516 ease
1508 3450 1718 3532 dissimilem,
1750 3454 1902 3534 quoniam
1933 3454 2036 3519 Icaies
2069 3453 2243 3519 studuerat
2277 3452 2382 3535 aequi·

377 3557 491 3619 peras:
525 3535 652 3600 interea
680 3543 792 3598 autem
818 3535 926 3617 rapiat
955 3534 1172 3599 substantiam
1203 3533 1355 3609 divitum,
1407 3543 1509 3600 tatem
1539 3558 1688 3603 servare:
1723 3538 1778 3604 hio
1806 3548 1915 3602 autem
1945 3560 2060 3604 omnes
2092 3560 2208 3604 aeneus
2238 3560 2317 3606 suos
2343 3535 2382 3601 ad

378 3624 439 3688 hoc
462 3642 528 3687 non
551 3618 681 3685 debebit
702 3621 829 3684 censeri
852 3620 886 3683 in
909 3618 1021 3684 lande:
1054 3619 1112 3684 sed
1142 3621 1296 3702 quoniam
1318 3630 1356 3684 ut
1407 3621 1547 3698 fraudes,
1570 3630 1604 3688 et
1625 3624 1767 3706 rapinae,
1791 3632 1823 3687 et
1842 3624 2014 3688 saevitiam
2036 3624 2175 3689 adiiciat.
2218 3624 2308 3690 Nam
2330 3642 2384 3704 per

378 3708 556 3788 plurimum
586 3707 643 3788 qui
674 3715 833 3787 praesunt
858 3705 1026 3788 negligere
1059 3705 1168 3770 solent
1196 3726 1355 3788 pauperes
1408 3704 1532 3772 oedem
1552 3711 1581 3772 et
1600 3726 1654 3772 cor
1680 3708 1838 3792 intelligit
1865 3729 1979 3774 omnes
2001 3721 2111 3792 partes
2133 3708 2237 3774 animi
2260 3718 2295 3774 et
2316 3728 2382 3774 cor·

375 3802 411 3856 et
443 3793 596 3871 miseros,
630 3791 670 3856 ab
702 3811 768 3856 una
799 3789 907 3872 specie
936 3799 1043 3854 totum
1069 3811 1175 3874 genus
1204 3792 1356 3876 designat
1407 3792 1509 3874 poris,
1547 3793 1748 3876 Praecipuus
1777 3814 2087 3877 sensuaaorporum
2109 3795 2217 3860 estin
2242 3803 2383 3878 aspectu,

239 3939 241 3944 ,
376 3876 556 3960 propheta:
586 3877 670 3959 quod
693 3875 815 3941 scilicet
837 3897 897 3939 rex
919 3875 1023 3940 Iasiae
1045 3876 1145 3941 luerit
1167 3875 1298 3957 probus,
1322 3887 1355 3942 et
1406 3887 1444 3942 ut
1473 3878 1553 3943 satie
1582 3887 1697 3944 notum
1726 3884 1785 3944 est.
1836 3879 1926 3962 Ergo
1956 3881 2009 3946 hic
2041 3879 2202 3962 quidquid
2238 3890 2290 3945 est
2319 3888 2383 3942 tam

377 3983 511 4044 mquus,
534 3971 566 4025 οι
588 3961 786 4037 moderatus,
818 3981 922 4043 neque
944 3969 1075 4025 tantmn
1097 3961 1291 4028 abstinuerit
1313 3963 1354 4029 ab
1406 3971 1589 4042 externum,
1623 3985 1721 4047 qnam
1755 3963 1980 4031 absconditum
2011 3967 2046 4030 in
2077 3965 2269 4032 hominibus
2299 3984 2384 4030 com·

376 4047 508 4124 iniuria,
531 4045 588 4111 sed
609 4047 708 4111 etiam
732 4065 828 4128 opem
851 4045 963 4110 tulerit
985 4047 1138 4126 innoxiis,
1160 4068 1240 4130 quos
1262 4047 1354 4115 ride·
1406 4049 1560 4130 plectitur
1582 4050 1743 4133 propheta
1763 4070 1866 4133 quum
1889 4051 1976 4128 dicit,
2000 4052 2110 4116 uarius
2130 4056 2213 4135 tuus,
2240 4051 2304 4116 hoo
2326 4059 2383 4125 est,

378 4132 432 4197 bat
455 4131 607 4215 opprimi,
636 4139 670 4195 et
692 4131 780 4196 ultro
802 4152 873 4196 sese
900 4131 1098 4212 opposuerit,
1128 4153 1170 4196 ne
1192 4133 1266 4215 quis
1288 4133 1354 4200 illis
1405 4155 1518 4199 omnes
1550 4135 1734 4216 corporales
1766 4155 1882 4201 sensus
1916 4137 1964 4200 tui
1998 4138 2150 4202 feruntur
2182 4137 2228 4202 ad
2262 4134 2385 4216 crepidi·

376 4217 561 4283 molestiam
589 4216 735 4282 inferret.
781 4215 871 4300 Ergo
898 4216 1042 4281 subhac
1071 4217 1178 4299 specie
1205 4238 1351 4300 compre·
1405 4222 1514 4282 taterm
1543 4218 1668 4298 deinde,
1697 4239 1759 4302 cur,
1783 4220 1816 4284 id
1838 4227 1898 4297 est,
1920 4240 2035 4286 omnes
2056 4221 2277 4305 cogitationes
2301 4233 2384 4292 tuae,

376 4301 494 4370 hendit
515 4300 673 4384 quidquid
701 4301 845 4382 pertinet
867 4300 908 4366 ad
931 4321 1053 4366 munus
1075 4304 1156 4368 recti
1177 4313 1211 4367 οι
1233 4304 1352 4386 integri
1405 4322 1519 4367 omnes
1552 4303 1704 4387 effeetus,
1738 4306 1847 4370 omnia
1879 4307 2026 4385 consilia,
2061 4307 2174 4372 omnia
2205 4307 2322 4373 studia
2353 4313 2385 4368 et

375 4387 503 4453 iudicis.
534 4387 691 4451 Primum
715 4387 802 4450 euim
826 4395 876 4450 est
899 4396 937 4451 ut
959 4386 1145 4452 abstineant
1166 4388 1291 4452 iudices
1312 4386 1353 4451 ab
1405 4397 1540 4451 conatus
1558 4386 1669 4452 eodem
1686 4389 1784 4454 etiam
1803 4393 1985 4472 rapiuntur.
2007 4392 2181 4475 Significat
2195 4394 2232 4457 in
2245 4411 2385 4467 summa,

376 4473 466 4538 omni
499 4472 677 4554 rapacitate
704 4481 738 4536 οι
760 4468 931 4535 violentia:
965 4472 1104 4536 alterum
1128 4492 1208 4536 vero
1229 4480 1268 4535 ut
1289 4473 1352 4535 mi·
1404 4469 1534 4536 Ioakim
1556 4482 1745 4556 corruptum
1768 4496 1839 4540 ease
1861 4486 1895 4541 οι
1917 4497 2051 4558 corpora
2074 4487 2107 4541 ct
2128 4477 2252 4556 anima,
2278 4489 2316 4543 ut
2337 4495 2384 4540 re-

375 4559 458 4625 seris
480 4559 655 4641 porrigant
676 4575 812 4620 manum
836 4565 869 4620 et
891 4557 998 4621 ierant
1018 4558 1193 4638 suppetias,
1225 4558 1352 4637 quoties
1404 4555 1488 4621 iecto
1509 4557 1600 4622 omni
1622 4557 1685 4624 Dei
1709 4561 1834 4639 timore,
1865 4583 1937 4628 sesa
1966 4563 2117 4644 proiiciat
2146 4575 2213 4626 tam
2238 4563 2283 4628 ad
2307 4580 2384 4628 ava·

376 4646 492 4710 vident
511 4642 587 4708 illos
609 4663 681 4708 esse
703 4641 863 4706 obnoxios
883 4641 1022 4705 eliorum
1045 4641 1182 4706 iniuriis.
1224 4640 1351 4706 Iudica-
1404 4641 1523 4721 ritiem,
1545 4664 1643 4726 quam
1666 4642 1708 4708 ad
1732 4646 1870 4728 rapinas,
1894 4655 1928 4711 et
1949 4667 2062 4712 omnes
2083 4647 2224 4714 iniustas
2248 4667 2384 4732 oppres·

374 4732 420 4796 eit
448 4751 526 4814 ergo
554 4728 718 4810 deditium,
749 4726 801 4790 vel
825 4746 957 4790 cansam
981 4727 1124 4808 suscepit
1146 4730 1353 4807 pauperae
1404 4728 1520 4793 aiones.
1569 4727 1693 4807 Oculus,
1726 4731 1840 4812 inquit,
1873 4736 1956 4816 tuuc,
1989 4738 2017 4797 et
2044 4753 2099 4798 cor
2125 4739 2215 4798 tuum
2249 4755 2316 4799 nou
2342 4735 2387 4798 est

375 4817 502 4898 iuopia:
535 4819 607 4881 tuuc
635 4812 718 4896 deae,
751 4811 867 4893 inquit,
899 4811 960 4876 hoo
985 4821 1044 4890 est,
1078 4809 1351 4894 quemadmodum
1403 4812 1469 4877 uisi
1491 4814 1533 4879 ud
1554 4814 1758 4894 cupiditatem
1778 4821 1876 4882 tuam.
1920 4819 2007 4882 Nam
2029 4831 2093 4894 uu:
2115 4817 2287 4901 signifieat
2309 4839 2385 4886 cen·

376 4915 453 4968 ante
475 4901 623 4984 exposui,
654 4899 717 4964 luit
738 4896 820 4961 haee
849 4895 994 4979 perlecta
1015 4896 1154 4962 felicitae
1177 4896 1280 4980 patris
1302 4897 1352 4962 tui
1403 4899 1585 4979 cupisccre:
1623 4898 1699 4963 inde
1731 4900 1904 4968 deductum
1938 4910 1989 4967 eat
2021 4903 2084 4969 hoe
2116 4924 2257 4984 nomen,
2297 4901 2385 4988 quod

375 4989 491 5066 Iasiae,
520 4990 568 5052 ite
589 4998 628 5050 ut
649 5004 756 5067 neque
777 4981 950 5063 despectus
972 4981 1070 5046 fuerit
1092 5001 1112 5045 a
1134 4981 1263 5065 populo,
1293 5003 1350 5046 ne·
1403 4985 1559 5065 accipitur
1587 5005 1653 5049 non
1676 4995 1802 5051 tantum
1834 5009 1893 5071 pro
1915 4989 2064 5064 avaritia,
2098 4988 2155 5053 sed
2184 4991 2292 5054 etiam
2327 5009 2386 5073 pro

376 5094 439 5158 que
461 5074 562 5138 etiam
589 5072 766 5153 quidquam
792 5066 881 5132 ultra
902 5065 1107 5147 appetiverit.
1151 5067 1220 5132 Iam
1244 5068 1350 5148 sequi·
1402 5069 1545 5150 quolibet
1566 5089 1687 5154 genere
1709 5072 1905 5154 cupiditatis.
1948 5073 2112 5156 Adiungit
2133 5073 2384 5140 crudelitatem:

375 5174 441 5238 tur,
463 5178 569 5224 cauca
587 5156 646 5224 icoc
662 5160 706 5222 eet
721 5173 813 5222 aoeee
828 5150 902 5217 rue?
925 5152 1029 5231 iuquit
1047 5151 1195 5218 Ieaovau.
1224 5151 1349 5216 Iterum
1402 5154 1478 5235 quie
1501 5156 1572 5219 fieri
1595 5174 1661 5219 nou
1683 5165 1790 5238 potest
1811 5158 1890 5238 quin
1913 5159 2117 5242 sanguinarii
2147 5159 2216 5224 sint
2242 5161 2384 5243 quicun-

375 5245 538 5329 prophate
565 5242 709 5308 ostendit
736 5239 822 5306 unde
848 5237 929 5303 laesa
950 5236 1083 5301 licentia
1110 5241 1197 5321 regis
1219 5235 1349 5301 Ioelrim
1402 5258 1465 5320 que
1483 5240 1598 5306 laxant
1620 5241 1768 5307 fraenum
1786 5243 1856 5307 suia
1873 5244 2115 5325 cupiditatibus.
2146 5245 2262 5310 Tertio
2282 5245 2384 5321 addit,

376 5345 444 5397 tam
466 5331 502 5394 in
524 5327 655 5393 luxuria
676 5335 711 5392 et
732 5325 898 5408 superfluo
919 5332 1053 5404 sumptu
1085 5342 1180 5405 quam
1204 5323 1239 5387 in
1261 5322 1349 5405 rapi·
1401 5322 1457 5389 Aa
1476 5327 1691 5409 rapacitatem,
1712 5325 1766 5393 vel
1785 5329 2041 5409 occupationem.
2074 5329 2160 5395 Nam
2183 5342 2260 5422 ptuit
2283 5332 2385 5416 signi·
