5038 6118
184 428 244 492 137
897 427 947 494 IN
969 427 1219 495 IlllillllIAM.
1262 426 1363 494 ΟΔΡ.
1385 426 1465 493 XII.
2120 431 2181 498 138

183 615 298 682 Voluit
320 615 409 682 enim
429 614 596 692 Ieremias,
624 614 899 698 quemadmodum
920 615 1073 696 diximus,
1102 637 1155 680 re·
1292 614 1477 681 Confirmat
1509 615 1594 699 quod
1627 616 1692 681 iam
1726 616 1806 680 dixi.
1850 615 1936 682 Num
1965 625 2103 684 testatus
2132 631 2182 686 est

182 711 391 786 praesentare
415 702 479 766 Dei
500 699 676 767 iuditium:
698 722 776 785 ergo
796 703 939 784 suseepit
956 703 1156 768 ueousatoris
1208 702 1362 784 populum
1390 701 1481 768 huno
1510 703 1562 768 vel
1593 702 1700 785 palum
1728 701 1854 782 furare,
1887 702 1939 767 vel
1972 703 2114 788 perfide,
2148 717 2183 772 et

182 791 310 870 partes,
343 797 376 853 et
397 786 543 853 ostendit
570 806 670 869 quam
697 786 912 853 intolerabilis
938 796 1026 854 esset
1055 788 1155 852 totius
1206 785 1432 853 fraudulenter
1454 808 1566 871 agere:
1599 808 1705 870 neque
1726 787 1920 870 simplieiter
1941 787 2049 854 dieere
2072 789 2181 856 hante

182 874 292 957 populi
314 872 476 955 impietae.
510 873 629 937 Postea
651 874 795 937 ostendit
809 893 844 938 se
859 891 931 938 esse
946 873 1105 940 viatorem
1119 873 1154 937 in
1207 893 1269 937 nus
1291 873 1396 937 voluit
1418 874 1571 938 iniuriam
1595 873 1771 957 prophetae
1789 875 1876 938 fieri:
1901 874 1958 939 sed
1976 877 2123 957 respexit
2141 876 2181 942 ad

182 979 291 1026 oense.
335 958 407 1023 Iam
429 957 523 1023 Deus
545 959 614 1040 ipse
637 958 796 1041 loquitur,
830 967 862 1024 et
887 959 992 1041 primo
1022 957 1155 1041 quidem
1207 956 1385 1024 doctrinam
1426 959 1506 1025 eius.
1561 958 1633 1028 Iam
1674 958 1839 1042 adiungit,
1879 959 2019 1026 Deserui
2057 961 2182 1028 mum
2241 1023 2244 1031 .

183 1043 335 1129 obiurgat
364 1043 537 1127 populum,
570 1049 604 1107 et
636 1042 803 1109 invehitur
835 1045 867 1108 in
900 1063 1059 1108 vesanam
1086 1045 1156 1108 eius
1206 1063 1316 1120 mem,
1339 1049 1365 1107 el
1386 1043 1500 1126 reliqui
1520 1043 1741 1110 haereditaten
1762 1065 1872 1111 mum.
1916 1045 2008 1111 Deus
2029 1045 2083 1113 hie
2105 1069 2181 1131 pro-

182 1131 382 1213 superbiam:
418 1137 530 1213 postea
551 1149 736 1194 sermonem
759 1128 801 1193 ad
824 1131 1016 1213 prophetem
1047 1130 1155 1212 ipsum
1208 1131 1338 1194 nuntiat
1371 1144 1478 1195 aetum
1512 1151 1584 1195 esse
1617 1130 1656 1194 de
1689 1131 1828 1214 populo,
1861 1139 1894 1196 et
1923 1132 2001 1214 quia
2028 1132 2181 1198 inebriati

181 1217 354 1293 eonvertit,
374 1216 468 1298 quasi
491 1215 629 1280 dioaret:
651 1215 701 1279 Ῥιι
718 1214 817 1298 probe
838 1216 935 1300 egisti
957 1235 1099 1292 eausam,
1123 1222 1157 1278 et
1208 1224 1303 1279 eraut
1324 1235 1410 1280 vana
1430 1214 1567 1281 fiduoia:
1590 1215 1675 1298 quod
1699 1216 1824 1283 seilioet
1846 1218 1919 1282 freti
1943 1217 2071 1283 foedere
2093 1219 2181 1301 quod

181 1301 478 1454 utilitati
499 1314 576 1452 tl
598 1301 783 1453 tutti
806 1300 1157 1452 “tttl'ttuttt
1208 1299 1629 1470 tlt‘tttttttt.
1646 1301 2182 1474 tumultuettlttt

181 1475 290 1540 iussus
313 1485 363 1539 est
384 1472 542 1558 propheta
568 1473 701 1537 nomine
729 1473 833 1556 ipsius
855 1472 920 1536 Dei
950 1483 983 1536 et
1011 1492 1156 1555 pronun·
1208 1471 1297 1536 abuti
1320 1493 1379 1554 pro
1402 1494 1462 1538 sua
1489 1472 1642 1556 libidine,
1676 1485 1709 1540 et
1741 1475 1867 1539 interea
1900 1473 1963 1539 sibi
1992 1475 2181 1558 permittere

181 1560 263 1624 tiara
286 1570 318 1625 et
339 1560 498 1626 seribere:
531 1571 638 1624 tamen
663 1559 818 1640 populum
848 1559 994 1640 respexit
1019 1558 1076 1640 qui
1098 1559 1157 1622 ob·
1208 1559 1352 1623 omnium
1392 1559 1552 1626 saelorum
1591 1559 1769 1626 lieentiam.
1827 1559 2063 1626 Concessiones
2102 1581 2181 1645 ergo

183 1644 339 1710 duruerat
361 1645 402 1711 ad
424 1664 633 1711 eommunem
663 1664 867 1727 sermonem,
901 1644 964 1709 nisi
993 1645 1156 1710 elfioaeius
1209 1643 1329 1708 multas
1351 1645 1405 1708 hie
1426 1648 1519 1728 ponit
1541 1645 1699 1729 propheta
1721 1645 1815 1728 quasi
1838 1645 1977 1727 diaeret,
2012 1646 2080 1712 Vos
2102 1649 2182 1712 estis

181 1729 435 1797 demonstrasset
456 1730 614 1796 Ieremias
636 1729 792 1796 horribile
813 1728 875 1794 Dei
898 1729 1065 1796 inditium.
1096 1729 1156 1794 Di·
1208 1730 1323 1794 domus
1345 1729 1420 1810 Dei,
1443 1751 1502 1796 vos
1524 1730 1603 1796 estis
1626 1732 1695 1797 eius
1718 1730 1914 1810 haereditas,
1936 1752 1996 1796 vos
2012 1733 2092 1797 estis
2110 1735 2180 1798 eius

180 1819 225 1884 eit
247 1838 334 1900 ergo,
359 1817 445 1883 (lerte
466 1818 560 1882 etiam
579 1816 698 1900 fratrae
719 1817 775 1896 tui,
796 1820 825 1880 e
845 1817 956 1882 amase
972 1817 1082 1897 patris
1099 1817 1155 1880 tui.
1208 1813 1348 1892 delitiae,
1371 1835 1429 1880 vos
1450 1817 1530 1881 estis
1553 1818 1622 1881 eius
1644 1817 1759 1898 portio,
1781 1831 1814 1882 et
1835 1817 1941 1899 portio
1956 1817 2179 1901 optatissima:

180 1902 243 1967 Est
263 1902 482 1985 amplifioatio,
505 1923 605 1984 quum
630 1902 708 1968 dioit
726 1921 793 1966 non
812 1910 938 1966 tantum
959 1903 1047 1967 eires
1064 1901 1155 1965 Iero-
1207 1901 1263 1965 sed
1286 1900 1367 1966 haee
1389 1903 1500 1966 omnia
1523 1923 1587 1967 non
1610 1902 1791 1985 impedient
1813 1903 1986 1985 quominus
2016 1903 2115 1970 index
2138 1907 2181 1969 sit

180 1988 341 2073 solymae,
374 1995 408 2052 et
429 1995 535 2053 totum
558 1987 715 2070 populum
738 1989 926 2069 eonspirare
956 1988 990 2051 in
1013 1985 1156 2069 prophe·
1208 1994 1335 2067 vester,
1368 1997 1401 2050 st
1423 1987 1556 2052 tandem
1579 1988 1613 2051 in
1635 2009 1697 2053 ros
1718 1997 1795 2072 agat
1817 2009 1945 2054 summo
1967 1989 2055 2069 inre,
2088 1999 2123 2054 et
2145 2011 2181 2056 se

181 2081 258 2152 tam,
279 2075 336 2139 sed
355 2074 445 2156 ipsos
463 2093 592 2158 qnoque
609 2073 796 2151 familiares,
819 2081 853 2136 et
870 2072 937 2137 fere
953 2072 1155 2138 domestioos.
1206 2071 1315 2155 ipsum
1336 2072 1523 2138 uloisoatur.
1569 2073 1733 2138 Tenemus
1761 2093 1840 2158 ergo
1869 2074 2046 2158 prophetae
2075 2076 2180 2141 eonsi-

180 2159 291 2224 Etiom
312 2179 390 2243 ergo
410 2160 527 2241 fratres
548 2160 611 2238 lui,
645 2160 804 2224 etdomue
827 2159 936 2240 puae
964 2160 1030 2240 tui,
1063 2159 1156 2223 mam
1206 2156 1297 2223 lium
1344 2156 1412 2224 Sed
1433 2158 1705 2242 quemadmodum
1727 2180 1832 2242 nuper
1855 2159 1957 2244 attigi,
1981 2180 2087 2226 sermo
2106 2161 2181 2246 plus

181 2245 260 2327 ipsi,
288 2245 407 2329 inquit.
450 2243 612 2310 Videmus
641 2243 825 2327 emphatico
846 2243 934 2326 loqui
962 2242 1090 2323 Deum,
1123 2255 1156 2308 et
1206 2241 1307 2308 habet
1327 2245 1498 2327 gravitatis
1520 2245 1556 2309 in
1579 2264 1720 2328 persona
1741 2245 1846 2328 ipsius
1869 2244 1941 2327 Dei,
1963 2267 2062 2328 quam
2085 2247 2113 2312 si
2136 2247 2181 2312 la·

181 2331 279 2396 taeite
300 2331 441 2396 tranferri
463 2331 553 2396 eires
573 2329 748 2395 Anathoth
763 2349 837 2396 oum
854 2329 988 2412 reliquis
1006 2328 1154 2394 Iudaeis:
1206 2340 1327 2410 qnutus
1356 2342 1442 2394 esset
1469 2332 1539 2412 ipse
1560 2329 1726 2396 Ieremias.
1771 2331 1864 2397 Deus
1893 2353 1971 2416 ergo
1999 2333 2091 2414 quasi
2120 2353 2181 2416 pro

181 2414 268 2500 quod
294 2417 419 2482 seiliaet
446 2415 552 2481 nihilo
579 2415 757 2480 humanius
786 2425 922 2498 agerent
951 2435 1027 2480 oum
1054 2416 1157 2480 fratre
1207 2414 1363 2479 tribunali
1385 2413 1519 2494 sedens,
1555 2417 1607 2482 hio
1640 2418 1761 2498 profert
1794 2419 1989 2482 sententiam
2022 2417 2180 2482 adversus

181 2509 215 2567 et
237 2501 386 2585 populari
414 2521 490 2578 suo,
524 2521 623 2584 quarn
653 2501 708 2564 alii
740 2501 845 2584 magis
871 2500 1000 2565 remoti.
1045 2501 1156 2566 Tertio
1206 2496 1363 2579 Iudaeos,
1392 2500 1530 2567 Deserui
1551 2501 1676 2567 danum
1697 2521 1807 2568 meam.
1853 2503 2025 2585 Templum
2049 2501 2180 2586 quidem

181 2587 315 2669 repetit,
345 2586 457 2652 Etiam
478 2587 544 2668 ipsi
563 2586 755 2663 clamarunt,
785 2585 909 2668 inquit,
927 2591 999 2666 poet
1021 2590 1063 2664 te,
1094 2588 1155 2650 hoo
1209 2583 1269 2650 hee
1291 2585 1396 2670 elogio
1418 2595 1571 2651 ornatum
1594 2587 1663 2662 luit,
1693 2588 1750 2654 sed
1772 2597 1921 2672 respeetu
1946 2588 2058 2670 templi
2080 2589 2180 2652 etiam

182 2683 242 2755 est,
264 2673 310 2738 ita
331 2671 493 2737 hostiliter
515 2683 546 2736 te
565 2671 754 2755 persequuti
772 2680 859 2750 sunt,
882 2679 920 2735 nt
937 2673 1035 2736 etiarn
1054 2691 1155 2753 quum
1207 2677 1277 2734 tota
1299 2672 1389 2756 regio
1411 2683 1482 2736 erat
1505 2672 1567 2737 Dei
1589 2671 1824 2738 habitaoulum.
1859 2673 1944 2738 Nam
1967 2674 2181 2758 obtegebatur

182 2757 313 2824 uederes
342 2778 455 2824 eorum
485 2759 603 2836 iurari,
639 2777 706 2821 non
734 2766 844 2821 mmen
873 2754 992 2838 placati
1020 2756 1154 2823 fuerint.
1207 2755 1330 2822 iudaea
1353 2759 1490 2840 templo,
1523 2767 1557 2821 et
1578 2778 1692 2823 seeum
1714 2767 1810 2841 atque
1832 2758 2005 2824 ineolumis
2028 2771 2097 2822 erat
2119 2759 2180 2824 sub

181 2842 335 2909 (llamare
356 2843 444 2909 enim
475 2853 547 2924 post
575 2843 716 2926 aliquem
750 2852 801 2906 est
833 2841 966 2926 signum
999 2841 1155 2908 obstinati
1208 2843 1326 2908 umbra
1347 2843 1470 2927 templi.
1514 2842 1605 2924 Ergo
1626 2844 1815 2908 extenditur
1836 2843 1898 2909 hoe
1919 2864 2039 2908 nomen
2067 2843 2109 2908 ad
2131 2853 2180 2911 ta·

183 2927 257 2994 odii.
302 2929 388 2994 Nam
411 2931 441 2995 si
464 2929 565 2995 hostis
588 2928 683 2994 nobis
706 2927 916 3011 respondeat,
950 2935 982 2992 et
1011 2950 1047 2993 se
1077 2948 1154 2994 een-
1208 2937 1275 2990 tam
1300 2940 1418 2993 terram
1442 2939 1476 2993 et
1497 2928 1665 3011 populum,
1694 2947 1795 3010 quum
1817 2927 1895 2992 dioit
1916 2927 2020 3010 Deus,
2043 2926 2182 2994 Deserui

182 3022 309 3080 stanter
330 3023 489 3098 opponat,
518 3037 585 3080 non
607 3015 727 3078 mirum
751 3025 800 3077 est
822 3014 850 3078 si
870 3013 904 3076 in
927 3013 1034 3095 ipsum
1058 3015 1155 3078 irrui·
1206 3012 1331 3078 doraum
1352 3033 1463 3094 meam,
1486 3012 1547 3078 hoe
1568 3020 1627 3093 est,
1648 3013 1776 3080 etiamsi
1798 3013 1957 3079 haetenus
1975 3013 2056 3078 mihi
2077 3015 2181 3079 domi·

182 3121 272 3165 mus:
304 3099 362 3165 sed
384 3120 485 3182 quum
506 3099 611 3168 hostis
632 3100 733 3164 vertit
753 3107 894 3181 tergum,
922 3111 956 3162 et
977 3100 1099 3164 fatetur
1119 3119 1155 3164 se
1207 3097 1318 3162 eilium
1347 3097 1501 3184 elegerim
1530 3099 1615 3182 apud
1644 3097 1799 3179 Iudaeos,
1832 3121 1921 3166 nune
1954 3109 2065 3164 tamen
2093 3101 2182 3185 ipsos

182 3184 306 3250 vietum
330 3207 410 3262 esse,
441 3207 546 3270 neque
567 3184 640 3250 vult
660 3203 832 3250 conserere
861 3203 988 3262 manus,
1019 3191 1155 3269 apparet
1208 3182 1371 3266 relinquo:
1394 3195 1514 3267 postea,
1536 3184 1651 3266 reliqui
1671 3183 1761 3271 (nam
1783 3197 1863 3267 alm,
1885 3195 1919 3250 et
1935 3197 1989 3261 att
2011 3185 2079 3251 lere
2093 3185 2181 3250 idam

180 3290 242 3336 nes
266 3272 405 3356 flagrare
423 3272 515 3354 quasi
534 3271 655 3335 furioso
672 3269 756 3353 odio,
775 3269 804 3333 si
821 3271 926 3350 ipsum
944 3271 1153 3348 insectemur,
1206 3269 1412 3352 signifioant,
1444 3269 1582 3334 alterum
1613 3270 1816 3353 relinquere,
1849 3271 1990 3336 alterum
2018 3269 2181 3356 deserere)

182 3365 214 3421 et
235 3357 438 3421 retrahimus
460 3356 619 3433 invitum,
652 3356 751 3420 etiarn
783 3354 860 3420 dum
883 3365 1048 3420 eertamen
1070 3356 1156 3440 fugit
1206 3353 1322 3437 reteri
1348 3375 1418 3438 erqo
1444 3355 1665 3422 mediatem
1691 3375 1800 3422 auam.
1845 3357 1920 3423 Hoe
1942 3378 2062 3422 nomen
2085 3357 2181 3423 valde

182 3441 277 3506 ultro.
312 3443 393 3542 dam
417 3461 548 3506 oueeum
568 3443 710 3507 furorem
729 3441 913 3540 exprimere
931 3440 1035 3505 voluit
1049 3440 1154 3541 liene,
1208 3439 1421 3539 honorffieum
1440 3450 1512 3506 erat
1529 3441 1677 3506 Indaeis:
1700 3449 1732 3506 et
1747 3440 1818 3542 ideo
1837 3444 2051 3544 quantumvis
2073 3441 2180 3525 quoti·

182 3547 284 3684 tt?
306 3525 1157 3697 tittlttlttillitttlrllttt
1207 3524 1880 3696 littttdttttdleuitatttt
1904 3527 1992 3692 lt:
2019 3527 2182 3696 tltltl

182 3699 363 3780 turmatim,
386 3698 438 3764 vel
461 3699 495 3763 in
519 3695 739 3764 multitudine.
777 3697 925 3779 Uterque
948 3717 1063 3765 sensus
1081 3718 1155 3780 pro·
1207 3709 1301 3761 erant
1330 3697 1393 3761 Dei
1422 3695 1618 3763 haereditas.
1671 3697 1832 3766 Oonoedit
1861 3699 1927 3764 illis
1955 3719 2076 3763 nomen
2104 3718 2180 3781 pro·

181 3783 300 3850 babilis
322 3794 389 3850 est:
422 3783 495 3850 ideo
518 3805 584 3848 non
607 3781 702 3847 valde
724 3783 856 3847 insisto:
890 3782 966 3866 quia
992 3783 1033 3848 ad
1065 3804 1154 3849 sum·
1230 3780 1324 3862 heta,
1357 3781 1412 3847 sed
1444 3781 1588 3846 ostendit
1617 3785 1780 3866 quamsit
1812 3787 1926 3864 inane,
1960 3783 2038 3866 quia
2069 3791 2179 3849 tamen

182 3889 270 3934 mam
293 3870 340 3934 rei
362 3890 480 3954 pamm
503 3870 658 3946 interest,
693 3869 762 3932 sire
784 3868 931 3933 dieamus
958 3887 1013 3934 eos
1035 3889 1155 3952 magno
1241 3886 1299 3948 eus
1321 3868 1361 3932 ab
1383 3867 1462 3949 ipsis
1485 3867 1629 3934 dissedit.
1675 3868 1796 3934 Postea
1818 3869 1978 3952 adiungit,
2004 3868 2089 3935 Dedi
2110 3871 2181 3934 eni-

181 3954 324 4021 elamore
345 3955 534 4038 insequutus
556 3953 658 4020 luisse
680 3952 880 4036 prophetam,
912 3954 964 4017 vel
985 3955 1154 4019 turmatim
1206 3973 1276 4018 mae
1297 3973 1383 4019 meae
1402 3951 1609 4036 amaeam,
1638 3963 1697 4018 ant
1718 3953 1942 4038 dileetiansm,
1972 3967 2073 4023 titum*
2096 3955 2180 4020 aoei-

182 4041 384 4124 oonspirasse
407 4041 565 4106 adversus
586 4060 673 4105 eum.
718 4039 836 4104 Postea
857 4037 1016 4123 adiungit,
1045 4039 1157 4105 Etiam
1207 4039 1298 4122 pitur
1320 4057 1379 4122 pro
1402 4038 1589 4106 dileetione:
1624 4039 1680 4104 sed
1711 4040 1814 4106 latine
1844 4041 2023 4125 poterimus
2053 4047 2182 4105 vertere

182 4127 400 4210 eiloquautur
421 4129 517 4191 terum
539 4125 629 4206 baua,
651 4124 714 4188 hoe
735 4135 794 4202 est,
817 4124 844 4188 si
867 4125 989 4189 amieos
1010 4146 1045 4190 se
1060 4126 1157 4190 simu·
1208 4123 1346 4191 delitias.
1391 4124 1531 4190 Delitiee
1551 4125 1650 4210 iqitur
1670 4126 1797 4190 animae
1818 4146 1905 4192 meae
1930 4127 2026 4209 poetri
2050 4127 2086 4190 ia
2113 4145 2182 4192 ma-

182 4212 268 4290 lent,
296 4221 330 4277 et
351 4231 430 4296 prae
452 4232 489 4275 se
510 4213 618 4276 ferant
638 4230 767 4293 paoem,
794 4229 833 4274 ue
853 4215 957 4275 tamea
977 4207 1044 4275 illie
1065 4209 1157 4292 anafi-
1208 4231 1284 4275 aem
1304 4211 1505 4278 iahnieerum
1526 4211 1672 4293 ipsarum
1693 4211 1893 4278 delitiarum:
1925 4232 2002 4276 nam
2025 4222 2077 4278 est
2098 4212 2182 4277 rela-

183 4297 252 4365 aar.
308 4297 484 4382 Signifioat
515 4296 607 4360 Deus
640 4296 692 4362 his
724 4296 849 4373 verbis,
890 4297 988 4360 etiam
1027 4298 1055 4362 si
1090 4317 1155 4361 non
1209 4297 1315 4363 tivum
1348 4295 1509 4366 feminini,
1529 4297 1670 4379 generis.
1714 4296 1874 4363 Videmus
1906 4317 1985 4380 ergo
2018 4296 2095 4380 quid
2128 4296 2183 4362 hie
2236 4362 2241 4374 ,

184 4392 295 4466 aperte
328 4383 496 4448 insaniant
524 4381 612 4448 eires
632 4379 806 4446 Anathotb
838 4389 951 4446 oonua
973 4379 1156 4459 Ieremiam,
1209 4395 1343 4468 agatur:
1378 4381 1481 4449 voluit
1501 4382 1589 4447 enim
1613 4380 1705 4446 Deus
1727 4382 1868 4465 spoliare
1897 4402 2052 4466 perversa
2079 4384 2183 4449 eonfi-

184 4478 292 4534 tamen
316 4468 430 4553 plenos
456 4488 527 4534 esse
556 4467 711 4550 perfidia:
745 4465 884 4549 denique
913 4467 1077 4550 signifieat
1106 4469 1156 4536 rel
1209 4467 1319 4533 dantia
1341 4467 1491 4548 Iudaeos,
1512 4475 1546 4532 et
1567 4469 1613 4531 ita
1634 4486 1691 4532 eos
1712 4467 1896 4546 humiliare,
1917 4475 2016 4550 atque
2039 4468 2181 4547 domare,

184 4553 279 4637 lupos
301 4575 381 4632 esse,
410 4554 466 4621 rel
487 4551 613 4635 vulpes,
641 4552 718 4636 quia
742 4572 832 4617 nune
859 4551 983 4626 fraude,
1015 4576 1102 4621 nune
1123 4555 1157 4620 vi
1208 4557 1246 4618 ut
1268 4554 1391 4620 seirent
1412 4555 1448 4618 in
1467 4553 1596 4636 saeuis,
1629 4561 1663 4618 et
1684 4552 1852 4620 fallacibus
1880 4553 1986 4618 titulis
2014 4553 2096 4618 nihil
2119 4553 2181 4618 sibi

184 4648 297 4722 aperta
328 4641 524 4724 pugnabunt
556 4659 631 4706 oum
664 4637 822 4721 propheta
861 4639 940 4720 ipse.
995 4638 1157 4705 Videmus
1208 4641 1275 4706 lore
1298 4639 1424 4706 auxilii.
1468 4639 1515 4703 llt
1537 4638 1649 4704 titulos
1672 4639 1805 4722 quidem
1826 4640 1916 4723 ipsos
1937 4638 2093 4716 oenoedit,
2124 4637 2181 4703 sed
2214 4719 2215 4722 Ἴ

183 4745 262 4810 ergo
281 4733 320 4789 ut
340 4719 432 4792 Deus
454 4726 508 4791 hio
530 4724 726 4791 eundemnet
747 4723 921 4806 populum,
950 4726 983 4789 et
1006 4725 1157 4791 ostendat
1209 4747 1275 4791 non
1298 4727 1369 4791 sine
1392 4724 1497 4807 speeie
1519 4724 1659 4790 ironias:
1690 4723 1766 4807 quia
1787 4725 1884 4790 umal
1908 4725 2111 4790 demonstrat
2132 4733 2181 4787 to-

183 4811 243 4876 sibi
267 4811 398 4895 probari
420 4809 577 4896 quidquid
600 4810 723 4876 dietum
741 4809 849 4874 luerat
866 4813 957 4894 prius
972 4831 992 4876 a
1007 4811 1155 4878 Ieremia.
1210 4820 1280 4876 tum
1302 4810 1363 4876 hoe
1391 4830 1455 4893 quo
1481 4809 1708 4894 gloriabantur
1739 4809 1822 4874 nihil
1854 4811 1932 4894 ipsis
1965 4809 2092 4893 profore
2125 4809 2181 4875 ubi

182 4895 301 4962 Postea
323 4895 480 4979 adiungit,
1209 4895 1301 4963 Deus
1324 4915 1475 4961 exserere
1499 4895 1589 4962 volet
1617 4915 1712 4961 snam
1733 4895 1913 4961 vindiotam
1940 4911 2055 4960 eontra
2083 4896 2180 4978 ipsos.

1210 4981 1277 5048 Sed
1310 4990 1420 5046 tumen
1453 4981 1543 5047 loeus
1577 4982 1630 5046 hio
1668 4980 1800 5064 oblique
1832 4979 1963 5047 Indaeis
2002 4981 2181 5065 exprobrat

270 5067 300 5132 l.
333 5065 462 5148 Reiiqsd
489 5069 614 5134 danum
641 5085 760 5149 mam,
793 5065 918 5130 cisami
938 5066 1158 5134 haaeditatem
1209 5087 1301 5133 suam
1329 5066 1617 5151 ingratitudinem,
1648 5067 1735 5149 quad
1765 5075 1833 5132 tam
1863 5065 2085 5149 singularibus
2116 5065 2180 5132 Dei

183 5172 301 5236 mmm,
335 5153 433 5235 posui
462 5153 652 5220 ddedioaem
684 5151 756 5237 (aut
789 5149 1000 5239 desiderium)
1032 5155 1158 5220 animae
1209 5153 1374 5219 benefieiis
1407 5173 1472 5218 non
1505 5153 1628 5218 ineunt
1661 5152 1780 5218 retenti
1813 5153 1847 5216 in
1879 5151 2043 5235 obsequio.
2095 5151 2180 5218 Nam

182 5259 266 5305 meae
287 5239 325 5304 iu
344 5257 476 5304 manum
497 5240 699 5307 inimieorum
721 5237 798 5303 ures.
1208 5239 1300 5306 ouius
1328 5238 1390 5304 hoo
1422 5238 1485 5304 fuit
1517 5239 1703 5325 dignitatis,
1737 5237 1847 5304 voeari
1878 5238 2114 5305 haereditatem
2148 5249 2181 5303 et

1210 5325 1341 5392 domum
1365 5323 1443 5402 Dei,
1476 5327 1539 5392 imo
1560 5323 1691 5391 delitias
1718 5323 1846 5389 animae
1875 5322 1970 5390 eins?
2004 5324 2086 5390 nihil
2115 5322 2181 5390 tale
