5038 6118
189 374 246 438 141
394 337 400 344 ’
738 475 740 480 ,
906 373 957 440 ιι
979 373 1228 442 ιιιιιιιιι.
1273 374 1375 441 ιιι.
1396 373 1477 438 ιιι.
2133 377 2195 442 142

186 582 276 628 nunc
297 568 408 628 autem
436 570 516 627 aunt
544 581 623 628 aves
651 561 766 644 pictae,
796 561 858 628 hcc
887 569 946 640 est,
980 567 1058 629 sunt
1086 581 1163 628 aves
1217 561 1293 644 quia
1314 570 1443 644 praesto
1465 561 1606 628 aderunt
1627 561 1667 626 ιι
1695 561 1886 644 obsequium
1913 584 2027 629 omnes
2056 585 2134 633 aves
2162 575 2195 632 et

185 648 285 726 ferae,
308 647 362 714 vel
385 647 572 732 sylvestres.
618 645 704 712 Nam
726 667 822 711 avem
845 647 976 732 pictam,
1005 647 1057 713 vel
1079 647 1164 714 colo·
1217 667 1330 712 omnes
1353 648 1488 712 bestiae:
1513 659 1545 712 et
1567 646 1640 714 ideo
1662 649 1821 730 sequitur,

185 746 289 799 ratam
320 754 387 800 non
423 732 534 798 dubito
569 732 671 816 accipi
703 753 762 815 pro
799 753 860 799 ave
892 733 1041 811 insolita,
1080 754 1163 817 quae

184 819 306 886 scilicet
329 837 414 919 novo
435 818 592 918 adspectu
614 819 756 884 concitat
777 819 812 882 in
829 839 876 918 ,ιι
904 817 1062 884 homines.
1107 820 1164 918 ιιι
1304 818 1354 883 10.
1384 816 1533 885 Pastorca
1553 820 1646 885 madi
1659 818 1867 900 perdideruat
1887 821 1979 886 ιιιιι
1999 841 2108 902 mmm,
2131 823 2193 890 cal-

185 925 368 1058 {talu
382 904 1163 1074 tlatniz*13tlltlzttc.f.⁰.⁶t..t.llf
1215 909 1329 1067 isti
1342 903 2193 1075 stultiut...tttttttttttltt

185 1075 300 1161 quenti
330 1098 392 1143 usu
424 1075 511 1159 apud
539 1073 718 1141 Hebraeos.
769 1073 859 1160 Ergo
890 1076 942 1141 hic
971 1075 1163 1158 simpliciter
1216 1073 1308 1159 argo)
1336 1077 1509 1156 portionem
1534 1095 1644 1158 meatu,
1670 1076 1819 1142 dedeceat
1843 1079 2015 1159 portionem
2043 1080 2192 1146 desiderii

185 1161 327 1228 affirmat
356 1162 526 1246 propheta,
560 1170 593 1226 et
623 1161 708 1226 sicut
734 1159 827 1243 prius
849 1158 941 1240 dixit,
972 1159 1051 1225 auu
1081 1161 1161 1226 mibi
1214 1160 1277 1224 mei
1298 1161 1334 1226 ia
1354 1161 1507 1227 ιιιιιιιι
1528 1162 1693 1228 ιιιιιιιιιι.

185 1248 371 1314 baereditas
401 1267 475 1313 mea
504 1247 596 1332 quasi
625 1247 676 1311 leo
705 1246 738 1310 in
768 1244 879 1330 sylva:
909 1249 957 1311 ita
985 1268 1073 1312 nunc
1104 1246 1160 1312 ad·

184 1334 300 1418 iungit,
322 1331 401 1400 Fut
421 1332 502 1397 mibi
522 1331 699 1399 baereditas
720 1352 788 1400 mea
808 1337 958 1414 tauquam
976 1333 1045 1398 αιιι
1062 1332 1161 1414 picta.
1300 1333 1455 1416 leplioat
1476 1332 1540 1398 aliu
1561 1331 1775 1398 similitudine
1797 1331 1886 1416 quod
1908 1355 2012 1418 nuper
2034 1335 2190 1402 vidimus:

183 1419 309 1485 Verum
332 1419 547 1502 interrogatio
569 1417 643 1500 plus
672 1416 771 1484 habet
791 1417 1037 1484 vehementiae:
1066 1419 1160 1500 quasi
1215 1428 1310 1487 vccat
1331 1429 1490 1501 pastores,
1516 1439 1597 1501 quos
1624 1428 1700 1484 ante
1729 1420 1933 1502 comparavit
1961 1421 2038 1486 feris
2068 1423 2189 1490 bestiis.

183 1505 271 1570 enim
302 1504 452 1571 mirantis
482 1523 654 1587 personam
683 1502 738 1568 hic
767 1504 904 1585 suscipit
925 1504 1035 1569 Deus:
1070 1502 1161 1584 Quid
1214 1505 1299 1570 Nam
1323 1524 1424 1588 quum
1448 1504 1580 1583 diceret,
1611 1502 1730 1570 Venite
1751 1523 1866 1570 omncs
1888 1504 2011 1572 bestiae
2033 1517 2189 1593 agrestes,

183 1591 244 1656 boo
272 1591 334 1656 sibi
365 1589 446 1667 vult,
481 1589 561 1671 quod
589 1587 769 1655 buaoditaa
795 1608 865 1654 mea
893 1587 972 1654 mibi
1000 1589 1087 1670 fucta
1118 1593 1161 1654 cal
1214 1589 1302 1657 haud
1325 1589 1422 1656 dubie
1443 1589 1648 1674 intelligebat
1669 1587 1799 1654 eosdem
1823 1591 1863 1655 de
1890 1589 2008 1673 quibas
2030 1614 2119 1660 nunc
2140 1594 2187 1660 lo·

182 1681 333 1760 tauquam
363 1676 434 1741 aeia
465 1675 576 1756 ιῑιιιι
607 1675 770 1758 sylvestria
802 1680 830 1740 ct
860 1674 1035 1740 cucanea?
1079 1675 1160 1740 Mox
1213 1677 1333 1758 quitur.
1377 1676 1423 1740 Et
1452 1685 1562 1740 tamen
1586 1685 1679 1739 vocat
1707 1684 1867 1758 pastores:
1899 1677 1956 1742 sed
1982 1679 2111 1744 mordet
2132 1679 2189 1745 Iu-

182 1761 319 1840 subiioit,
350 1760 437 1844 Erpa
459 1779 563 1825 manea
584 1779 656 1826 aces
678 1763 768 1825 aaut
787 1761 823 1825 ιι
844 1761 986 1840 arcada,
1009 1766 1037 1826 et
1058 1779 1162 1826 omnes
1214 1763 1319 1840 dacos,
1353 1761 1429 1844 quia
1457 1781 1522 1826 non
1556 1761 1724 1843 potuerint
1753 1762 1847 1838 serre,
1883 1767 1920 1827 ut
1949 1763 2018 1846 ipse
2049 1768 2189 1847 pastoris

181 1847 297 1912 bestiae
318 1848 399 1930 apri.
445 1845 542 1912 Nunc
565 1843 715 1911 videmus
737 1852 774 1910 ιι
795 1846 953 1912 ιιιιιιιι
983 1847 1065 1912 fluat
1086 1866 1160 1929 prc-
1213 1867 1349 1912 munere
1371 1848 1564 1929 fungeretur
1586 1863 1664 1930 erga
1685 1847 1784 1928 ipsos.
1821 1847 1990 1914 Debuerat
2003 1848 2095 1916 Deus
2117 1872 2189 1919 esse

181 1932 301 2016 phetae
333 1932 455 1997 oratic:
489 1940 688 2013 conquestus
720 1937 770 1996 est
799 1930 892 1998 Deus
922 1931 1159 1998 haereditatem
1212 1945 1324 2017 pastor
1354 1933 1448 1998 electi
1480 1932 1609 2015 populi:
1643 1934 1734 2014 ιιιιιι
1767 1933 1900 1998 luerunt
1933 1934 2020 1999 ierac
2055 1936 2187 2016 ιιιιιιι.

181 2038 275 2084 suam
298 2017 359 2083 sibi
381 2017 481 2083 luisse
508 2019 614 2082 instar
634 2016 737 2082 leonis
759 2018 794 2081 in
816 2015 928 2102 sylva:
962 2027 1159 2102 conquestus
1212 2019 1284 2103 ligo
1318 2019 1446 2084 deserui
1478 2018 1561 2095 illos,
1594 2018 1712 2099 inquit,
1745 2026 1783 2083 ut
1815 2019 1906 2104 digni
1940 2027 2043 2087 erant.
2099 2021 2189 2103 Quid

181 2111 230 2169 eet
252 2103 352 2170 luisse
374 2104 480 2169 instar
502 2103 574 2168 avis
596 2115 773 2168 extraneae
796 2108 829 2167 et
847 2103 935 2169 lerae
952 2123 1037 2186 quae
1056 2112 1159 2168 terro·
1212 2106 1321 2172 nunc?
1353 2105 1488 2170 venient
1518 2103 1574 2168 alii
1607 2111 1766 2187 pastores,
1798 2103 1855 2170 sed
1885 2105 1982 2188 longe
2014 2104 2189 2176 dissimiles

180 2211 250 2254 rem
272 2189 406 2274 ingerit:
439 2209 526 2254 nuno
549 2187 636 2267 dicit,
666 2185 754 2272 Erpa
774 2208 848 2254 caea
874 2208 980 2254 omues
1008 2189 1160 2255 convolent
1212 2199 1320 2270 erunt,
1349 2199 1383 2255 et
1404 2189 1589 2266 atrociores,
1618 2197 1651 2254 at
1677 2188 1775 2274 longe
1801 2192 1966 2256 saeviores
1994 2191 2074 2274 ipsis
2101 2194 2188 2277 lupis

180 2275 222 2340 acl
238 2275 404 2357 praedam,
427 2279 454 2340 ct
474 2293 578 2340 ιιιιι
595 2273 709 2340 usaue
727 2293 895 2358 aprorum:
916 2275 1009 2357 quasi
1027 2275 1158 2359 diceret,
1211 2288 1245 2340 et
1266 2275 1447 2358 quamlibet
1465 2274 1682 2341 trunculentis
1701 2274 1828 2341 belluis.
1862 2274 2058 2359 Quanquam
2077 2285 2187 2345 autem

180 2359 345 2441 Quoniam
367 2361 416 2425 ιιι
438 2361 509 2426 ιιιι
532 2368 610 2425 ιιιι
639 2365 790 2444 proterve
813 2380 919 2445 agere,
950 2371 984 2426 et
1014 2360 1158 2426 belluino
1212 2361 1265 2426 bio
1286 2360 1432 2427 diversas
1447 2361 1573 2444 figuras
1587 2359 1702 2426 miscet
1717 2360 1886 2443 propbeta,
1910 2360 2060 2429 videmus
2076 2374 2186 2432 tamen

180 2447 304 2529 impetu
338 2446 411 2512 ausi
443 2457 520 2512 sunt
553 2446 710 2528 impetere
748 2466 860 2510 servos
894 2464 999 2526 meos,
1042 2445 1158 2512 deinde
1210 2444 1373 2530 quomodo
1405 2448 1543 2512 eandem
1576 2445 1772 2510 sententiam
1812 2447 1997 2528 continuet,
2035 2449 2187 2518 videmus

180 2532 315 2597 fuerunt
336 2551 440 2616 vagae
462 2550 550 2611 aves,
581 2539 616 2595 et
638 2551 721 2615 quae
749 2551 816 2596 non
845 2540 979 2615 possent
1007 2551 1155 2597 mansue·
1210 2533 1309 2598 etiam
1331 2553 1391 2598 our
1411 2533 1459 2596 ita
1481 2538 1585 2596 mutet
1602 2549 1800 2597 sermonem:
1824 2532 1923 2598 etsie
1941 2537 2186 2618 esseoptimam

180 2617 261 2695 fieri,
295 2637 356 2701 ego
378 2616 548 2684 ostendam
577 2615 654 2700 quid
682 2616 856 2700 proficiant
889 2617 952 2682 bac
984 2639 1045 2684 ιιι
1075 2620 1155 2683 ιιιο·
1210 2619 1371 2684 rationem
1400 2618 1436 2682 in
1466 2616 1605 2700 singulis
1634 2615 1755 2688 verbis.
1800 2616 1937 2684 Certum
1967 2620 2098 2702 quidem
2126 2631 2186 2702 est,

180 2703 295 2768 citata:
326 2724 414 2769 nunc
444 2703 532 2768 enim
562 2721 725 2768 accersam
755 2722 867 2767 omnes
896 2723 973 2768 aves
1002 2704 1094 2788 coeli,
1123 2711 1158 2769 et
1209 2704 1307 2769 etiam
1339 2703 1449 2769 vocari
1476 2713 1622 2785 pastores
1650 2701 1749 2768 duces
1777 2704 1833 2786 qui
1861 2704 1994 2770 venturi
2023 2717 2116 2774 arant
2143 2729 2187 2775 ex

180 2808 295 2854 omnes
317 2787 439 2854 bestias
462 2788 652 2871 sylvestres,
674 2797 711 2852 ut
729 2788 903 2854 convolent
920 2790 1079 2872 celeriter,
1102 2788 1155 2853 vel
1208 2789 1348 2873 Assyria
1369 2799 1403 2854 et
1424 2787 1607 2854 Chaldaea:
1636 2787 1693 2852 sed
1716 2809 1781 2854 non
1803 2787 1938 2854 dubium
1961 2800 2023 2874 est,
2052 2794 2186 2860 subesse

179 2881 353 2940 accurrant
374 2873 416 2939 ad
438 2871 605 2957 praedam.
642 2872 738 2954 Quod
761 2881 870 2938 autem
893 2875 939 2939 ita
961 2875 1157 2942 accessesit
1209 2876 1341 2942 tacitam
1372 2873 1464 2939 illam
1494 2873 1683 2951 antithesin,
1725 2893 1824 2955 quam
1866 2874 1975 2959 attigi:
2012 2879 2107 2959 quasi
2135 2879 2185 2944 di-

179 2958 365 3043 intelligere
396 2959 575 3044 prophetae
604 2968 759 3042 mentem,
789 2959 974 3042 colligimus
1004 2983 1046 3025 ex
1076 2961 1156 3043 ipsis
1208 2969 1307 3041 caret,
1340 2959 1413 3044 ligo
1439 2959 1599 3024 hacteuus
1631 2959 1678 3024 ιιι
1708 2958 1799 3024 vobis
1832 2968 1952 3042 pastor,
1986 2967 2020 3026 et
2051 2974 2185 3044 paratus

179 3045 296 3112 verbis.
341 3044 417 3110 Non
451 3055 580 3110 tantum
614 3043 694 3111 dicit
721 3044 832 3123 Deus,
862 3045 945 3111 Avis
975 3046 1063 3129 picta
1091 3046 1156 3111 luit
1208 3065 1299 3111 eram
1320 3045 1408 3110 idam
1429 3064 1559 3127 semper
1579 3052 1765 3128 praestare:
1787 3045 1844 3110 ιιι
1860 3046 1938 3127 quia
1960 3066 2027 3112 non
2050 3051 2185 3132 potestis

178 3129 362 3196 haereditas
395 3151 485 3209 mee,
518 3129 573 3195 sed
608 3128 712 3208 addit,
746 3129 850 3214 Mitt,
883 3130 1154 3214 quemadmodum
1208 3151 1261 3198 me
1291 3131 1432 3215 amplius
1461 3131 1556 3207 ferre,
1590 3126 1728 3195 aderunt
1761 3129 1818 3196 alii
1850 3141 2009 3215 pastores,
2040 3136 2096 3218 qui
2126 3157 2185 3202 vos

178 3218 270 3299 prius
292 3214 431 3296 dixerat,
458 3214 538 3280 Fuit
559 3214 641 3279 mihi
664 3213 849 3280 haereditas
879 3236 950 3280 moa
972 3218 1064 3299 quasi
1087 3217 1156 3282 lec:
1208 3224 1350 3282 tractent
1371 3236 1429 3301 pro
1453 3224 1562 3282 vestro
1583 3217 1725 3300 ingenio.

178 3303 225 3367 ita
248 3323 346 3380 nunc,
369 3301 561 3366 Haereditae
581 3320 653 3366 meu
675 3321 718 3366 aa
738 3305 784 3366 est
812 3301 914 3368 milti?
959 3303 1049 3386 Ergo
1080 3322 1154 3386 pro-

178 3407 297 3453 nomen
313 3387 376 3453 ιιι
394 3386 568 3470 diligenter
586 3385 766 3451 notandum
783 3393 840 3465 est,
859 3387 946 3452 unde
961 3387 1154 3473 colligimus,
1294 3386 1470 3471 Ooepimus
1499 3386 1572 3452 beri
1601 3405 1764 3470 exponere
1794 3387 1880 3471 quod
1911 3387 2083 3456 denuntiat
2111 3412 2183 3474 prc-

178 3471 449 3556 quemadmodum
469 3473 534 3536 iam
553 3471 631 3554 dixi,
650 3470 799 3537 damnari
819 3472 932 3556 populi
951 3473 1154 3540 intractabile
1207 3471 1315 3555 pheta,
1337 3483 1500 3538 vastatum
1522 3472 1563 3536 iri
1586 3470 1724 3538 Iudaeos
1746 3491 1766 3536 a
1788 3474 1983 3555 pastoribus.
2027 3475 2183 3543 Diximus

177 3559 357 3642 ingenium,
379 3559 456 3642 quia
479 3561 543 3622 con
572 3567 682 3641 posset
711 3558 778 3622 ullc
809 3557 904 3623 modo
933 3559 1153 3626 mansuefieri.
1206 3566 1317 3624 autem
1340 3557 1471 3624 subesse
1494 3559 1528 3622 in
1551 3558 1614 3624 hac
1636 3578 1714 3624 voce
1735 3558 1885 3634 ironiam,
1908 3561 1984 3641 quia
2004 3559 2184 3628 debuerant

179 3643 431 3729 Sed'posterins
453 3643 636 3709 membrum
659 3643 757 3708 etiam
776 3643 949 3728 diligenter
971 3645 1154 3710 notandum
1207 3664 1242 3708 se
1263 3645 1454 3727 permittere
1469 3642 1541 3708 Deo
1559 3643 1729 3727 regendos,
1753 3645 1807 3726 qui
1823 3643 2087 3711 iunctusfuisset
2104 3667 2183 3732 erga

177 3736 243 3795 est:
277 3729 471 3795 tantundem
501 3730 589 3794 enim
623 3729 712 3794 valet
743 3748 781 3792 ac
813 3732 840 3794 si
874 3729 1012 3797 dixisset
1043 3730 1153 3796 Deus:
1206 3730 1294 3813 ipsos
1314 3729 1420 3796 officio
1442 3729 1599 3812 pastoris:
1628 3729 1685 3795 ιιι
1707 3730 1785 3811 qnia
1806 3730 1983 3795 noluerant
2010 3729 2184 3798 admittere

178 3815 268 3901 Ergo
290 3815 444 3899 quoniam
467 3816 515 3880 ita
535 3813 602 3880 fert
630 3812 730 3879 libido
753 3827 873 3895 vestra,
903 3824 940 3880 ut
969 3817 1041 3882 sitis
1070 3815 1153 3880 mibi
1205 3816 1308 3880 talam
1325 3816 1475 3899 gratiam,
1494 3813 1585 3964 digni
1603 3813 1738 3880 fuerunt
1752 3814 1869 3896 quibus
1887 3817 2079 3898 praeficeret
2094 3819 2184 3884 Deus

178 3900 298 3980 leones,
318 3908 355 3966 ut
372 3902 443 3966 sitis
461 3921 541 3966 aves
559 3919 662 3984 vagae
681 3909 713 3965 et
732 3899 828 3980 ferae,
845 3901 941 3985 agite,
960 3902 1076 3986 inquit,
1096 3901 1153 3966 sed
1205 3901 1360 3986 Assyrios
1381 3908 1415 3966 et
1437 3898 1522 3974 Obal
1546 3921 1629 3980 aeos,
1659 3901 1717 3985 qui
1740 3912 1900 3966 vocantur
1925 3909 2080 3984 pastores.
2125 3903 2183 3969 In·

178 4008 237 4072 ego
268 3995 378 4051 tamen
407 4006 609 4069 compescam
636 3995 780 4051 vestram
810 3985 896 4052 hanc
925 3987 1099 4053 barbaram
1121 3996 1153 4050 et
1205 3996 1294 4052 terea
1317 3996 1426 4050 tamen
1449 3985 1604 4068 quoniam
1633 3986 1671 4051 lit
1700 3986 1823 4050 mentio
1845 3986 1933 4064 vitis,
1962 3986 2079 4052 alludit
2107 4009 2181 4072 pro·

174 4070 369 4138 indomitam
404 4070 586 4136 feritatem:
620 4091 680 4156 ego
713 4072 800 4136 enim
829 4071 935 4137 babeo
965 4072 1026 4136 sub
1052 4092 1153 4138 manu
1205 4072 1305 4157 pbeta
1337 4070 1378 4136 ιι
1411 4081 1558 4154 pastores
1590 4072 1702 4136 ovium
1736 4071 1790 4135 vel
1821 4091 1986 4156 pecorum.
2038 4073 2124 4139 Nam
2154 4076 2182 4140 si

175 4179 248 4223 mea
270 4177 383 4224 omnes
405 4177 483 4222 aves
504 4156 681 4230 coelorum,
709 4162 743 4220 ιι
764 4177 877 4223 omncs
907 4158 1028 4224 bestias
1057 4177 1151 4242 agro·
1205 4165 1356 4222 armenta
1383 4157 1435 4222 vel
1462 4178 1483 4241 g
1542 4176 1578 4222 ιι
1609 4157 1681 4240 quis
1703 4157 1737 4221 in
1768 4158 1898 4222 vineam
1927 4156 2070 4238 inducat,
2101 4159 2182 4228 baec

175 4264 265 4309 rum:
294 4242 492 4309 conveniant
511 4261 590 4325 ergo
610 4242 652 4309 ad
675 4243 760 4308 hauc
788 4263 887 4308 unam
916 4263 1021 4324 avem,
1049 4253 1082 4308 et
1111 4245 1151 4309 ad
1204 4244 1268 4308 erit
1291 4263 1357 4306 non
1381 4242 1462 4308 levis
1484 4263 1521 4308 ιι
1536 4241 1660 4308 ιιιιιιι.
1705 4242 1796 4307 Ero
1825 4242 1908 4308 baec
1936 4243 2036 4308 etiam
2065 4245 2182 4312 allusio

176 4328 260 4395 bunc
287 4349 388 4394 unam
419 4327 575 4392 bestiamc
608 4346 668 4393 vos
696 4329 776 4395 estis
806 4330 876 4394 avis
907 4349 986 4394 una:
1021 4331 1152 4395 terratis
1205 4337 1311 4411 potest
1332 4348 1400 4394 non
1423 4328 1509 4393 male
1530 4327 1699 4411 quadrare.
1744 4263 1916 4411 (luidquid
1938 4329 1990 4408 ιιι,
2023 4331 2181 4413 propheta

176 4414 308 4497 quidem
328 4413 437 4499 primo
459 4412 594 4490 intuitu,
620 4413 699 4494 quia
720 4414 799 4480 estis
822 4415 895 4500 plus
918 4435 1015 4498 quam
1039 4435 1152 4481 omnes
1204 4413 1378 4498 significat,
1401 4413 1554 4496 quoniam
1569 4414 1682 4497 iugum
1698 4411 1762 4478 Dei
1777 4432 1845 4477 non
1861 4413 2086 4496 sustinuerint,
2108 4417 2181 4484 ideo

177 4499 363 4585 accipitres:
396 4498 455 4565 scd
484 4498 563 4565 estis
589 4518 658 4563 una
686 4500 770 4564 avis:
804 4501 838 4565 in
873 4500 1013 4566 circuitu
1042 4505 1151 4566 autem
1205 4509 1360 4566 venturos
1389 4510 1537 4583 pastores
1571 4498 1688 4582 quibus
1721 4498 1814 4584 digni
1847 4508 1935 4565 sunt.
1988 4501 2035 4565 lit
2060 4503 2180 4568 iterum

176 4596 275 4651 erunt
307 4606 421 4651 omues
454 4603 550 4650 aves:
591 4603 674 4667 qaae
707 4584 801 4653 vobis
835 4586 957 4651 bellum
993 4586 1151 4650 inierant:
1205 4586 1324 4668 repetit
1350 4584 1434 4668 quod
1464 4595 1541 4650 ante
1571 4583 1723 4661 vidimus,
1754 4604 1871 4667 nempe
1900 4586 2056 4668 populum
2084 4587 2180 4652 illum

177 4671 257 4736 estis
289 4679 446 4755 tanquam
481 4669 532 4736 leo
565 4689 651 4734 anus
683 4669 717 4734 in
741 4671 846 4755 sylva,
879 4673 930 4737 vel
959 4691 1064 4749 ursus,
1098 4670 1152 4737 vel
1205 4692 1270 4737 non
1288 4670 1384 4736 modo
1400 4671 1500 4736 luisse
1523 4681 1606 4751 ota,
1629 4669 1761 4736 vineam
1776 4669 1850 4748 Dei,
1873 4671 2043 4737 sedetiam
2059 4673 2180 4756 portio·

176 4755 287 4840 lupus:
327 4755 383 4822 sed
417 4775 531 4821 omnes
563 4754 767 4821 truculentae
800 4756 924 4823 bestiae
955 4757 1153 4823 convenient
1205 4777 1280 4823 nem
1302 4758 1383 4837 eius,
1406 4755 1458 4822 vel
1475 4755 1726 4822 haereditatem:
1750 4754 1869 4821 ιιιιιι
1887 4757 2072 4840 portionem
2096 4756 2179 4823 desi·

176 4848 290 4910 contra
304 4861 372 4922 vos,
394 4845 427 4908 et
445 4839 643 4908 convenient
664 4839 778 4907 advos
797 4841 1007 4908 devorandos.
1041 4841 1152 4910 Locus
1204 4841 1296 4907 darii.
1341 4841 1426 4906 Nam
1448 4839 1542 4910 Deus
1562 4842 1624 4907 hoc
1645 4845 1801 4907 testatum
1823 4843 1954 4925 saepius
1975 4862 2047 4908 esse
2064 4843 2178 4922 voluit,

121 4941 122 4944 ’
175 4927 230 4994 hio
252 4927 426 4992 observatu
449 4927 567 5011 dignus
588 4933 655 4992 est:
677 4927 754 5008 quia
776 4925 852 4994 bino
870 4928 1034 5008 discimus,
1052 4948 1151 5010 quam
1204 4925 1287 4993 nibil
1321 4927 1526 4994 liberalitatis
1554 4948 1574 4992 ι
1603 4948 1638 4994 ιι
1665 4926 1765 4992 fuisse
1800 4928 2066 5011 praetermissum
2100 4949 2180 5012 erga

176 5011 276 5081 stulte
298 5011 459 5095 desipiant
482 5013 639 5090 homines,
671 5011 747 5077 dum
778 5034 849 5080 sese
877 5023 1047 5099 opponunt
1069 5013 1151 5094 Deo,
1203 5013 1352 5092 Iudaeos,
1375 5014 1547 5096 quominus
1566 5013 1762 5079 excusabilis
1781 5014 1825 5079 sit
1839 5033 1953 5078 eorum
1969 5013 2178 5096 ingratitudo.

175 5107 209 5165 et
230 5096 446 5181 pervicaciter
473 5097 645 5163 excutiunt
674 5098 800 5183 iugum,
834 5120 894 5166 neo
923 5100 1088 5166 sustinent
1117 5121 1151 5165 ιι
1205 5098 1316 5180 Quum
1339 5118 1417 5183 ergo
1439 5108 1531 5165 tento
1553 5117 1665 5165 amore
1686 5097 1875 5181 complexus
1889 5104 1975 5163 esset
1992 5097 2178 5178 illosDeus,

175 5184 295 5268 corrigi
317 5183 388 5248 eius
404 5183 521 5248 verbo:
543 5193 621 5248 sunt
635 5183 754 5262 leones,
777 5197 855 5252 sunt
873 5205 950 5252 aves
968 5187 1070 5251 torae:
1093 5185 1150 5250 sed
1204 5193 1242 5250 ut
1263 5193 1396 5251 vocarat
1413 5185 1542 5250 animae
1563 5203 1642 5252 suae
1659 5183 1867 5262 desiderium,
1890 5191 1922 5248 et
1943 5181 2178 5253 haereditatem

177 5269 340 5337 Dominus
358 5268 479 5353 poterit
497 5269 589 5334 nullo
607 5271 740 5354 negotio
757 5269 845 5355 ipsos
865 5271 1009 5354 perdere,
1033 5291 1152 5353 nempe
1204 5269 1463 5348 desiderabilem,
1491 5271 1584 5336 cuius
1612 5267 1786 5354 pravitatis
1815 5266 1880 5334 fuit
1907 5288 1973 5334 non
2002 5290 2179 5354 agnoscere
