5134 6124
192 441 254 530 tta
897 441 946 506 IN
968 439 1218 506 innuantur.
1261 439 1359 508 oAP.
1383 441 1482 508 Xlll.
2133 445 2197 512 174

191 636 354 714 speratur,
382 632 471 698 loeus
494 632 592 697 etiam
619 632 812 698 elementiae
834 651 905 696 esse
922 631 1032 697 tiebat.
1076 628 1170 695 Deus
1221 633 1372 714 gratiam.
1425 630 1588 696 Dicebant
1617 651 1652 697 se
1682 642 1803 698 terrem
1834 633 1923 698 illam
1957 633 2091 717 adeptos
2123 657 2195 702 esse

191 736 288 801 saepe
311 719 456 784 affirmat
478 738 513 783 se
536 739 606 783 esse
634 718 751 802 longae
782 717 984 781 tolerantiae.
1028 717 1170 781 Poseent
1220 717 1292 782 iure
1326 717 1557 794 haereditario,
1590 719 1741 800 quoniam
1776 722 1936 801 promisse
1969 723 2075 786 fuerat
2107 725 2194 805 patri

190 803 292 888 igitur
324 805 423 870 etiam
457 804 590 886 pessimi
625 805 745 888 quique
777 803 917 868 obiieere
947 801 1029 882 Deo,
1062 802 1168 884 ipsum
1221 823 1331 867 eorum
1356 802 1525 868 Abrahae:
1557 804 1617 868 hoo
1637 803 1767 886 quidem
1791 825 1904 869 verum
1929 819 2015 871 erat:
2044 807 2194 872 dioebaut

192 890 291 957 nimis
313 910 384 956 esse
404 889 558 974 rigidum,
582 888 667 974 quod
691 911 753 954 non
776 898 952 971 exspeotet,
975 888 1054 952 dum
1077 887 1169 951 rede·
1222 889 1454 953 terramillam
1487 908 1557 953 esse
1587 889 1731 970 requiem
1755 888 1828 966 Dei,
1860 903 1893 954 et
1922 892 1954 956 id
1983 891 2148 958 habebant
2177 914 2197 959 a

191 980 250 1040 aut
283 974 324 1041 ad
352 995 464 1041 sanam
498 987 651 1042 mentem.
696 975 834 1039 Dixerat
867 983 977 1037 autem
1012 971 1170 1056 propheta
1221 972 1407 1057 prophetis:
1430 975 1581 1040 dicebant
1603 972 1713 1039 Deum
1736 995 1806 1040 esse
1830 996 1922 1041 suam
1947 976 2194 1054 hoereditatem,

192 1071 301 1127 aetum
330 1081 401 1128 esse
431 1061 472 1127 de
501 1059 620 1212 populo
649 1061 715 1127 illo.
760 1060 825 1125 Hie
854 1061 966 1140 itaque
996 1059 1169 1124 obieetioni
1222 1058 1282 1123 hoo
1304 1080 1431 1142 quoque
1454 1069 1525 1127 erat
1546 1079 1674 1124 verum.
1710 1058 1775 1126 Sed
1799 1081 1898 1143 quum
1920 1083 2091 1146 perperam
2115 1066 2195 1129 abu-

192 1147 288 1212 simul
311 1147 462 1225 ooourrit,
486 1159 519 1211 et
559 1154 738 1212 emonstrat
757 1146 906 1210 nltimam
929 1144 1019 1210 illam
1044 1144 1169 1209 sladem
1222 1155 1370 1209 terantur
1401 1145 1461 1209 Dei
1492 1145 1634 1221 nomine,
1667 1146 1740 1210 ideo
1772 1147 1839 1212 illis
1869 1151 1993 1212 excutit
2022 1169 2195 1232 perversas

191 1233 275 1298 iuste
296 1233 400 1318 infligi
422 1252 442 1298 a
463 1231 555 1298 Deo:
576 1233 653 1316 quia
674 1232 886 1313 pertiuaoiter
909 1230 1022 1296 Iudaei
1046 1233 1080 1294 in
1102 1231 1170 1295 suis
1221 1230 1294 1294 illas
1315 1231 1497 1296 iactantiae.
1542 1230 1633 1294 Dieit
1655 1232 1766 1316 igitur,
1787 1231 1876 1298 Haeo
1897 1253 1969 1298 sors
1990 1242 2054 1300 tto.
2093 1235 2194 1318 Atqui

192 1319 281 1384 vitiis
315 1331 413 1402 atque
446 1320 544 1383 etiam
577 1317 752 1384 seeleribus
782 1317 1004 1381 obduruerint.
1057 1315 1168 1396 Quum
1221 1315 1372 1380 dioebant
1389 1317 1460 1397 ipsi,
1485 1317 1595 1398 Quum
1616 1318 1780 1382 Dominus
1798 1317 1959 1384 divideret
1977 1333 2102 1404 gentes,
2125 1341 2195 1386 sors

192 1425 269 1489 ergo
290 1404 470 1470 ostenderit
491 1405 537 1469 ita
559 1405 756 1487 pravitatem
779 1402 847 1468 illis
869 1421 941 1467 esee
962 1401 1095 1485 penitus
1116 1400 1168 1464 in·
1219 1403 1291 1466 eius
1320 1402 1437 1467 oeoidit
1465 1403 1500 1466 in
1531 1401 1644 1467 lsrael.
1688 1403 1745 1467 Sia
1778 1404 1866 1468 enim
1899 1405 2044 1487 loquitur
2075 1407 2193 1472 Moses.

191 1493 309 1568 fixam,
344 1500 381 1554 ut
412 1488 568 1554 adhaeret
605 1490 670 1555 euti
703 1488 905 1569 Aethiopum
946 1487 1096 1570 nigredo,
1130 1496 1169 1549 ut
1220 1487 1309 1570 Ergo
1332 1508 1431 1569 quum
1456 1488 1598 1554 solerent
1627 1491 1772 1570 arripere
1801 1494 1997 1555 sententiam
2026 1492 2128 1568 illam,
2159 1505 2194 1557 ut

191 1576 340 1642 maoulae
369 1573 566 1659 pantherae,
592 1577 657 1640 iam
688 1573 867 1641 nouoludit:
899 1573 967 1657 Epo
995 1572 1167 1655 dissipabo,
1220 1572 1327 1636 Deum
1359 1583 1470 1655 postea
1501 1573 1667 1652 luderent,
1701 1575 1753 1640 hie
1783 1575 1942 1660 propheta
1973 1599 2013 1642 ex
2044 1579 2192 1660 opposito

191 1663 307 1745 inquit,
329 1663 418 1743 ipam
439 1663 533 1744 qnasi
554 1660 714 1744 stipatum,
743 1679 823 1742 quoe
844 1660 959 1724 transit
980 1658 1023 1722 od
1044 1662 1168 1724 ventem
1220 1659 1381 1738 admonet,
1403 1663 1502 1725 stulte
1524 1680 1580 1725 eos
1602 1660 1764 1725 eonfidere
1782 1660 1822 1724 de
1840 1675 1926 1726 sorte
1947 1662 2012 1740 illa,
2037 1666 2190 1745 quoniam

190 1748 314 1813 deserti.
364 1746 544 1830 Dissipatio
577 1746 658 1812 haee
691 1745 843 1812 exsilium
879 1744 1043 1828 designat:
1074 1743 1167 1825 quasi
1219 1743 1312 1809 Deus
1330 1745 1402 1810 illos
1421 1746 1627 1824 abdioaverit,
1646 1765 1751 1827 neque
1769 1766 1829 1828 pro
1847 1746 1922 1812 filiis
1939 1747 2004 1811 iam
2026 1761 2190 1833 egressae

192 1834 331 1900 diaeret:
354 1833 428 1918 Ego
450 1832 630 1917 profligabo
649 1852 713 1908 eos,
738 1838 775 1896 ut
797 1831 943 1895 sentiant
964 1851 999 1894 se
1021 1828 1168 1912 privatos
1219 1850 1318 1911 quum
1352 1843 1461 1896 essent
1494 1833 1672 1914 degeneres
1705 1852 1742 1897 ao
1772 1832 1897 1914 perfidi.
1947 1833 2043 1913 Haeo,
2073 1836 2191 1918 inquit,

191 1917 402 1997 haereditate,
425 1919 459 1983 in
483 1938 549 2000 qna
570 1919 659 1983 salus
683 1927 715 1981 et
737 1915 873 1982 ielioitas
895 1916 1042 1999 ipsorum
1065 1915 1169 1980 eonsi·
1219 1921 1263 1979 est
1294 1934 1365 1980 sors
1396 1922 1460 1982 tuo.
1512 1917 1671 1981 Videmus
1705 1916 1838 1983 subesse
1868 1917 2046 1985 antitheses
2075 1921 2109 1984 in
2139 1921 2191 1986 his

191 2006 258 2070 stit.
302 2003 418 2070 Iudaei
448 2005 535 2068 euim
563 2003 625 2069 heo
658 2003 727 2068 solo
760 2001 996 2087 gloriabantur,
1030 2022 1064 2064 se
1098 2021 1167 2064 esse
1219 2001 1347 2066 verbis:
1377 2001 1470 2067 Deus
1491 2014 1563 2066 erat
1584 2023 1655 2067 sors
1676 2004 1797 2085 populi,
1821 2015 1854 2068 et
1877 2004 1930 2070 hio
1952 2017 2024 2070 erat
2046 2006 2190 2071 vioissim

190 2089 254 2156 Dei
277 2090 445 2176 populum,
476 2088 561 2173 quod
591 2089 750 2170 templum
784 2087 869 2170 apud
902 2087 990 2168 ipsos
1024 2097 1167 2151 ereetum
1220 2108 1291 2153 sors
1306 2084 1379 2166 Dei,
1395 2087 1668 2170 quemadmodum
1685 2089 1750 2152 iam
1765 2089 1955 2156 ditavimus:
1973 2104 2066 2155 erant
2082 2091 2194 2156 haere·

191 2185 292 2256 esset,
323 2174 441 2242 deiude
470 2174 556 2256 quod
590 2173 778 2240 habitarent
811 2175 844 2236 iu
879 2183 966 2237 terra
999 2172 1060 2236 sibi
1095 2192 1167 2254 pro·
1220 2173 1305 2237 ditas
1337 2173 1415 2250 Dei,
1449 2186 1481 2237 et
1513 2174 1678 2238 iaetabaut
1712 2174 1818 2238 Deum
1853 2195 1924 2240 esse
1958 2176 2191 2242 haereditatem

190 2262 301 2327 missa.
357 2261 524 2326 Petebant
556 2261 657 2344 igitur
690 2259 797 2323 Deum
837 2258 1074 2341 quodammodo
1108 2256 1168 2322 sibi
1220 2279 1328 2322 suam:
1360 2270 1447 2323 terra
1474 2271 1544 2324 erat
1566 2259 1748 2339 symbolum
1771 2273 1804 2324 et
1826 2263 1945 2345 pignus
1965 2263 2056 2326 illius
2078 2263 2191 2328 haere·

191 2369 262 2413 esse
298 2348 448 2427 affixum,
493 2366 594 2428 quum
632 2345 688 2410 illa
728 2344 930 2408 haereditate
969 2345 1167 2408 fruerentur.
1220 2342 1339 2408 ditatis.
1386 2344 1483 2409 Nune
1513 2346 1591 2410 dioit
1620 2346 1793 2428 propheta,
1828 2345 1915 2411 Haeo
1942 2349 2001 2412 erit
2029 2348 2086 2412 tibi
2113 2367 2193 2429 sors,

190 2433 270 2498 Ideo
292 2432 450 2498 ieremias
480 2430 654 2496 denuntiat
681 2431 748 2513 sore
776 2430 897 2495 erodes
924 2429 1060 2511 stipulae
1089 2447 1168 2511 quoe
1214 2431 1317 2512 portio
1338 2449 1559 2496 menstrosam
1586 2436 1714 2496 taonem
1736 2453 1757 2496 o
1777 2451 1834 2496 me.
1879 2433 2009 2497 Alludit
2036 2435 2077 2498 ad
2107 2437 2191 2498 anti·

190 2517 357 2601 expellitur
384 2539 405 2584 o
433 2523 528 2584 vento.
581 2517 681 2581 Ponit
709 2521 830 2581 renium
858 2516 986 2594 deserti,
1018 2514 1080 2579 hoo
1108 2521 1166 2590 est,
1220 2535 1319 2598 quum
1341 2535 1477 2582 morem.
1518 2515 1675 2582 Solebant
1697 2520 1783 2582 enirn
1803 2517 1939 2600 xfunibus
1962 2520 2077 2600 partiri
2097 2540 2192 2603 agros

190 2603 456 2682 meridionalem,
492 2602 544 2670 vel
576 2601 767 2681 australem,
801 2603 894 2667 ouius
929 2601 1075 2664 maxima
1107 2599 1168 2664 fuit
1220 2613 1252 2666 et
1285 2601 1427 2683 praedia,
1461 2603 1732 2685 quemadmodum
1762 2615 1875 2686 postea
1904 2605 2108 2688 decempedis
2142 2606 2191 2670 usi

191 2688 402 2755 vehementia
424 2689 458 2753 in
480 2689 547 2754 illis
568 2688 724 2772 partibus.
760 2685 891 2753 Seimus
914 2693 1065 2751 austrum
1090 2704 1169 2768 quo·
1220 2700 1312 2752 sunt:
1344 2697 1377 2750 et
1406 2687 1503 2753 hodie
1536 2688 1634 2752 etiam
1662 2689 1800 2770 perticas
1833 2708 1987 2754 vetamus
2022 2711 2192 2756 mensuras

191 2797 253 2859 que
285 2795 356 2840 esse
389 2775 599 2858 pestiferum:
639 2772 755 2838 deiude
788 2773 893 2856 magis
927 2771 1079 2837 turbatur
1113 2790 1168 2834 aer
1219 2773 1293 2836 illas
1326 2793 1408 2856 quae
1442 2772 1588 2838 adhiberi
1626 2775 1733 2838 solent
1771 2777 1805 2838 in
1838 2776 1934 2858 *agris
1967 2787 2000 2840 et
2039 2777 2189 2858 praediis.

191 2871 290 2925 vento
310 2860 514 2925 meridionali
544 2880 641 2943 quam
672 2859 754 2924 aliis.
800 2857 950 2923 Gonoitat
980 2857 1066 2922 euim
1096 2864 1165 2920 tur·
1219 2857 1315 2922 Nune
1348 2879 1426 2941 erge
1455 2867 1605 2924 tenemus
1638 2859 1815 2941 prophetae
1844 2860 2027 2924 eonsilium.
2078 2859 2188 2946 Signi·

191 2945 284 3012 bines
306 2958 338 3011 et
361 2945 534 3030 proeellas:
563 2945 636 3010 ideo
665 2943 829 3028 seriptura
859 2944 915 3008 ubi
942 2942 1166 3007 turbulentum
1220 2945 1296 3008 fleat
1328 2946 1414 3008 enim
1448 2943 1585 3008 ludaeos
1619 2943 1753 3022 frustra,
1786 2957 1816 3008 et
1852 2955 2003 3023 temere,¹
2023 2965 2061 3011 ao
2091 2948 2191 3012 stulte

190 3032 330 3117 aliquem
350 3041 473 3098 motum
496 3031 569 3098 vult
595 3031 788 3112 exprimere,
815 3048 912 3111 saepe
941 3027 1026 3092 hane
1056 3027 1166 3092 simili·
1220 3030 1363 3114 gloriari,
1397 3029 1482 3112 quod
1511 3029 1603 3093 Deus
1632 3031 1674 3095 sit
1702 3031 1847 3112 ipsorum
1877 3029 2077 3098 haereditas:
2110 3051 2190 3114 quo-

191 3117 337 3182 tudinem
366 3127 513 3200 usurpat.
566 3117 634 3182 Alii
667 3125 787 3197 putant
815 3114 990 3179 Ieremiam
1020 3113 1166 3178 alludere
1220 3115 1308 3179 niam
1331 3133 1391 3197 pro
1413 3115 1489 3180 liliis
1515 3117 1580 3178 iam
1609 3115 1698 3199 ipsos
1727 3136 1792 3180 uon
1819 3125 1994 3200 agnosoat:
2029 3131 2061 3181 et
2090 3117 2190 3183 simul

191 3204 231 3268 ad
253 3205 453 3288 Aegyptios:
476 3203 532 3268 sed
555 3224 622 3267 nou
644 3203 739 3266 video
761 3221 819 3266 our
841 3200 895 3265 hio
916 3198 1102 3282 quaerenda
1124 3199 1166 3263 sit
1219 3200 1401 3276 denuntiat,
1424 3199 1520 3284 longe
1542 3200 1639 3265 aliam
1670 3211 1791 3266 sortem
1820 3201 1901 3285 ipsis
1931 3213 2077 3284 paratam
2109 3224 2190 3285 esse,

191 3290 342 3356 subtilior
364 3289 531 3371 expositio,
554 3308 655 3372 quum
678 3289 761 3351 ratio
777 3287 858 3351 haee
875 3285 1028 3368 loquendi
1043 3287 1165 3368 passim
1217 3287 1314 3369 louge
1336 3289 1434 3351 etiam
1464 3287 1562 3351 aliam
1592 3294 1719 3371 partem
1749 3286 1970 3365 haereditatis,
2006 3309 2123 3373 nempe
2153 3300 2190 3354 nt

191 3375 271 3441 trita
301 3376 354 3440 sit.
404 3375 494 3458 Ergo
523 3395 581 3459 per
610 3371 860 3438 similitudinem
892 3373 980 3436 venti
1011 3372 1166 3436 australis
1218 3373 1326 3439 eiiniat
1355 3373 1442 3455 ipsos
1464 3371 1556 3438 Deus
1584 3383 1720 3437 eterra·
1740 3375 1911 3454 promissa,
1941 3395 2038 3456 quam
2068 3375 2189 3459 pollue-

189 3461 282 3528 Deus
304 3460 469 3544 signifieat
490 3459 671 3524 maximnm
700 3459 859 3541 impetum
882 3455 1048 3523 viudietae
1070 3477 1163 3523 suae:
1219 3469 1292 3522 rant
1314 3461 1384 3524 suis
1405 3458 1591 3523 seeleribus.
1635 3458 1688 3522 Ita
1710 3458 1867 3537 videmus,
1890 3480 1955 3524 non
1975 3481 2045 3525 esse
2068 3471 2190 3525 temere

190 3548 282 3632 quasi
305 3544 437 3628 diderat,
467 3546 627 3610 Etiamsi
658 3551 776 3627 putent
797 3542 911 3607 Iudaei
943 3543 1074 3607 firmam
1104 3543 1166 3608 sibi
1217 3542 1254 3609 an
1283 3544 1364 3608 falso
1394 3544 1649 3626 praeterendum
1680 3543 1743 3608 Dei
1779 3564 1908 3609 nomen.
1959 3545 2042 3610 Nam
2073 3546 2100 3609 si
2131 3567 2190 3611 uos

190 3655 260 3700 esse
282 3634 456 3698 stationem
480 3633 514 3696 in
538 3641 629 3695 terra
656 3632 825 3712 promissa,
852 3627 956 3709 deoipi
980 3628 1041 3694 hae
1064 3630 1165 3694 stulta
1217 3628 1371 3714 dignatus
1394 3639 1444 3693 est
1461 3630 1495 3693 in
1511 3629 1666 3711 populum
1685 3629 1815 3712 eligere,
1836 3631 1975 3696 vieissim
1995 3631 2192 3712 praestanda

189 3719 348 3803 opinione,
380 3717 533 3800 quoniam
564 3736 692 3782 summo
721 3716 846 3798 impetu
875 3715 961 3797 ipsos
984 3713 1077 3779 Deus
1108 3737 1164 3779 ex·
1217 3730 1266 3782 est
1292 3715 1323 3779 ei
1350 3715 1449 3779 fides:
1480 3728 1514 3779 et
1544 3717 1570 3779 si
1601 3714 1642 3778 ab
1670 3716 1740 3798 ipso
1772 3715 1949 3794 delinimus,
1977 3714 2065 3780 haud
2096 3717 2192 3782 dubie

188 3805 298 3888 pellet.
349 3803 393 3868 Et
426 3813 592 3886 temperat
626 3821 681 3866 eos
720 3800 873 3883 stipulae,
915 3821 1015 3882 quum
1053 3811 1162 3864 tamen
1216 3800 1328 3866 eadem
1362 3801 1542 3883 impietatis
1570 3820 1694 3866 meroes
1724 3819 1785 3866 nos
1816 3800 1971 3878 manebit,
2007 3822 2106 3882 quam
2137 3804 2191 3868 hio

187 3892 350 3956 iaetarent
371 3910 406 3954 se
428 3907 499 3954 esse
521 3890 652 3953 arbores
678 3886 844 3970 plantatas
866 3887 901 3948 in
923 3899 1014 3950 terra
1036 3885 1108 3949 illa:
1131 3896 1165 3950 et
1217 3888 1360 3951 minatur
1383 3886 1540 3950 Ieremias
1562 3887 1630 3950 suis
1659 3885 1878 3968 popularibus.
1924 3886 2095 3951 Fruamur·
2112 3908 2190 3971 ergo

190 3976 332 4043 vidimus
355 3975 452 4057 paulo
480 3986 557 4039 ante
587 3973 689 4039 fuisse
711 3973 803 4054 quasi
827 3971 889 4035 Dei
913 3991 1011 4035 manu
1036 3972 1163 4053 planta·
1216 3973 1263 4037 sio
1292 3972 1374 4049 Deo,
1408 3985 1440 4036 et
1470 3971 1614 4048 Christo,
1649 3979 1681 4036 et
1713 3972 1865 4036 omnibus
1899 3970 2074 4051 benefieiis,
2107 3993 2190 4055 quae

189 4071 255 4129 tos:
279 4061 334 4126 sed
358 4081 423 4126 non
447 4068 582 4142 egerant
598 4059 708 4123 viram
725 4057 866 4122 radioem
883 4057 1022 4140 pietatis.
1057 4056 1162 4138 Opor-
1216 4057 1310 4122 uobis
1332 4078 1391 4142 per
1414 4057 1619 4142 evangelium
1650 4057 1776 4139 obtulit,
1809 4063 1846 4121 ut
1876 4077 1940 4122 non
1972 4058 2117 4123 timenda
2146 4061 2189 4122 sit

188 4149 253 4214 tuit
284 4148 386 4230 igitur
419 4145 525 4209 instar
558 4145 696 4227 stipulae
735 4145 824 4226 ipsos
857 4141 953 4225 louge
985 4143 1163 4225 profligari.
1215 4143 1310 4208 nohis
1340 4143 1419 4208 haee
1450 4145 1533 4207 ultio
1563 4163 1646 4226 quae
1676 4142 1806 4207 Iudaeis
1834 4144 1980 4226 eontigit.
2025 4143 2189 4228 Adiungit

189 4234 300 4315 Quare
323 4233 487 4297 diseamus
515 4251 557 4295 ex
587 4230 648 4294 hoe
677 4229 746 4295 loeo
776 4249 840 4293 non
875 4227 964 4292 abuti
989 4229 1051 4292 Dei
1082 4227 1160 4291 tele—
1214 4231 1390 4294 rationem:
1418 4229 1500 4310 Quia
1521 4228 1615 4293 oblito
1637 4249 1669 4292 es
1690 4229 1760 4307 mei,
1783 4229 1898 4310 inquit,
1921 4229 2080 4310 etomfisa
2100 4249 2131 4294 es
2153 4231 2189 4296 in

188 4319 306 4385 raetia.
350 4317 435 4382 Nam
458 4318 608 4398 quamvis
627 4314 810 4398 suspendat
835 4333 967 4396 poenas,
998 4333 1080 4394 quas
1110 4335 1161 4378 su·
1213 4315 1383 4381 mmdoot'o.
1427 4315 1493 4379 Per
1516 4314 1722 4379 mendacium
1750 4313 1907 4398 iutelligit
1938 4313 2099 4397 propheta
2121 4336 2187 4380 non

187 4427 261 4471 mus
283 4403 401 4481 meriti,
435 4401 474 4467 ad
507 4415 635 4482 tempus
668 4400 814 4483 aliquod:
849 4400 903 4463 ubi
938 4411 1048 4463 tamen
1073 4397 1161 4463 videt
1214 4410 1342 4466 tautum
1359 4401 1616 4483 superstitiones,
1632 4399 1750 4480 quibus
1766 4419 1800 4463 se
1815 4400 2047 4482 impliouerant
2062 4399 2186 4485 Iudaei,

188 4512 247 4557 uos
269 4509 404 4574 pergere
423 4490 455 4552 in
474 4486 661 4566 seeleribus,
684 4485 816 4550 tandem
835 4482 1002 4550 deseendit
1020 4483 1161 4549 adillud
1213 4486 1269 4551 sed
1301 4505 1457 4569 perversa
1485 4485 1542 4550 illa
1575 4485 1710 4552 eonsilia
1742 4506 1826 4568 quae
1859 4487 2050 4567 oaptabant,
2085 4506 2186 4568 quum

187 4575 350 4656 ultimum,
374 4594 490 4656 nempe
513 4581 550 4637 ut
571 4591 630 4636 nos
653 4580 771 4637 traotot
789 4579 941 4652 tauquam
961 4569 1160 4653 desperatos,
1212 4593 1300 4636 uuuo
1322 4571 1364 4636 ad
1385 4571 1574 4656 Aegyptios,
1606 4591 1693 4637 nuno
1716 4570 1756 4634 ad
1780 4571 1861 4635 alios
1890 4573 2007 4655 impios
2036 4573 2186 4654 noninge-

187 4662 310 4744 absque
333 4659 398 4725 ulla
422 4659 602 4724 elementia.
648 4655 816 4740 Sequitur,
1212 4667 1296 4732 rent,
1327 4665 1363 4721 ut
1386 4665 1589 4741 opponerent
1611 4657 1682 4721 Deo
1711 4658 1869 4722 eiusmodi
1900 4656 2054 4721 subsidia.
2101 4656 2186 4720 Nam

1211 4744 1336 4825 quoties
1366 4741 1489 4825 aliquid
1519 4741 1663 4806 instabat
1693 4742 1838 4824 perieuli,
1871 4744 2031 4825 putabant
2058 4741 2118 4805 sibi
2150 4742 2184 4806 iu

273 4831 325 4896 25.
355 4831 444 4897 Haeo
464 4851 536 4896 sora
557 4836 621 4904 tua,
650 4828 757 4910 portio
785 4847 1005 4893 mensurarum
1033 4833 1160 4892 tuorum
1210 4839 1362 4910 promptu
1385 4848 1456 4892 esse
1478 4827 1668 4905 remedium,
1696 4828 1724 4892 si
1745 4827 1800 4892 vel
1823 4829 2005 4914 Aegyptios
2026 4826 2185 4891 habereut

187 4939 285 4998 ame,
306 4917 383 4983 dicit
403 4916 548 4996 Isbovuh,
576 4934 655 4998 puae
678 4913 917 4992 obliterasset,
939 4912 1103 4994 etoonpiso
1126 4915 1161 4976 in
1210 4913 1382 4996 propitios,
1416 4914 1469 4977 vel
1504 4915 1675 4997 Assyrios,
1710 4916 1763 4978 vel
1798 4911 1989 4978 Chaldaeos.
2043 4911 2184 4976 Nomine

187 5005 356 5070 mendacio.
1209 5001 1312 5082 igitur
1344 4999 1506 5065 mendatii
1537 4998 1782 5083 comprehendit
1819 4998 1977 5083 propheta
2013 5017 2184 5080 perversas

1208 5085 1283 5149 illas
1313 5086 1535 5168 cogitationes,
1568 5106 1668 5167 quum
1700 5084 1822 5149 vellent
1850 5105 1884 5147 se
1913 5084 1998 5147 tueri
2026 5082 2183 5150 adversus

271 5173 346 5240 Non
370 5172 501 5238 dubium
525 5181 575 5237 est
597 5172 674 5256 quin
697 5171 857 5254 propheta
880 5169 1011 5235 Iudaeis
1034 5173 1159 5252 eripere
1208 5171 1327 5248 Deum,
1351 5171 1405 5253 qui
1428 5175 1555 5254 poterat
1576 5173 1665 5253 ipsos
1689 5191 1747 5236 sua
1769 5171 1892 5234 virtute
1914 5168 2096 5248 defendere,
2121 5172 2183 5235 nisi

187 5260 266 5326 velit
296 5261 428 5324 inanem
457 5259 618 5337 fidutiam,
648 5279 711 5341 qua
739 5256 970 5340 superbiebant
1000 5256 1158 5321 adversus
1210 5277 1312 5339 quum
1335 5276 1467 5322 neeesse
1490 5267 1559 5322 erat
1579 5279 1700 5340 poenas
1723 5258 1854 5340 exigere
1877 5253 1916 5320 de
1946 5257 2091 5338 ipserum
2114 5276 2182 5322 eoe-

186 5347 306 5426 Deum,
337 5365 435 5428 quum
460 5355 569 5409 tamen
597 5343 848 5426 praetenderent
877 5344 946 5406 eius
976 5362 1095 5406 nomen
1126 5347 1159 5407 et
1210 5343 1341 5410 laribus.
1394 5342 1467 5408 Hoe
1497 5343 1600 5427 igitur
1629 5343 1763 5408 damnat
1795 5341 1951 5407 Ieremias
1982 5343 2015 5406 in
2050 5341 2182 5427 populo,
