5134 6124
370 436 436 504 259
451 453 453 458 ·
1183 431 1570 500 PRAELEO'PIONES
2311 432 2370 498 260

370 627 411 693 fit
433 633 470 692 ut
492 626 642 692 homines
662 623 835 708 prosiliant
858 623 898 689 ad
929 623 1015 688 hano
1045 623 1233 702 amentiam,
1263 620 1346 705 quod
1399 621 1549 706 maciem,
1572 627 1695 688 utnon
1718 630 1851 705 possent
1873 622 1939 687 ullo
1961 621 2057 688 modo
2084 621 2230 688 revocari
2259 621 2300 687 ad
2322 642 2369 687 sa·

372 715 450 778 deos
472 733 532 796 pro
553 710 691 777 libidine
720 731 779 776 sua
808 709 986 786 lubricant,
1021 709 1084 774 nisi
1106 708 1183 793 quia
1205 730 1240 774 se
1261 709 1347 791 ipsos
1399 728 1476 773 nam
1500 717 1655 773 mentem.
1699 707 1796 775 Nunc
1819 729 1897 791 orgo
1928 719 2076 774 tenemus
2104 706 2182 791 quid
2210 708 2271 773 sibi
2296 708 2370 773 velit

372 820 436 865 non
460 799 666 883 agnoscunt?
711 796 786 861 Non
815 797 934 860 mirum
958 795 1142 879 igiturest,
1172 795 1200 861 si
1229 795 1346 859 menti·
1400 794 1462 860 boo
1483 792 1554 860 loco
1573 794 1741 877 propheta.
1776 793 1867 860 Dicit
1883 799 2044 878 peccatam
2063 793 2207 860 Iebudob
2223 795 2369 874 scriptam

374 884 435 950 bus
468 894 547 949 sunt
580 883 743 950 excaecati
775 882 810 947 in
844 879 1031 964 quaerendo
1065 881 1146 960 Deo,
1179 901 1279 964 quum
1312 899 1348 944 se
1399 899 1467 946 aare
1486 879 1565 964 stylo
1586 880 1696 962 ferreo,
1718 881 1752 945 in
1770 900 1873 964 unpae
1893 881 2110 946 adamastiuo:
2132 881 2224 963 quasi
2244 878 2370 957 diceret,

372 971 462 1054 ipsos
490 989 556 1034 non
585 969 762 1052 respiciant
790 987 892 1050 neque
928 965 1129 1032 examinent.
1180 966 1269 1031 Hinc
1297 986 1346 1030 se·
1401 965 1473 1030 Non
1497 974 1574 1030 sunt
1596 965 1711 1031 leviter
1730 975 1856 1032 tantum
1876 966 2051 1049 iniquitate
2068 987 2128 1034 sua
2147 967 2250 1033 tincti.
2288 965 2370 1030 Nam

373 1055 496 1140 quitur,
520 1076 585 1120 non
608 1074 702 1138 posse
725 1055 786 1119 rite
803 1052 865 1120 ccli
883 1052 1002 1136 Deum,
1026 1051 1090 1118 nisi
1111 1051 1165 1117 ubi
1184 1050 1347 1117 humiliati
1400 1063 1486 1117 esset
1508 1051 1618 1134 aliqua
1640 1053 1776 1118 sanatio.
1817 1051 1882 1118 Sed
1907 1053 2062 1135 iniquitas
2082 1052 2248 1136 insculpta
2269 1061 2320 1117 est
2340 1053 2370 1116 in

374 1140 496 1207 fuerint
523 1140 681 1207 homines.
726 1138 907 1205 Humilitas
935 1150 1046 1203 autem
1074 1139 1197 1222 optima
1226 1147 1277 1204 est
1306 1134 1346 1202 ad
1401 1137 1602 1219 penitissime
1623 1138 1741 1204 affeetu
1770 1140 1925 1222 ipsorum,
1956 1138 2228 1221 quemadmodum
2252 1139 2371 1221 siquis

374 1226 473 1292 tidem
496 1227 713 1311 praeparatio,
736 1236 772 1291 ut
795 1247 829 1292 se
847 1224 949 1291 verbo
965 1224 1027 1290 Dei
1046 1223 1229 1290 subiiciunt.
1262 1223 1347 1287 Prae
1400 1221 1565 1306 insculpat
1595 1223 1717 1308 aliquid
1750 1224 1785 1289 in
1820 1223 2006 1308 adamante,
2040 1235 2072 1290 et
2100 1223 2265 1309 insculpat
2287 1224 2371 1308 stylo

374 1335 409 1380 se
444 1312 556 1378 ferunt
587 1312 717 1396 quidem
755 1309 945 1376 idololatrae
978 1309 1101 1392 aliquid
1134 1309 1346 1375 humilitatis:
1400 1309 1514 1375 ferreo.
1564 1310 1652 1377 Hinc
1686 1331 1763 1396 ergo
1797 1321 1947 1394 apparet,
1982 1310 2081 1376 luisse
2112 1331 2246 1393 prorsus
2281 1311 2372 1376 venia

374 1399 432 1465 sed
454 1404 569 1482 postea
592 1419 662 1464 sese
681 1397 856 1481 proiiciunt
870 1397 904 1461 in
923 1405 1098 1479 stuporem,
1120 1396 1166 1460 ita
1186 1407 1223 1461 ut
1242 1395 1348 1459 nolint
1399 1395 1562 1478 indignos,
1585 1408 1621 1461 ut
1642 1397 1732 1462 nullo
1755 1397 1850 1476 modo
1871 1398 1936 1462 iam
1960 1407 2069 1462 essent
2092 1417 2226 1479 capaces
2248 1397 2371 1462 miseri·

373 1485 546 1569 inquirere,
569 1495 605 1550 nt
627 1488 724 1550 etiam
749 1483 922 1550 discrimen
957 1501 1053 1546 omne
1082 1481 1166 1547 lucis
1196 1492 1229 1546 et
1257 1491 1346 1545 tene·
1400 1481 1543 1547 cordiae:
1567 1484 1715 1565 quamvis
1736 1483 1880 1548 maxime
1898 1482 1998 1549 vellet
2017 1481 2109 1550 Deus
2126 1485 2214 1565 ipsos
2232 1483 2372 1566 recipere

374 1573 508 1638 brorum
532 1568 644 1654 procul
672 1571 832 1635 reiiciant.
877 1566 943 1634 Sed
967 1589 1047 1633 vera
1076 1565 1241 1633 humilitas
1264 1568 1348 1642 lacit,
1399 1569 1433 1633 in
1468 1568 1622 1652 gratiam:
1660 1569 1813 1651 quoniam
1847 1589 1907 1634 sua
1938 1567 2157 1635 obstinatione
2189 1567 2373 1635 clauserant

374 1667 412 1721 ut
435 1675 627 1740 quaeramus
651 1653 759 1721 Deum
790 1657 824 1719 in
853 1653 955 1719 verbo
984 1653 1063 1719 eius.
1110 1652 1205 1734 Quod
1236 1661 1347 1718 autem
1401 1653 1488 1719 viam
1522 1654 1629 1733 saluti,
1663 1673 1723 1720 neo
1756 1664 1904 1739 poterant
1933 1654 2107 1721 admittere
2137 1655 2373 1737 promissiones,

374 1744 554 1826 interrogat
570 1741 738 1826 propbeta,
762 1741 818 1806 Aa
839 1740 927 1806 bouso
946 1739 1040 1822 saciet
1058 1738 1119 1805 eibi
1140 1738 1258 1806 mm?
1282 1759 1348 1803 non
1400 1761 1481 1823 quae
1500 1740 1672 1823 requirunt
1689 1741 1924 1824 poenitentiam
1943 1741 1976 1807 in
1994 1741 2226 1824 peccatoribus.
2257 1741 2372 1806 Postea

374 1827 531 1912 intelligit
553 1838 618 1892 tam
639 1827 737 1894 rudes
759 1827 860 1892 fuisse
882 1826 935 1892 vel
958 1825 1147 1909 Aegyptios,
1172 1824 1222 1891 vel
1244 1826 1347 1909 Assy·
1400 1825 1550 1909 adiungit
1572 1831 1737 1892 cadratam
1754 1847 1818 1893 acce
1834 1847 1930 1908 super
1946 1827 2083 1893 martum
2101 1827 2203 1893 cordis
2224 1827 2372 1909 ipsoram,

372 1915 450 1994 rios,
482 1924 519 1980 ut
541 1923 694 1996 putarent
715 1934 751 1979 se
779 1933 875 1997 posse
902 1910 1050 1979 conferre
1080 1911 1230 1977 deitatem
1258 1910 1348 1995 ligno
1401 1913 1491 1994 quasi
1515 1912 1636 1978 diceret
1663 1914 1751 1995 ipsos
1780 1914 1827 1979 sic
1857 1912 2004 1980 addictos
2033 1934 2103 1979 esse
2133 1914 2309 1995 iniquitati,
2338 1919 2374 1976 ut

375 2001 427 2066 vel
452 1999 566 2082 lapidi:
590 1998 646 2065 sed
669 1998 825 2082 quidquid
848 1999 883 2063 in
906 1998 969 2062 Dei
991 1997 1080 2064 cultu
1104 1997 1226 2064 audent
1247 1998 1349 2063 bcmi·
1400 2019 1513 2064 omnes
1535 2019 1647 2064 eorum
1672 1999 1809 2066 affectus
1837 2000 2012 2065 ostendant
2041 2001 2200 2083 impressa
2223 1999 2372 2082 vestigia.

374 2106 433 2152 nes
456 2086 517 2151 sibi
541 2087 673 2169 tingere,
702 2084 783 2150 nibil
813 2083 902 2150 aliud
925 2094 983 2164 est,
1018 2104 1115 2166 quam
1140 2083 1190 2150 dei
1215 2084 1348 2148 creatio.
1400 2084 1496 2150 Unde
1529 2087 1679 2168 sequitur
1712 2084 1851 2151 Iudaeos
1889 2087 1937 2151 ita
1977 2087 2076 2150 luisse
2116 2086 2300 2170 convictos,
2341 2095 2375 2150 ut

374 2169 484 2238 Simul
507 2191 584 2256 orgo
607 2181 704 2255 atque
719 2171 939 2255 permittimus
957 2169 1050 2236 nobis
1069 2170 1154 2235 banc
1171 2171 1347 2244 licentiam,
1401 2171 1523 2236 frustra
1539 2171 1843 2256 tergiversarentur,
1860 2173 2015 2254 quoniam
2032 2173 2163 2256 propria
2178 2171 2375 2238 conscientia

373 2266 410 2323 ut
432 2256 541 2322 Deum
565 2256 625 2323 boc
649 2257 701 2322 vel
723 2257 782 2322 illc
805 2255 901 2322 modo
923 2257 1076 2336 colamus,
1100 2256 1153 2322 vel
1177 2266 1214 2321 ut
1235 2256 1347 2340 imagi·
1401 2256 1488 2338 ipsos
1517 2257 1701 2324 damnabat.
1753 2257 1947 2342 Quanquam
1976 2279 2037 2342 ego
2068 2256 2245 2340 prophetae
2274 2255 2376 2324 rerba

373 2363 492 2409 namur
515 2342 622 2406 Deum
644 2363 716 2409 esse
744 2342 853 2416 talem,
882 2341 934 2408 vol
965 2342 1074 2419 talem,
1104 2342 1239 2408 totidem
1270 2351 1348 2408 sunt
1401 2354 1467 2407 tam
1491 2341 1531 2408 de
1554 2352 1647 2410 reatu
1675 2345 1882 2426 interpretor,
1913 2366 2011 2427 quam
2042 2343 2081 2410 de
2110 2343 2206 2425 culpa
2233 2343 2315 2427 ipsa,
2344 2356 2376 2408 ct

373 2429 507 2494 deorum
531 2429 720 2495 creationes.
764 2429 805 2494 In
830 2429 890 2495 bec
913 2429 1010 2493 etiam
1042 2441 1144 2511 parte,
1176 2430 1229 2494 ubi
1260 2428 1347 2506 dicit,
1401 2430 1616 2513 propensione
1645 2428 1686 2496 ad
1715 2429 1848 2496 malum.
1898 2430 2074 2514 Significat
2103 2429 2207 2514 igitur
2236 2429 2376 2496 ludaeos

328 2519 330 2527 ’
375 2512 561 2597 Ocpncscerrt
582 2515 663 2596 qaod
684 2533 792 2580 omma
814 2534 917 2580 meum
937 2515 979 2580 eit
997 2513 1146 2580 Iabovab:
1167 2514 1348 2580 nctandum
1402 2535 1468 2581 non
1500 2515 1631 2600 vulgari
1665 2516 1760 2582 modo
1792 2535 1952 2600 peccasse,
1985 2527 2017 2582 et
2051 2526 2275 2599 transgressos
2305 2537 2375 2584 esse

374 2611 434 2678 est,
456 2599 527 2664 Dec
549 2600 670 2665 auferri
693 2599 777 2684 quod
796 2621 892 2666 suum
911 2612 969 2678 est,
993 2600 1059 2665 nisi
1076 2600 1111 2664 in
1131 2602 1201 2682 ipsc
1220 2601 1348 2684 acquie-
1401 2600 1506 2684 legem
1538 2602 1618 2667 Dei:
1652 2602 1709 2669 sod
1741 2602 1841 2669 tuisse
1869 2602 2047 2669 sceleribus
2078 2603 2125 2667 ita
2154 2599 2309 2681 addictos,
2341 2610 2376 2667 ut

375 2686 503 2764 scimus,
532 2687 639 2751 itaut
666 2686 775 2751 nullae
804 2687 886 2752 aliae
916 2685 1103 2752 divinitates
1133 2685 1227 2752 nobis
1257 2687 1348 2752 obre·
1401 2695 1569 2770 gestarent
1590 2688 1693 2770 ipsam
1717 2687 1925 2771 iniquitatem
1948 2688 2145 2771 insculptam
2169 2687 2204 2751 in
2225 2687 2376 2754 cordibus

373 2779 463 2855 pant,
491 2771 545 2837 rel
574 2792 610 2837 se
639 2771 807 2856 ingerant:
839 2773 915 2857 quia
943 2791 1007 2837 ncn
1036 2772 1159 2837 retinet
1180 2773 1271 2838 Deus
1299 2777 1349 2842 ius
1401 2773 1478 2838 suis.
1530 2772 1672 2838 tabutas
1704 2773 1811 2841 cordis
1844 2773 2063 2858 metaphorice
2092 2773 2236 2857 appellat
2263 2793 2376 2840 omnes

373 2877 479 2936 suum,
509 2856 563 2923 vel
593 2857 742 2942 gloriam,
776 2859 839 2925 nisi
873 2860 990 2925 unicus
1022 2858 1065 2924 sit
1097 2879 1133 2926 ac
1167 2875 1348 2924 censeatur.
1402 2857 1545 2925 affectus.
1593 2859 1772 2944 Comparat
1800 2862 1888 2927 enim
1915 2882 1972 2926 cor
1999 2859 2135 2925 tabulis:
2166 2859 2376 2942 quemadmo-

372 2940 469 3010 Nunc
491 2943 647 3027 sequitur,
1402 2943 1481 3009 dum
1511 2947 1546 3010 in
1577 2946 1699 3030 lapide,
1721 2945 1776 3012 vel
1809 2947 1845 3012 in
1880 2967 1954 3011 acre
1983 2945 2181 3028 conspicitur
2213 2945 2377 3028 scriptura

1403 3031 1513 3110 incisa,
1543 3031 1589 3097 ita
1615 3033 1715 3098 etiam
1743 3053 1843 3116 quum
1873 3033 2010 3100 affectus
2038 3043 2116 3097 sunt
2149 3030 2244 3096 infixi
2274 3030 2378 3098 cordi·

1401 3117 1462 3182 bus
1485 3117 1665 3198 bominum,
1695 3119 1766 3203 ipsa
1795 3119 1950 3202 iniquitas
1973 3125 2022 3184 est
2043 3126 2176 3184 exarata
2198 3119 2233 3181 in
2256 3117 2377 3183 tabulis

1401 3202 1515 3270 cordia.
1561 3203 1681 3269 Postea
1698 3203 1798 3288 addit,
1821 3204 1866 3270 Et
1886 3205 1930 3271 ad
1951 3224 2070 3272 octauo
2091 3203 2240 3270 ultoriam
2261 3209 2377 3270 erebo-

1401 3309 1482 3355 mm,
1528 3289 1579 3355 De
1601 3289 1696 3356 corde
1722 3291 1877 3375 loquutus
1907 3300 1965 3369 est,
1995 3291 2061 3356 iam
2087 3289 2217 3375 longius
2243 3309 2377 3374 progre-

1402 3375 1499 3454 ditur,
1529 3374 1616 3459 quod
1638 3376 1761 3444 seilicet
1782 3377 2005 3444 testimonium
2029 3376 2211 3459 iniquitatis
2232 3378 2378 3443 occultae

1401 3461 1507 3544 palam
1537 3473 1701 3546 appareat.
1748 3461 1783 3530 Si
1814 3469 1942 3528 tantum
1973 3463 2058 3530 facta
2085 3461 2202 3528 luisset
2230 3460 2376 3528 cordium

463 3543 489 3607 l.
522 3541 685 3610 Peccatum
712 3543 777 3628 (vel
807 3541 925 3629 scelus)
955 3542 1101 3611 Iebudab
1127 3545 1279 3627 scriptam
1306 3551 1350 3611 ecl
1402 3549 1533 3628 mentio,
1554 3557 1709 3631 poterant
1728 3549 1879 3633 excipere
1901 3548 2026 3630 Iudaei,
2053 3547 2142 3631 Quid
2166 3559 2202 3614 tu
2225 3557 2378 3632 penetras

374 3631 409 3695 ia
431 3628 508 3713 stylo
527 3629 610 3712 ferri
633 3627 764 3716 (terreo)
787 3630 865 3696 etia
882 3650 985 3714 copae
1001 3630 1214 3714 cdomatiao,
1238 3650 1351 3698 accro-
1400 3633 1434 3697 in
1457 3633 1555 3699 corda
1577 3635 1711 3700 nostra?
1733 3656 1777 3701 an
1800 3643 1835 3699 tu
1858 3636 1950 3701 Deus
1973 3655 2017 3714 es,
2040 3635 2096 3719 qui
2117 3635 2267 3700 excutias
2287 3653 2377 3700 aroa-

374 3719 439 3780 tum
461 3734 556 3796 super
577 3715 714 3783 tabulam
736 3716 839 3782 cordia
864 3735 978 3800 eoram,
1009 3716 1100 3782 etad
1128 3735 1246 3783 cornua
1272 3717 1350 3784 olla
1401 3738 1462 3785 nos
1483 3718 1643 3786 affectus?
1665 3721 1723 3787 sed
1744 3721 1906 3805 propbeta
1928 3720 2087 3806 adiungit,
2110 3721 2189 3787 satis
2210 3720 2377 3804 cognitam

374 3801 460 3866 riom
483 3805 661 3869 uestrorum.
1401 3824 1472 3872 esse
1509 3805 1715 3889 iniquitatem
1759 3807 1794 3872 in
1831 3806 1989 3873 altaribus
2026 3807 2182 3891 ipsorum.
2242 3805 2378 3871 Interea

1401 3891 1573 3975 siguificat,
1601 3893 1727 3958 frustra
1749 3913 1804 3960 eos
1831 3892 2009 3959 obtendere
2038 3912 2156 3958 nomen
2187 3891 2376 3978 religionis:

461 3969 627 4055 Propheta
655 3973 729 4040 aliis
755 3972 864 4040 verbis
892 3971 985 4040 dccet
1012 3974 1097 4057 quod
1126 3975 1255 4058 saepius
1283 3975 1347 4040 iam
1400 3979 1553 4059 quoniam
1577 3977 1639 4044 boc
1660 3979 1792 4045 nomine
1814 3980 1959 4044 maxime
1987 3990 2066 4046 sunt
2092 3977 2243 4046 scelerati
2264 3997 2377 4044 coram

371 4057 524 4140 vidimus,
558 4079 675 4142 nempe
704 4061 828 4126 trustra
857 4057 995 4124 Iudaeos
1025 4080 1181 4142 quaerere
1210 4060 1347 4144 effugia:
1399 4062 1481 4140 Dec,
1514 4065 1568 4148 qui
1599 4066 1789 4131 vitiaverint
1819 4085 1938 4149 purum
1971 4065 2042 4131 eius
2074 4064 2209 4130 cultum.
2260 4063 2307 4130 Et
2336 4061 2377 4127 ad

370 4144 522 4228 quoniam
547 4157 713 4228 peccatum
732 4145 878 4230 ipsorum
900 4145 1088 4229 pervenerit
1111 4146 1151 4212 ad
1179 4148 1346 4213 cumulum
1399 4150 1680 4217 confirmationem
1704 4151 1803 4217 huius
1823 4153 1870 4217 rei
1894 4151 2054 4235 adiungit,

371 4249 484 4312 usque.
536 4229 643 4315 Saepe
672 4231 759 4296 enim
789 4233 967 4317 continget,
999 4231 1146 4297 homines
1174 4232 1255 4299 labi:
1289 4233 1346 4298 sed

370 4315 463 4382 Deus
485 4316 542 4400 qui
569 4316 721 4401 proclivis
750 4321 801 4382 est
830 4317 870 4382 ad
901 4315 1162 4396 misericordiam,
1191 4319 1345 4403 ignoscit:
1486 4321 1516 4386 2.
1548 4313 1723 4390 &eandam
1745 4323 1905 4391 recordari
1924 4321 2009 4404 filice
2036 4323 2179 4406 ipsorum
2210 4321 2287 4410 (boo
2318 4331 2378 4403 est,

372 4399 489 4467 deinde
521 4421 618 4486 saepe
652 4402 784 4468 levitate
818 4403 991 4485 rapiuntur
1029 4403 1194 4481 homines,
1235 4415 1269 4469 et
1300 4404 1348 4469 ita
1399 4426 1500 4489 quum
1523 4428 1686 4476 memores
1708 4419 1807 4477 erunt
1836 4408 1895 4473 tilii
1923 4408 2083 4496 ipsorum)
2113 4411 2266 4477 ultoriam
2291 4411 2378 4492 ipsc-

372 4486 495 4554 soelcra
534 4508 647 4553 eorum
684 4507 751 4554 non
789 4498 868 4553 sunt
903 4490 948 4555 ita
984 4489 1148 4572 insculpta
1183 4489 1345 4556 cordibus.
1398 4512 1479 4573 rum,
1509 4494 1697 4561 etloocmm
1718 4497 1858 4579 ipsoram
1886 4513 1982 4578 cuper
2010 4495 2153 4562 arboren
2180 4496 2376 4580 frondosam,

370 4573 529 4639 Ieremias
551 4595 629 4658 ergo
652 4573 730 4639 dicit
753 4571 836 4638 nihil
859 4572 946 4640 aliud
974 4596 1045 4641 esse
1074 4573 1252 4656 residuum,
1283 4576 1346 4641 nisi
1396 4597 1491 4661 super
1511 4578 1602 4647 colles
1623 4581 1767 4649 acatos

371 4669 408 4726 ut
431 4661 624 4745 exstinguat
646 4660 738 4725 Deus
783 4669 892 4726 entem
923 4660 1023 4740 illam,
1053 4659 1130 4744 quia
1159 4660 1202 4728 sit
1232 4660 1345 4744 despe-

371 4754 443 4811 rata
464 4749 535 4812 cius
556 4745 720 4828 iniquitas.
801 4765 852 4810 am
882 4745 910 4812 si
937 4745 1055 4813 leviter
1084 4747 1208 4830 aspersi
1238 4759 1348 4813 essent
1484 4751 1559 4816 Non
1589 4751 1745 4820 videntur
1771 4752 1852 4820 mibi
1881 4754 2042 4838 attingere
2073 4753 2273 4836 interpretes
2301 4771 2378 4836 pro·

373 4831 470 4913 vitiis,
494 4844 580 4898 essct
603 4829 710 4897 adbuc
733 4829 863 4915 aliquod
894 4831 1083 4899 remedium.
1130 4831 1197 4900 Sed
1228 4834 1282 4900 ubi
1312 4835 1345 4899 in
1399 4835 1517 4919 phetae
1539 4847 1693 4918 mentem,
1718 4839 1834 4906 saltem
1864 4860 1932 4905 rem
1963 4841 2066 4923 ipsum
2097 4859 2163 4904 non
2192 4839 2273 4906 satis
2302 4857 2378 4920 per·

371 4917 477 5002 eorde,
512 4927 544 4983 et
573 4917 608 4982 iu
639 4915 801 4998 medullis,
833 4929 866 4983 ot
899 4917 1025 4985 ostibus
1058 4917 1241 5002 insculptae
1269 4930 1347 4987 sunt
1396 4923 1509 5005 spicue
1532 4923 1713 5008 designant.
1757 4925 1972 5009 Prosequitur
1997 4927 2117 5009 itaque,
2148 4945 2220 4992 mec
2242 4923 2377 5002 iudicio,

371 5002 574 5085 iniquitates,
614 5001 692 5088 quid
734 5003 874 5086 amplius
907 5004 1032 5070 restat?
1074 5005 1346 5089 quemadmodum
1398 5010 1482 5091 quod
1506 5006 1590 5073 dixit
1611 5011 1646 5074 in
1668 5012 1733 5078 fine
1761 5013 1901 5095 proximi
1926 5032 2050 5092 versus,
2079 5031 2197 5094 nempe
2218 5009 2377 5094 iniquita-

370 5088 581 5240 llllrlil
591 5089 835 5241 ’allnpllll
855 5090 1212 5259 titillabit:
1228 5091 1347 5244 pilli
1397 5093 1996 5251 ttlthttltt‘lttttttt
2012 5096 2377 5250 “lttl‘tttttt‘

370 5260 423 5324 vel
447 5259 616 5344 panthera,
643 5263 680 5328 tu
703 5261 767 5328 eris
791 5280 918 5346 semper
939 5261 1056 5330 similis
1079 5263 1135 5328 tui.
1180 5261 1237 5330 Sic
1258 5264 1346 5330 enim
1398 5267 1535 5332 mittunt
1557 5265 1599 5332 ad
1621 5205 1766 5353 posterds
1788 5269 1946 5354 quidquid
1975 5271 2016 5336 ab
2045 5205 2127 5354 ipsid
2151 5205 2376 5354 eioogiutum

370 5347 502 5431 penitus
532 5345 729 5414 imbiberant
756 5353 788 5414 ot
817 5355 1040 5431 contemptum
1069 5345 1142 5432 Dei,
1170 5359 1203 5414 et
1232 5360 1345 5416 contu·
1398 5351 1460 5418 luit
1490 5353 1531 5418 ad
1564 5353 1681 5438 impios
1712 5355 1830 5422 cultus.
1883 5356 1936 5422 En
1970 5354 2130 5441 quomodo
2163 5365 2298 5422 exarata
2331 5353 2379 5419 sit

560 3341 698 3412 CAPUT
725 3342 1161 3413 DECIMUMSEPTlMUM.
