5176 6106
223 434 282 501 401
806 475 813 488 ·
915 432 964 499 IN
986 429 1236 498 laesurum.
1281 427 1380 495 OAP.
1403 427 1538 494 XXIII.
2160 437 2230 506 402

222 619 435 703 temporalem
457 619 648 700 vindIctam,
677 628 712 686 et
734 641 836 704 nsque
858 619 899 686 ad
922 617 1049 685 obusti
1071 616 1194 682 adven·
1247 635 1342 698 stupor
1373 635 1427 682 aas
1457 615 1613 682 ηιαῦίιὲαικ
1645 617 1800 684 caueam
1837 623 2027 702 eeshamm,
2066 625 2143 692 dteit
2175 626 2228 694 Ie-

222 716 302 786 tum,
325 725 521 789 quanquam,
544 715 581 772 ut
601 715 715 790 postea
737 705 930 786 videbimus,
951 705 1059 788 caepit
1080 723 1196 768 rursus
1247 701 1354 768 bovata

1247 786 1457 939 estse
1476 791 1580 938 ur
1601 787 1936 956 uersu
1959 795 2226 947 tues

223 960 379 1027 „roncum
411 971 463 1026 ese
494 963 596 1046 igitur
630 982 734 1045 usque
766 963 807 1028 ιι
838 975 967 1046 empus
994 960 1135 1040 curtati,
1168 959 1197 1024 u
1244 958 1365 1040 facum
1386 977 1440 1023 eas
1461 958 1504 1023 ae
1524 958 1634 1024 aaut
1654 977 1742 1039 eas,
1767 929 2052 1044 esmeueeeir,
2074 966 2227 1032 emeat

223 1046 362 1112 velimus
390 1046 564 1114 conelliare
593 1047 675 1112 haec
699 1047 763 1113 duc
791 1047 906 1127 simul,
936 1067 1020 1130 quae
1041 1045 1198 1113 videntur
1241 1043 1458 1125 plicabuntur.

222 1151 379 1217 pugnare,
399 1152 516 1215 nempe
531 1132 618 1215 quod
634 1131 805 1200 Ieohnnias
822 1133 923 1199 fucrit
937 1131 1049 1198 orbus:
1071 1129 1197 1208 deiude,

222 1216 308 1301 quod
337 1237 509 1301 nunquam
539 1218 678 1288 deluerit
709 1237 876 1284 successor
905 1237 948 1284 ex
976 1217 1101 1282 semiue
1128 1215 1196 1280 Da·
1334 1213 1399 1278 Hic
1420 1212 1580 1296 propheta
1602 1213 1840 1281 restitutionem
1865 1217 2019 1284 ecclesiae
2041 1222 2221 1302 promittit:

222 1304 317 1383 vidis,
345 1323 465 1387 nempe
490 1304 567 1386 quia
594 1305 676 1370 haec
704 1305 827 1370 orbitas
856 1303 1008 1369 nonfuit
1030 1304 1093 1369 nisi
1115 1310 1195 1366 tem·
1247 1298 1305 1364 scd
1328 1299 1483 1364 admonet
1504 1319 1571 1362 nou
1593 1319 1665 1366 ease
1687 1319 1746 1365 cur
1768 1302 1828 1367 sihi
1849 1313 2024 1387 propterea
2048 1304 2224 1373 blanditias

221 1388 355 1474 poralis.
400 1387 480 1454 Fuit
512 1397 622 1454 antem
655 1390 852 1474 interruptio
884 1388 942 1454 illa
976 1389 1100 1473 gratIae
1133 1386 1195 1452 Dei
1247 1385 1383 1451 faciant.
1401 1384 1608 1469 hypocritae,
1643 1387 1834 1466 praesertim
1867 1409 1944 1467 rex,
1977 1400 2013 1454 et
2045 1391 2225 1458 consiliarii

220 1474 315 1540 velut
335 1473 488 1540 interitus
516 1474 665 1557 quidam:
699 1474 755 1540 sed
778 1492 930 1542 successu
961 1474 1117 1557 temporis
1139 1491 1194 1554 ap·
1247 1470 1327 1550 eius,
1351 1479 1384 1534 et
1405 1467 1598 1536 sacerdotes.
1632 1471 1739 1536 Mista
1756 1472 1859 1556 igitur
1876 1485 1926 1539 est
1948 1475 2030 1541 haec
2052 1476 2226 1560 prophetia

220 1560 342 1643 paruit,
367 1558 478 1625 Deum
499 1580 629 1643 semper
651 1561 751 1626 tuisse
772 1579 951 1626 memorem
974 1559 1113 1625 laederis
1134 1558 1192 1635 sni,
1246 1577 1287 1621 ex
1311 1554 1579 1639 promissionibus
1607 1564 1640 1622 et
1667 1556 1774 1623 minis.
1821 1558 1914 1624 Deus
1942 1562 2030 1625 enlm
2062 1564 2224 1645 promittit

220 1648 319 1746 ctiam
352 1664 417 1744 quo
445 1655 591 1729 tempore
617 1645 709 1746 visus
731 1647 847 1745 ,Inerat
874 1644 1003 1746 oblitus.
1048 1646 1094 1710 Ee
1116 1644 1193 1743 ,³⁶9⁰
1246 1662 1282 1707 se
1304 1639 1433 1740 tandem
1456 1642 1524 1742 lore
1542 1641 1869 1746 propitiumlmiseris
1887 1643 2027 1725 Iudaeis,
2052 1657 2223 1730 postquam

220 1729 1193 1895 tutelstete,'tttttttttttt'tlttlttt
1246 1733 1701 1897 tttt⁸ttttt‘¹t„tttt
1720 1730 2039 1898 ttttttt‘etttt
2053 1733 2223 1885 ilffillh

220 1921 326 1985 usque
349 1900 428 1968 dum
451 1902 565 1968 veniat
594 1904 686 1967 cuius
715 1911 775 1968 est.
819 1901 892 1968 Illic
922 1901 1021 1967 etiam
1044 1899 1193 1967 Ezechiel
1246 1898 1286 1965 ad
1316 1918 1351 1964 se
1380 1897 1513 1962 trahant
1541 1917 1633 1980 spem
1665 1898 1791 1978 salutis,
1827 1922 1847 1965 a
1878 1921 1945 1984 qua
1977 1921 2013 1967 se
2045 1905 2132 1986 ipsos
2164 1925 2223 1970 ex·

219 1989 319 2053 tertio
353 1988 472 2072 repetit
503 1987 585 2053 illud
620 1987 811 2054 detrahere:
843 1989 935 2070 quasi
966 1986 1096 2066 diceret,
1129 2005 1192 2050 uon
1245 1984 1412 2049 cluserunt
1433 2005 1493 2049 sua
1513 1983 1688 2066 impietate.
1734 1984 1797 2051 Est
1819 1995 1928 2051 autem
1951 1988 2014 2054 hoc
2036 1996 2151 2054 notatu
2174 1989 2224 2055 di·

218 2074 332 2158 pauois
354 2077 485 2138 tautum
507 2073 685 2150 mensibus,
707 2073 761 2139 rel
784 2073 881 2138 aunis
902 2092 1041 2156 reguum
1057 2071 1194 2137 Desidia
1246 2089 1362 2154 guum,
1398 2070 1474 2152 quta
1511 2069 1611 2134 simul
1644 2089 1682 2134 ac
1713 2071 1850 2136 offertur
1883 2072 1946 2137 Dei
1989 2073 2223 2154 misericordia,

219 2158 349 2224 nullum
370 2158 448 2236 tore,
478 2159 535 2224 sed
558 2160 714 2224 cautinum
736 2160 820 2224 serie
840 2158 1017 2223 multarum
1039 2165 1192 2222 aetatum.
1245 2155 1434 2238 hypocritae
1456 2154 1497 2220 ad
1520 2175 1555 2220 se
1584 2155 1716 2236 repient
1745 2156 1904 2240 quidquid
1925 2157 2018 2223 Deus
2048 2160 2223 2242 promittit,

219 2245 295 2310 Nou
318 2244 434 2310 mirum
456 2245 558 2328 igitur
579 2244 733 2327 estquod
758 2244 811 2310 hic
832 2243 1005 2309 denuntiat
1026 2241 1193 2326 propheta,
1246 2247 1280 2306 et
1301 2241 1405 2323 magis
1427 2261 1465 2305 ac
1486 2260 1540 2305 ma
1565 2238 1590 2307 is
1612 2241 1823 2323 insolescunt,
1846 2262 1884 2310 ac
1904 2245 1931 2308 si
1955 2251 2108 2310 tenerent
2130 2246 2222 2310 illum

218 2331 335 2396 orbum
357 2331 427 2394 tore
449 2329 648 2407 Iechauiam,
679 2329 755 2412 quia
777 2329 891 2396 multis
918 2326 1056 2395 saecuIIs
1086 2328 1193 2394 tristes
1246 2325 1307 2391 sibi
1329 2325 1513 2392 obnoxium.
1542 2259 1735 2410 lmpuuitas
1753 2329 1842 2393 euim
1862 2330 1966 2412 magis
1988 2329 2061 2396 illus
2083 2331 2223 2413 impellit

218 2415 296 2480 illae
325 2415 441 2480 ruinae
470 2424 622 2500 poteraut
651 2415 876 2498 desperatione
905 2416 1044 2480 obruere
1071 2413 1192 2491 fideles,
1246 2412 1287 2477 ad
1311 2410 1461 2494 peccandi
1485 2412 1659 2478 licentiam.
1704 2411 1793 2480 Hinc
1815 2415 1862 2493 iit,
1892 2426 1928 2479 ut
1949 2415 2071 2480 iactent
2092 2437 2128 2481 se
2150 2417 2222 2483 fore

216 2521 318 2583 quum
347 2501 499 2565 viderent
530 2501 649 2567 calcari
682 2501 799 2565 solium
829 2500 969 2566 Doridis
1001 2519 1075 2566 cum
1102 2500 1193 2582 igno·
1246 2497 1367 2562 salvos:
1399 2497 1473 2579 quia
1495 2498 1561 2562 siut
1582 2497 1725 2581 populus
1748 2499 1821 2565 Dei.
1867 2499 1957 2583 Ilrgo
1981 2501 2144 2583 propheta
2166 2503 2220 2568 hic

217 2585 321 2650 minia
342 2589 376 2650 et
398 2581 547 2650 ludihrio.
594 2586 687 2651 Haec
713 2587 816 2670 igitur
843 2585 925 2651 ratic
952 2593 1004 2650 est
1025 2605 1086 2650 cur
1107 2583 1194 2650 dicat
1245 2582 1349 2659 docet,
1384 2581 1539 2665 quidqud
1573 2585 1736 2666 promittit
1767 2584 1859 2651 Deus
1891 2586 2005 2652 electis
2039 2586 2118 2665 suis,
2152 2607 2220 2651 ncu

217 2671 327 2736 orbum
342 2670 431 2752 fore:
454 2669 580 2750 deiude,
597 2677 691 2738 totam
709 2672 777 2737 eius
787 2673 1000 2752 posteritatem
1015 2670 1083 2752 fore
1099 2671 1191 2737 male·
1245 2677 1394 2751 spectare
1426 2667 1607 2750 prominens
1635 2669 1676 2734 ad
1706 2689 1828 2750 omues,
1864 2691 1925 2737 nec
1947 2671 2065 2736 debere
2088 2672 2225 2738 extendi

216 2757 344 2823 aeae
389 2754 456 2821 Sed
478 2757 578 2823 simul
600 2757 743 2822 tenenda
764 2766 814 2821 est
836 2756 894 2820 illa
922 2758 1081 2839 exceptio,
1110 2776 1193 2838 quac
1245 2753 1286 2818 ad
1313 2753 1509 2838 hypocritas,
1543 2755 1598 2837 qui
1628 2755 1709 2820 lalso
1738 2756 1961 2840 praetendunt
1989 2758 2061 2822 eius
2088 2777 2222 2822 nomeu:

216 2842 414 2924 exprimitur
443 2843 529 2925 apud
564 2843 703 2907 alterum
733 2843 943 2925 prophetam,
973 2841 1085 2924 Usque
1113 2841 1191 2905 dum
1244 2838 1301 2904 sed
1325 2839 1533 2920 peculiariter
1548 2839 1660 2905 offerri
1679 2838 1799 2919 electis,
1822 2840 1975 2924 quamvis
1993 2842 2061 2906 sint
2078 2843 2221 2926 exiguus

215 2928 330 2992 veniat
351 2928 445 2993 cuius
466 2936 516 2994 est
538 2927 696 2993 diadema.
742 2927 933 3009 Repositum
965 2927 1054 2992 euim
1076 2927 1136 2991 luit
1157 2927 1192 2990 iu
1245 2925 1416 2989 homiuum
1445 2944 1614 3001 numerus,
1644 2924 1762 2991 deiude
1790 2928 1941 3009 quamvis
1969 2928 2038 2991 sint
2066 2925 2222 3010 despecti.

216 3013 347 3079 Christi
368 3015 482 3096 capite,
513 3014 665 3097 quamvis
691 3012 732 3077 ad
755 3014 890 3096 longum
920 3021 1049 3095 tempus
1080 3013 1193 3078 luisset
1244 3010 1358 3075 Primo
1374 3018 1480 3073 autem
1497 3010 1583 3090 dicit,
1599 3009 1691 3078 Heus
1706 3017 1860 3093 pastores
1876 3013 1933 3096 qui
1948 3013 2097 3094 peotes.
2129 3002 2221 3080 Haec

215 3100 400 3165 subiectum
433 3098 597 3177 dedecori,
631 3107 664 3164 et
696 3099 824 3182 probris
855 3099 1000 3164 omnium
1035 3098 1191 3181 gentium.
1244 3095 1332 3160 iuter
1352 3116 1388 3160 se
1410 3096 1572 3160 cautrarIa
1602 3105 1689 3176 suut,
1719 3107 1883 3180 pastorem
1911 3117 1983 3164 esse
2015 3111 2046 3163 et
2077 3100 2221 3182 perdito·

215 3185 280 3250 Est
302 3191 412 3249 autem
443 3185 506 3250 boc
535 3184 616 3249 utile
646 3185 793 3268 cognitu,
826 3205 928 3267 quum
961 3183 1114 3249 docemur
1146 3181 1193 3246 sic
1245 3200 1330 3244 rem:
1360 3179 1418 3245 sed
1439 3181 1585 3247 macedit
1606 3180 1672 3247 illis
1696 3201 1816 3247 nomeu
1838 3183 1937 3263 istud,
1960 3183 2140 3266 quoderat
2164 3186 2223 3249 ho·

215 3269 328 3334 Deum
361 3268 424 3335 sIbi
452 3289 582 3353 semper
614 3282 772 3344 constare,
805 3281 843 3334 ut
866 3288 1032 3352 nunquam
1065 3266 1194 3333 excidat
1246 3265 1431 3333 norificum:
1458 3265 1582 3333 interea
1609 3266 1736 3333 deridet
1762 3269 1879 3335 falsam
1908 3289 2021 3335 eorum
2051 3271 2223 3355 gloriatin-

212 3355 339 3434 soedus,
369 3355 454 3438 quod
477 3354 603 3442 pepigit
624 3375 700 3420 curu
723 3353 866 3437 Christo,
891 3365 924 3419 et
946 3373 1020 3420 cum
1043 3354 1193 3418 omuibus
1245 3370 1332 3434 uem,
1360 3350 1447 3434 quod
1469 3357 1624 3434 putarent
1653 3373 1712 3419 sua
1741 3354 1866 3438 flagitia
1893 3356 1954 3420 sub
1982 3354 2044 3421 hnc
2075 3356 2222 3422 fallacIac

214 3443 288 3506 eius
309 3443 477 3506 membris:
500 3450 533 3506 et
551 3453 660 3506 tamcu
683 3460 804 3523 poenas
826 3440 867 3505 de
886 3440 1063 3525 hypocritis
1084 3447 1194 3505 sumat
1245 3438 1362 3502 umbra
1384 3437 1460 3522 tegi.
1495 3435 1654 3518 Quamvis
1676 3459 1754 3522 ergo
1775 3447 1924 3523 pastores
1947 3439 2100 3525 appellet,
2124 3443 2221 3506 simul

214 3547 321 3608 usque
342 3527 383 3590 ad
406 3527 593 3592 interitum:
629 3524 904 3610 quemadmodum
927 3526 1025 3610 longa
1049 3536 1192 3608 tempore
1245 3520 1389 3588 detrahit
1421 3523 1563 3604 larvam,
1597 3535 1630 3590 et
1663 3524 1710 3588 ita
1742 3522 1886 3589 ostendit
1918 3524 1958 3589 de
1992 3526 2098 3590 nihilo
2130 3528 2220 3608 Ipsos

213 3612 243 3676 si
267 3613 340 3694 quis
363 3612 532 3678 ecclesiam
554 3613 590 3676 iu
612 3611 738 3677 mundo
765 3613 972 3695 quaesiisset,
1002 3610 1093 3677 nulla
1120 3618 1193 3676 erat
1245 3609 1422 3692 superbire,
1435 3608 1511 3673 dum
1525 3608 1708 3702 obtendunt
1723 3630 1841 3675 nomeu
1858 3619 2037 3694 pastorum.
2060 3609 2220 3692 Paetcres,

213 3699 249 3762 iu
274 3695 431 3779 speciem:
454 3697 546 3763 Dens
570 3704 679 3763 tamen
701 3697 845 3764 ostendit
866 3719 901 3763 se
919 3719 989 3764 esse
1011 3697 1138 3762 fidelem
1157 3697 1191 3760 iu
1244 3695 1361 3776 iuquit,
1384 3699 1412 3759 et
1428 3693 1613 3774 perditores,
1635 3696 1740 3776 etqui
1760 3695 1928 3778 dissipant,
1952 3696 2005 3760 vel
2024 3695 2220 3780 dispergunt

212 3782 286 3846 suis
308 3783 486 3866 promissis,
520 3803 621 3865 quum
645 3784 754 3849 subita
777 3784 912 3849 emersit
934 3784 1070 3868 populus
1093 3801 1192 3848 evau-
1241 3799 1363 3864 prepara
1378 3797 1568 3860 pascuorum
1585 3799 1732 3846 meorum
1767 3781 1833 3845 Htc
1851 3780 1943 3847 Deus
1960 3799 2092 3845 causum
2110 3791 2222 3846 osten-

213 3867 303 3951 gelio
325 3869 511 3951 regenitus:
534 3867 618 3951 quod
641 3869 750 3952 ipsum
773 3889 839 3934 uon
862 3879 933 3934 erat
955 3869 1084 3951 quIdem
1108 3886 1192 3931 mur·
1245 3866 1294 3930 dit
1311 3885 1369 3930 our
1384 3876 1453 3929 tam
1469 3866 1613 3948 graviter
1630 3875 1822 3933 succensent
1843 3875 1956 3932 contra
1975 3866 2056 3931 istas
2079 3867 2223 3949 perdito·

212 3961 323 4028 tuum,
344 3952 403 4017 sed
424 3964 495 4019 erat
516 3954 609 4037 quasi
633 3954 809 4035 sepultum.
850 3953 982 4019 Veritas
1003 3953 1106 4036 igitur
1126 3951 1192 4016 Dei
1244 3971 1306 4028 res,
1327 3950 1482 4032 quoniam
1502 3970 1600 4032 quum
1617 3953 1826 4037 tyrannidem
1848 3951 2045 4018 exercebant
2063 3953 2222 4022 adsersus

212 4035 426 4121 comprobata
443 4040 506 4104 luit
523 4042 595 4123 ipso
612 4039 738 4116 effectu,
756 4046 790 4105 et
804 4043 915 4104 tamen
933 4037 1082 4104 horribili
1098 4036 1192 4102 modo
1245 4036 1412 4120 populum,
1434 4056 1500 4102 non
1517 4045 1644 4104 tautum
1666 4037 1840 4103 laedebant
1855 4037 2013 4116 homiues,
2037 4038 2094 4104 sed
2110 4038 2220 4106 Deum

213 4123 309 4188 ultus
330 4134 380 4188 est
401 4123 571 4190 bominum
593 4122 874 4208 iugratitudinem,
897 4144 1000 4207 quum
1021 4123 1069 4188 ita
1087 4131 1192 4188 totum
1244 4123 1362 4204 ipsum,
1393 4122 1504 4204 quiin
1528 4143 1619 4189 suam
1642 4123 1740 4188 fidem
1763 4132 1932 4207 receperat
1953 4124 2095 4190 electum
2118 4145 2221 4209 popu·

213 4208 378 4273 mundum
401 4211 598 4277 excaecavit.
644 4210 741 4276 Nunc
763 4211 920 4294 sequitur,
1246 4209 1325 4273 lum.
1370 4207 1496 4272 Verum
1518 4208 1646 4290 quidem
1669 4215 1729 4286 est,
1757 4209 1873 4293 dignos
1896 4210 1996 4275 fuisse
2026 4229 2139 4276 amnes
2162 4211 2220 4278 illa

1246 4294 1466 4378 dissipatione.
1510 4292 1591 4358 Nam
1616 4293 1757 4361 vidimus
1778 4295 1844 4359 iam
1868 4295 2017 4378 pluribus
2038 4296 2128 4376 locis,
2151 4318 2221 4364 nou

1246 4401 1340 4464 posse
1367 4381 1516 4446 excusari
1547 4378 1713 4462 pupulum,
1744 4381 1799 4445 ubi
1828 4380 1989 4463 decipitur
2018 4384 2157 4449 amalis
2187 4391 2221 4449 et

1246 4465 1404 4548 improbis
1427 4463 1572 4545 ducibus,
1599 4466 1759 4547 quiahoc
1783 4467 1878 4532 modo
1900 4467 2092 4550 rependitur
2113 4471 2220 4534 omni·

1246 4551 1307 4616 bus
1339 4553 1427 4617 iusta
1458 4570 1597 4628 merces,
1629 4569 1667 4616 eo
1701 4551 1787 4635 quod
1820 4573 1839 4618 a
1872 4554 2010 4618 miuImo
2044 4575 2147 4637 usquc
2178 4556 2220 4618 ad

386 4640 525 4710 CAPUT
551 4641 796 4712 VIGESIMUM
822 4641 1026 4712 TERTIUM,
1246 4639 1428 4702 maximnm
1457 4656 1570 4702 omnes
1603 4638 1633 4701 in
1667 4659 1702 4704 ec
1734 4639 1817 4702 iram
1850 4638 1914 4704 Dei
1949 4651 2219 4724 provocaverant.

1247 4722 1313 4788 eet
1347 4742 1413 4787 non
1446 4722 1520 4787 ideo
1554 4723 1747 4790 excusabilis
1779 4732 1830 4789 est
1866 4725 2019 4808 impietas
2059 4727 2219 4791 malorum

306 4857 335 4920 1·
365 4855 430 4923 ue
445 4857 637 4941 seems,
666 4857 722 4940 ιιι·
737 4859 877 4938 sedus
898 4863 926 4924 a
946 4859 1104 4941 deseca
1124 4879 1194 4941 ee·
1245 4806 2085 4979 {difficilil⁰blidlid⁰÷⁹¹¹iiiisl⁰i⁸ld
2109 4812 2220 4962 {tlt

213 4963 285 5026 9⁰m
301 4962 493 5025 mmm
513 4964 662 5027 'mmm’
684 4943 761 5010 Μ
783 4943 928 5010 Imm
1246 4979 1409 5063 praefecti.
1460 4978 1555 5045 Deus
1587 5000 1664 5064 erqo
1695 4982 1858 5065 significat
1891 4982 2017 5047 illatam
2050 4982 2114 5047 sibi
2147 5001 2220 5048 csse

304 5061 334 5128 2.
358 5061 529 5142 Propterea
550 5064 597 5130 ste
618 5063 694 5129 dicit
709 5062 843 5128 laborate
864 5063 955 5129 Deus
974 5063 1078 5129 Israel
1098 5083 1195 5146 super
1246 5071 1389 5129 atrocem
1411 5063 1575 5142 iniuriam,
1605 5085 1704 5148 quum
1727 5071 1774 5132 ita
1795 5068 1931 5152 indigne
1958 5067 2135 5149 dissipatus
2158 5070 2220 5133 luit

213 5151 357 5229 pacare
383 5153 546 5229 puseemss
573 5147 725 5231 papalm
756 5168 872 5227 mem,
915 5149 978 5214 Vos
1010 5149 1195 5229 dirsipestie
1247 5149 1393 5232 populus.
1438 5148 1580 5217 Volebat
1602 5153 1688 5217 euim
1716 5174 1788 5218 esse
1816 5172 1966 5218 summus
1993 5162 2114 5235 paster,
2144 5154 2220 5220 sub·

212 5251 340 5316 prepem
360 5252 472 5310 mmm,
494 5239 521 5298 et
541 5233 730 5315 disperdidit,
753 5239 782 5299 et
801 5254 863 5300 nort
880 5235 1035 5300 visitustte
1056 5255 1106 5300 eos
1127 5232 1194 5384 gel
1247 5243 1418 5318 rogaverat
1440 5234 1475 5300 iu
1497 5235 1606 5302 locum
1628 5258 1722 5302 suum
1746 5249 1813 5303 tam
1841 5258 1951 5322 regem
1983 5248 2017 5302 et
2044 5241 2115 5306 eius
2144 5259 2220 5304 con·

216 5338 298 5384 oves
330 5319 449 5405 meas):
483 5319 563 5385 Ecce
592 5339 645 5404 epo
677 5320 810 5384 visItaus
841 5320 916 5406 (hcc
943 5330 1003 5400 est,
1033 5319 1130 5384 visita
1171 5318 1194 5406 ),
1248 5321 1386 5386 siliarios
1415 5339 1513 5402 quam
1538 5325 1635 5388 etiam
1658 5323 1850 5391 sacerdotes.
1894 5323 1991 5390 Nunc
2020 5347 2122 5410 quum
2151 5346 2220 5392 om·

318 5418 431 5476 Octaui
445 5437 540 5490 opera
571 5421 633 5477 Vol.
647 5421 832 5478 XXXVIII.
1981 5426 2015 5481 26
