5158 6124
234 387 297 451 441
354 353 356 360 ’
927 384 977 450 44
1000 383 1249 452 44444444.
1294 382 1392 452 444.
1415 383 1550 452 xxm.
2171 394 2236 460 444

233 572 373 657 intelligi
397 572 495 638 debet
516 571 695 651 meditatio,
718 572 810 657 quasi
833 572 965 650 diaeret,
988 592 1043 636 444
1060 572 1209 638 oonsulto
1261 592 1343 655 quas
1365 573 1464 638 etiam
1486 574 1696 655 corruptelas,
1719 595 1803 657 quae
1824 578 2016 644 444144414
2039 581 2237 649 4444444444

233 657 449 743 praetendere
482 657 641 724 iellaoiter
668 677 790 724 nomen
817 677 924 734 snum,
957 657 1056 740 idque
1089 657 1209 723 babere
1260 658 1365 724 aDei
1387 658 1513 723 timore.
1549 659 1645 724 Duae
1667 660 1769 744 igitur
1790 670 1898 745 pestes
1920 663 2096 748 diligenter
2118 687 2235 734 44444-

233 747 269 812 14
287 743 388 811 eorde
408 764 468 810 suo
489 745 679 826 repositum,
702 753 740 810 ut
758 742 912 826 populum
936 743 1109 827 desipiant.
1142 741 1209 807 Ad·
1261 742 1322 808 dae
1342 756 1420 810 sunt
1441 745 1478 808 14
1499 743 1648 823 44414414,
1676 745 1707 810 41
1728 747 1878 829 4441444
1899 769 2034 816 manere
2056 751 2178 837 integri
2199 755 2235 820 14

235 831 299 911 114,
330 849 397 896 esse
423 828 592 911 prophetes
620 829 687 896 1411
714 829 817 894 444114
838 828 901 894 4441.
945 825 1134 910 Opponitur
1155 827 1209 894 hio
1260 827 1325 894 Dei
1358 829 1522 912 obsequio.
1566 827 1642 894 Una
1675 830 1778 913 pestis
1810 845 1860 898 444
1892 833 1973 900 44414
2006 846 2100 916 nota,
2133 859 2234 921 4444

234 916 327 981 14144
349 913 456 980 444114
477 935 579 996 purae
601 915 783 980 doetrinae:
807 926 840 980 et
860 913 909 978 ite
929 914 1093 996 signifieat
1109 915 1208 990 Deus,
1261 914 1385 980 suilieet
1418 914 1512 997 quasi
1548 935 1589 978 ex
1625 917 1771 997 proiesso
1802 919 1926 985 veritas
1962 925 2163 989 44444441444
2199 925 2234 990 14

234 999 393 1085 44114411
415 999 674 1083 exseipsisin
696 1001 840 1065 441144
866 999 1037 1081 proterunt
1059 999 1209 1064 homiues
1261 999 1481 1077 mendesium,
1514 998 1570 1064 ubi
1594 999 1742 1068 4441444
1765 1001 1806 1066 41
1829 1003 2045 1071 idololatriam
2069 1009 2235 1076 44144144

234 1107 306 1152 esse
335 1085 595 1167 iraudulentum,
630 1086 706 1168 4414
737 1085 862 1152 soilieet
894 1083 977 1150 nihil
1010 1085 1139 1167 prodire
1168 1083 1209 1148 ab
1261 1085 1510 1168 superstitiones
1532 1087 1720 1152 4444444444.
1753 1086 1811 1154 Sio
1828 1088 1985 1156 Ieremias
2007 1092 2086 1157 dioit
2107 1099 2235 1160 44444444

235 1172 315 1256 14414
343 1171 540 1271 4444144141
569 1172 706 1237 4441444.
751 1170 822 1237 Neo
849 1169 986 1269 dubium
1017 1181 1128 1235 44444
1159 1179 1209 1234 444
1254 1169 1408 1253 4444414444
1437 1169 1564 1236 41111444
1589 1172 1690 1271 faisse
1717 1174 1854 1271 4444414414
1876 1174 1939 1240 1141
1965 1177 2001 1242 ia
2023 1176 2121 1246 Beni.
2167 1181 2234 1248 Sed

233 1256 961 1426 1111411111111111111111111
963 1274 1210 1406 blihildis
1260 1255 2234 1428 111111114ῡὲ1111111111111411141111111

234 1450 269 1496 se
299 1428 385 1495 soloe
419 1446 551 1509 sapere:
584 1425 858 1510 quemadmodum
892 1426 988 1492 44114
1018 1429 1054 1492 14
1088 1436 1208 1508 papatu
1260 1448 1318 1510 per
1340 1426 1477 1492 insidias
1499 1426 1707 1493 abduountur
1729 1428 1920 1495 hominene
1942 1432 2059 1500 timore
2081 1434 2156 1519 Dei,
2182 1437 2234 1502 441

233 1534 330 1598 4444
360 1523 552 1597 arroganter
584 1513 750 1578 blaterant
783 1512 963 1578 nebulones
991 1509 1049 1590 illi,
1083 1510 1209 1593 quoties
1260 1512 1442 1594 asimplioi
1465 1514 1536 1577 4144
1558 1514 1659 1594 44144,
1688 1523 1721 1580 44
1742 1534 1762 1579 4
1783 1535 1868 1597 4444
1890 1516 2046 1599 doctrine,
2076 1521 2234 1602 quemad·

234 1599 387 1684 garriunt
408 1599 449 1663 14
470 1600 539 1664 4414
562 1597 749 1684 figmentis?
780 1597 872 1664 Nihil
895 1609 946 1662 444
968 1597 1073 1680 magis
1095 1595 1208 1678 iusipi·
1260 1596 1392 1663 modum
1415 1596 1511 1662 bodie
1533 1596 1683 1664 4114444
1705 1600 1804 1664 44144
1826 1603 1861 1665 14
1880 1602 2034 1688 ecelesiis,
2056 1625 2140 1687 4444
2162 1628 2234 1689 pro·

234 1686 323 1762 144,
345 1684 403 1750 441
425 1692 536 1749 tamen
559 1692 676 1766 putant
697 1703 733 1749 44
750 1703 906 1766 superero
928 1683 1063 1766 angelos
1085 1695 1118 1746 44
1135 1703 1209 1748 aou-
1260 1684 1398 1750 fitentur
1426 1704 1461 1749 44
1490 1681 1666 1749 disortium
1699 1685 1814 1751 1441444
1834 1708 1855 1750 4
1877 1695 1997 1770 444444
2028 1699 2067 1755 44
2093 1692 2234 1774 444144·

233 1771 323 1836 4144
359 1779 394 1834 44
427 1769 504 1834 eltis
539 1769 825 1852 speonlationibns.
883 1767 974 1833 14114
1010 1769 1113 1852 igitur
1147 1765 1210 1832 1414
1261 1779 1374 1834 tantur
1396 1768 1559 1851 evangelii
1589 1769 1782 1853 doetrinam,
1814 1792 1884 1838 4444
1913 1784 2023 1840 tamen
2053 1777 2235 1858 permultos

234 1855 423 1939 arrogantie
443 1855 479 1920 in
502 1855 668 1920 veteribus
690 1853 992 1937 pseudoprophetis.
1031 1852 1099 1918 Sed
1118 1852 1209 1918 Deus
1261 1854 1316 1938 441
1346 1853 1504 1920 insidiose
1536 1865 1753 1938 eorrumpuut
1784 1856 1965 1939 simplieem
1996 1869 2029 1925 et
2058 1861 2235 1944 genuinam

234 1941 424 2024 pronuntiat
456 1940 648 2022 simplieiter
677 1959 748 2006 esse
781 1939 887 2005 dolum
915 1939 1020 2005 cordis
1052 1936 1207 2021 quidquid
1261 1938 1459 2006 doetriuam:
1492 1939 1643 2008 videmus
1676 1962 1773 2023 4444
1804 1943 1902 2008 44141
1934 1945 2056 2011 4441441
2085 1945 2236 2016 hominen

233 2023 1208 2109 1444144444441444,444411441144444144444441444
1260 2043 1349 2090 nuno
1380 2024 1490 2090 omnia
1523 2027 1720 2092 oouturbeut
1752 2029 1821 2092 4414
1854 2031 2038 2112 figmentis,
2071 2040 2106 2096 44
2135 2052 2234 2116 qnam

232 2111 417 2193 eooeperint
439 2131 482 2175 ex
499 2131 555 2176 ore
572 2111 652 2176 4144.
684 2110 730 2175 114
750 2110 811 2176 hoo
831 2110 1008 2193 diligenter
1029 2108 1208 2175 notandum
1259 2117 1468 2192 praepostere
1500 2111 1597 2176 multi
1629 2112 1767 2178 subtiles
1796 2133 1867 2179 esse
1901 2125 2074 2197 appetant:
2107 2117 2235 2200 141414,

233 2205 297 2262 est:
318 2198 394 2280 quia
410 2195 599 2279 plausibiles
618 2204 698 2262 4444
714 2196 840 2262 multas
857 2197 1014 2279 argutiae,
1036 2195 1208 2278 inquibus
1230 2259 1231 2262 ,
1260 2215 1357 2278 4444
1380 2195 1520 2278 4444444
1541 2195 1637 2262 44141
1663 2218 1723 2280 pro
1744 2198 1885 2264 44444114
1908 2211 2043 2266 vomant
2064 2223 2125 2268 444
2148 2225 2235 2270 oom-

231 2292 342 2348 temen
365 2281 449 2347 nihil
477 2281 592 2347 subest
619 2283 770 2347 firmum:
803 2283 969 2346 1444444
996 2299 1103 2364 nugae
1125 2280 1207 2345 dun·
1260 2291 1382 2346 menta.
1418 2281 1510 2364 Ergo
1532 2303 1598 2346 non
1622 2293 1749 2348 444444
1772 2284 1934 2350 44444444
1955 2305 2016 2352 444
2038 2299 2174 2370 oportet,
2198 2298 2236 2354 44

233 2377 333 2434 taxat.
368 2367 406 2433 ei
424 2366 555 2450 444414
575 2367 678 2452 igitur
694 2367 788 2433 44414
808 2366 973 2431 arrideant
995 2366 1111 2432 inanes
1131 2364 1208 2432 illae
1261 2367 1348 2432 eeuti
1369 2367 1751 2450 simuseontraapertas
1773 2369 2038 2451 abominationes,
2060 2372 2234 2440 sedetiam

232 2453 464 2536 oogitationes,
504 2463 676 2520 teneamus
713 2451 801 2535 qaod
837 2451 892 2519 hio
928 2451 1007 2517 11414
1041 2451 1208 2530 Ieremias,
1262 2463 1300 2516 44
1321 2451 1520 2517 4441444444
1543 2472 1660 2535 pamm
1683 2462 1717 2519 et
1738 2453 1879 2536 simplex
1902 2455 1965 2520 Dei
1989 2457 2143 2534 verbum,
2173 2460 2236 2526 hoo

232 2537 388 2623 quidquid
411 2559 431 2603 a
452 2537 526 2602 Deo
548 2546 687 2603 nonest
716 2541 897 2621 profestum
925 2537 1125 2603 4444141444
1146 2555 1209 2602 cor-
1260 2547 1321 2617 est,
1351 2557 1391 2602 44
1414 2537 1642 2620 permittemus
1674 2539 1766 2605 141414
1794 2541 1951 2622 operariis
1978 2542 2154 2627 quidquam
2177 2565 2235 2628 444

231 2625 300 2692 dis:
323 2622 451 2702 141414,
474 2624 623 2705 4444414
645 2633 734 2688 44444
757 2622 900 2688 444144
920 2621 1095 2706 444144144
1117 2643 1207 2687 444·
1259 2621 1397 2688 insidias
1418 2622 1470 2690 vel
1493 2641 1702 2707 eorrumpere
1724 2624 1777 2692 441
1799 2625 1926 2692 4141444.
1973 2624 2139 2710 Sequitur,

232 2709 334 2774 dusiis
366 2717 401 2774 et
432 2708 641 2791 1444444414,
677 2709 819 2774 4414444
852 2719 961 2772 tameo
997 2727 1069 2772 esse
1098 2706 1206 2772 414144

231 2792 390 2878 44114411
413 2814 479 2859 444
503 2793 602 2858 babet
623 2792 734 2859 Deum
756 2794 864 2876 14444
887 2802 1044 2859 autorem.
1088 2792 1135 2857 114
1157 2814 1206 2859 ss·
1344 2792 1396 2858 28.
1426 2789 1583 2871 Propheta
1609 2795 1698 2875 opud
1718 2815 1810 2878 444444
1830 2801 1875 2862 444
1895 2797 2062 2881 sommam,
2089 2799 2236 2866 44444111

232 2881 344 2961 441444
365 2878 484 2945 olarior
505 2879 661 2958 delinitio,
691 2879 777 2962 4441
800 2879 923 2945 44111444
939 2877 1094 2962 populum
1114 2898 1208 2943 44444
1257 2878 1429 2958 4444414444,
1461 2880 1603 2961 41444441
1634 2898 1725 2961 444444
1755 2886 1802 2946 441
1829 2901 1929 2948 semo
1955 2901 2057 2966 444444,
2089 2884 2236 2950 narrabit

232 2964 372 3032 4141141441
396 2965 519 3047 ferient
538 2965 676 3031 44441414
697 2966 826 3046 4441444
847 2964 980 3046 4444414,
1010 2963 1207 3046 4444441444-
1258 2982 1428 3029 ssrrrroaem
1455 2981 1559 3028 meam
1579 2966 1739 3031 4441444144
1768 2965 1848 3049 qaid
1869 2967 1984 3049 paleae
2004 2967 2048 3034 od
2069 2969 2233 3036 1414144441

231 3050 309 3116 1444
328 3055 441 3133 potres
460 3070 568 3117 eoram
589 3049 676 3116 411141
694 3050 824 3131 [44444444
843 3069 906 3131 per
926 3047 1026 3116 Boot.
1069 3049 1123 3114 Ex
1145 3050 1208 3114 boo
1258 3048 1335 3114 11414
1356 3046 1504 3115 14144441.

231 3156 330 3203 versu
352 3135 505 3220 oolligere
526 3135 612 3218 lieet,
641 3156 707 3201 non
729 3135 838 3219 palam
861 3134 961 3200 141444
982 3134 1065 3218 legis
1086 3133 1206 3211 hostes,

231 3239 307 3286 oum
329 3221 449 3303 quibus
469 3230 637 3287 oertameu
667 3221 780 3287 habuit
799 3219 976 3285 Ieremias:
1010 3239 1087 3285 nam
1116 3227 1207 3284 teue-
1345 3218 1411 3285 Hie
1433 3219 1533 3286 etiem
1557 3240 1671 3288 versus
1692 3230 1817 3288 attente
1838 3223 1997 3309 legendus
2018 3233 2078 3302 est,
2101 3229 2135 3290 44
2156 3245 2234 3292 oon·

232 3308 313 3373 4444
340 3305 449 3371 multa
473 3305 634 3388 prineipia
666 3307 815 3390 pietatis:
849 3305 911 3371 hoo
937 3303 1005 3370 illis
1034 3325 1208 3370 4444444
1260 3305 1343 3370 41444
1375 3316 1463 3372 oerte
1496 3304 1677 3372 deotriuam
1711 3309 1859 3391 apprime
1893 3309 2018 3376 utilem.
2062 3310 2134 3376 Iam
2165 3311 2235 3378 dixi

232 3399 304 3458 erat
325 3413 401 3459 oum
423 3391 556 3474 optimis
577 3401 610 3456 et
629 3391 765 3456 41444414
783 3390 847 3456 1141
868 3390 1056 3466 emtoribus,
1080 3410 1207 3474 44444,
1260 3390 1322 3456 hae
1339 3389 1492 3456 maehina
1510 3411 1604 3473 posse
1622 3391 1810 3460 laheiaotari
1828 3394 2007 3462 multorum
2024 3395 2133 3472 fidem,
2156 3396 2234 3461 dum

231 3477 340 3542 Deum
373 3497 479 3542 uuum
512 3497 583 3542 4444
614 3476 805 3543 nolendum:
839 3476 967 3555 141414,
1001 3497 1102 3542 4444
1136 3494 1208 3541 4444
1261 3475 1430 3542 41144414
1448 3474 2026 3558 444414114144444441114444444
2048 3481 2234 3548 44444414

231 3562 415 3646 legitimum
438 3562 645 3640 4144414444,
675 3562 926 3628 saorifieaudum
955 3582 1027 3628 4444
1048 3582 1091 3626 44
1113 3581 1206 3644 prae·
1259 3563 1330 3644 ipso
1353 3561 1463 3645 vulgo,
1485 3561 1542 3628 441
1563 3562 1651 3628 iuter
1671 3563 1859 3647 propbetas.
1899 3563 1994 3632 11444
2014 3587 2035 3630 4
2055 3566 2146 3632 ooelo
2168 3587 2234 3632 nou

231 3648 354 3729 4441444
376 3647 468 3731 legis.
513 3646 567 3712 De
588 3647 642 3714 his
662 3669 698 3712 er
764 3647 857 3713 nulla
879 3657 950 3714 erat
971 3649 1205 3714 oontroversia.
1258 3655 1404 3730 apparet,
1434 3666 1539 3729 neque
1561 3647 1660 3712 etiam
1682 3648 1941 3734 mittitangelos
1968 3670 2054 3729 suos,
2083 3650 2234 3719 4414414

232 3732 299 3800 Sed
322 3734 454 3798 interim
478 3732 636 3816 populum
660 3733 817 3799 14144444
838 3733 908 3799 4414
930 3731 1107 3808 4144114114,
1131 3733 1207 3814 4414
1258 3732 1367 3797 441141
1394 3731 1635 3813 perhomiues.
1680 3734 1748 3815 941
1775 3735 1880 3819 igitur
1909 3735 2068 3802 aoeedunt
2095 3738 2128 3801 14
2151 3747 2234 3803 tem·

231 3818 381 3885 solebant
412 3831 586 3900 quaestum
619 3819 726 3884 144444
758 3840 799 3884 ex
833 3837 971 3883 mouere
1007 3817 1206 3900 prophetieo.
1258 3817 1359 3899 4144,
1383 3837 1442 3881 444
1504 3827 1577 3882 4444
1598 3815 1677 3884 dum
1699 3819 1772 3886 illos
1794 3818 1931 3886 dooeant
1951 3820 2145 3905 prophetae:
2168 3821 2234 3888 illie

230 3903 310 3969 Ideo
326 3903 392 3969 illis
409 3902 586 3985 exprobrat
602 3904 768 3983 Ieremias,
790 3903 876 3988 quod
897 3903 1081 3968 1414444141
1096 3921 1206 3968 omnen
1258 3911 1417 3984 apparent
1467 3915 1584 3968 atanae
1614 3905 1774 3985 ministri,
1802 3907 1858 3988 qui
1880 3906 1991 3970 omnia
2019 3919 2234 3989 4444444444

230 3988 296 4055 1141
312 3991 349 4054 ia
365 3989 547 4054 oblivionem
557 4009 620 4072 per
636 4009 698 4055 4444
714 3989 848 4067 soumis,
867 3988 960 4053 4144441
973 3992 1082 4070 potres
1099 4007 1206 4052 4444444
1258 4000 1290 4053 44
1312 3998 1524 4070 pervertunt:
1546 3992 1640 4070 44441
1664 4002 1751 4069 4444,
1774 3992 1829 4073 441
1851 3989 1982 4057 4441444
2004 4005 2153 4058 asserant
2169 3992 2233 4057 Dei

230 4073 315 4140 obliti
342 4076 469 4155 [4444441
497 4076 635 4139 44441414
663 4074 728 4142 1141
755 4075 790 4138 irs
816 4071 922 4139 Bual:
952 4075 1045 4155 44441
1075 4074 1203 4150 1144444,
1258 4075 1450 4151 veritatem,
1488 4083 1522 4137 44
1554 4076 1609 4157 441
1641 4075 1784 4141 fideliter
1816 4077 1915 4141 etiam
1946 4077 2114 4160 explioeut
2146 4076 2232 4160 quod

229 4159 368 4225 Somnia
400 4159 483 4225 haee
515 4169 595 4224 snut
632 4174 787 4242 tauquam
824 4158 930 4224 11441411
963 4167 997 4224 44
1029 4157 1204 4224 4141444141
1256 4156 1350 4224 11444
1372 4158 1553 4224 44414414.
1584 4160 1672 4239 9411
1696 4160 1750 4227 414
1767 4161 1886 4228 1441444
1909 4161 2029 4238 miseri,
2052 4163 2108 4245 qui
2126 4164 2232 4245 parati

229 4245 347 4326 441444,
370 4244 488 4327 441444
510 4244 589 4308 4114
611 4265 727 4310 eversa
749 4245 814 4309 1414
834 4245 948 4327 pietas.
985 4243 1071 4309 Nam
1094 4254 1205 4326 patres
1256 4252 1335 4309 4444
1363 4244 1404 4308 41
1434 4243 1648 4328 obsequium?
1681 4254 1715 4310 et
1743 4247 1798 4329 qui
1832 4247 1975 4312 41144444
2008 4247 2232 4314 dooilitatem?

229 4351 344 4395 eorum
361 4330 533 4396 uoluerant
550 4329 631 4395 Baal
650 4340 684 4396 et
698 4330 839 4410 Baalim,
861 4331 999 4408 444444,
1018 4331 1205 4395 4441444444
1258 4329 1403 4408 14144114,
1433 4342 1470 4395 44
1491 4330 1588 4395 44141
1617 4329 1773 4395 abiioiaut
1801 4352 1898 4397 4444
1926 4333 2057 4416 41444414
2084 4333 2231 4399 4441144

229 4416 292 4481 4141
314 4415 388 4480 illos
409 4415 508 4480 141444
526 4413 618 4479 deos:
640 4415 687 4480 ita
704 4416 882 4481 obruerant
904 4414 1041 4498 gloriam
1054 4414 1118 4480 Dei
1137 4415 1205 4480 suis
1257 4415 1346 4480 etin
1368 4415 1627 4498 desperationem
1650 4437 1685 4482 se
1706 4417 1931 4500 praeeipitent.
1976 4417 2063 4499 Quid
2087 4417 2148 4485 hoo
2169 4419 2233 4484 sibi

228 4501 407 4584 14444414.
440 4500 516 4565 Nou
538 4499 1203 4582 14144444444441441444414444414-
1257 4499 1353 4565 44141
1387 4502 1465 4583 4411
1496 4509 1545 4566 444
1567 4501 1795 4581 dissensiones,
1829 4512 1877 4568 tot
1898 4503 2150 4581 oontroversiae,
2183 4512 2232 4568 tot

228 4586 407 4669 prophetis,
429 4586 486 4667 qui
508 4585 692 4670 regnabant
712 4594 860 4668 tempore
876 4584 1045 4660 Ieremias,
1069 4585 1124 4650 441
1143 4587 1206 4651 1414
1257 4588 1491 4664 444444414444,
1524 4595 1573 4651 444
1601 4586 1806 4653 inveotivae?
1840 4609 1904 4671 quo
1931 4610 1992 4656 nos
2013 4589 2115 4673 igitur
2143 4609 2232 4654 4444

228 4682 342 4736 tamen
364 4671 495 4754 obliqua
517 4670 664 4748 14144414,
687 4671 772 4753 4441
791 4671 913 4736 44111444
934 4671 1124 4755 ingererent
1146 4691 1205 4736 444
1257 4671 1482 4736 4441444441
1505 4673 1608 4736 satius
1630 4683 1681 4738 est
1703 4672 1787 4738 nihil
1809 4693 1924 4740 ourare
1946 4673 2095 4756 amplius.
2131 4673 2231 4740 114141

228 4756 366 4834 somnia,
400 4767 434 4822 44
463 4756 544 4822 14144
578 4757 808 4838 profiterentur
838 4775 964 4822 seesse
987 4755 1050 4821 1141
1083 4776 1205 4835 444444,
1256 4756 1359 4839 igitur
1381 4756 1466 4823 hane
1489 4759 1690 4822 4444414444
1717 4759 1882 4841 arripiunt
1902 4758 2077 4838 soeordiae,
2106 4770 2139 4824 et
2161 4779 2231 4824 ma·

229 4862 331 4926 quom
354 4852 464 4906 tamen
487 4840 570 4906 nihil
591 4841 658 4906 illis
679 4841 876 4906 mandasset
918 4842 1072 4906 Diximus
1095 4853 1204 4906 autem
1256 4841 2232 4926 114444444144144444441144,444444444444411414

229 4927 308 4993 alibi
331 4925 452 5009 duplex
473 4926 575 4992 141444
597 4929 737 4993 odmen:
771 4928 914 5010 primum
947 4927 1035 5009 quod
1057 4946 1123 4991 nou
1146 4947 1204 4992 44·
1256 4926 1358 5003 11444,
1381 4927 1458 5009 4411
1479 4927 1568 5008 44114,
1590 4929 1646 4994 441
1664 4927 1753 4996 44144
1774 4929 1868 4994 44414
1885 4929 1927 4995 414
1944 4929 2059 5010 posita,
2081 4928 2137 4994 ubi
2154 4951 2230 5013 spes

229 5013 295 5080 4441
317 5021 495 5093 444444444,
518 5032 624 5094 44444
646 5013 753 5080 missi:
777 5011 903 5089 deinde,
926 5012 1011 5095 quod
1034 5033 1095 5076 sua
1116 5033 1204 5078 444·
1256 5010 1403 5095 figenda,
1442 5033 1540 5095 quam
1574 5035 1609 5080 se
1641 5015 1810 5096 implioare
1842 5015 1990 5080 molestis
2023 5026 2058 5079 44
2089 5015 2230 5098 spinosis

229 5109 342 5164 44444
373 5107 598 5179 supponerent
629 5119 688 5181 444
711 5098 775 5163 1141
805 5097 911 5164 verbo.
955 5098 1002 5162 Et
1030 5098 1084 5163 hio
1114 5097 1205 5163 loeus
1257 5097 1539 5179 disputationibus.
1573 5099 1662 5165 'l’alis
1685 5100 1822 5164 44444414
1843 5099 1999 5181 44444444
2022 5101 2127 5183 444414
2149 5111 2229 5166 444·

229 5182 405 5267 diligenter
427 5181 521 5246 uobis
544 5185 706 5250 notandus
728 5191 794 5266 est,
822 5189 860 5247 44
880 5183 1021 5248 4414444
1043 5203 1109 5248 444
1131 5194 1203 5247 tan·
1257 5203 1335 5265 pore
1357 5182 1525 5250 14444144.
1571 5185 1661 5269 Ergo
1683 5185 1864 5252 remedium
1886 5194 2068 5267 opportune
2096 5185 2230 5252 adhibet

229 5280 299 5334 tum
322 5277 468 5352 apertam
492 5266 1023 5351 141444144444444444414441,
1046 5267 1203 5334 4414411-
1257 5287 1356 5350 4444
1384 5269 1471 5347 11414,
1503 5269 1660 5354 Propheta
1688 5273 1744 5354 4441
1772 5269 1862 5336 hebet
1890 5271 2057 5355 somnium,
2087 5271 2149 5336 hoe
2170 5282 2228 5350 est,
