<?xml version="1.0" encoding="UTF-8"?>
<!DOCTYPE html PUBLIC "-//W3C//DTD XHTML 1.0 Transitional//EN"
    "http://www.w3.org/TR/xhtml1/DTD/xhtml1-transitional.dtd">
<html xmlns="http://www.w3.org/1999/xhtml" xml:lang="en" lang="en">
 <head>
  <title>
</title>
<meta http-equiv="Content-Type" content="text/html;charset=utf-8" />
  <meta name='ocr-system' content='tesseract 3.04.00' />
  <meta name='ocr-capabilities' content='ocr_page ocr_carea ocr_par ocr_line ocrx_word'/>
</head>
<body>
  <div class='ocr_page' id='page_1' title='image "./corpusreformato14melagoog_0040.png"; bbox 0 0 5038 6118; ppageno 0'>
   <div class='ocr_carea' id='block_1_1' title="bbox 191 352 2190 428">
    <p class='ocr_par' dir='ltr' id='par_1_1' title="bbox 191 352 2190 428">
     <span class='ocr_line' id='line_1_1' title="bbox 191 352 2190 428; baseline -0.003 -8"><span class='ocrx_word' id='word_1_1' title='bbox 191 356 238 422; x_wconf 88' lang='lat'>49</span> <span class='ocrx_word' id='word_1_2' title='bbox 921 352 970 420; x_wconf 91' lang='lat' dir='ltr'>IN</span> <span class='ocrx_word' id='word_1_3' title='bbox 991 352 1240 422; x_wconf 69' lang='lat' dir='ltr'>nasutum.</span> <span class='ocrx_word' id='word_1_4' title='bbox 1284 353 1382 420; x_wconf 84' lang='lat' dir='ltr'>OAP.</span> <span class='ocrx_word' id='word_1_5' title='bbox 1404 352 1468 418; x_wconf 86' lang='lat' dir='ltr'>IX.</span> <span class='ocrx_word' id='word_1_6' title='bbox 2146 361 2190 428; x_wconf 72' lang='lat'>50</span> 
     </span>
    </p>
   </div>
   <div class='ocr_carea' id='block_1_2' title="bbox 163 540 2188 2849">
    <p class='ocr_par' dir='ltr' id='par_1_2' title="bbox 190 540 2188 1652">
     <span class='ocr_line' id='line_1_2' title="bbox 190 540 2188 630; baseline 0.003 -20"><span class='ocrx_word' id='word_1_7' title='bbox 190 549 404 627; x_wconf 84' lang='lat' dir='ltr'>praetereunt</span> <span class='ocrx_word' id='word_1_8' title='bbox 425 551 460 610; x_wconf 91' lang='lat' dir='ltr'>et</span> <span class='ocrx_word' id='word_1_9' title='bbox 480 544 670 628; x_wconf 84' lang='lat' dir='ltr'>relinquunt</span> <span class='ocrx_word' id='word_1_10' title='bbox 691 563 711 608; x_wconf 85' lang='lat' dir='ltr'>a</span> <span class='ocrx_word' id='word_1_11' title='bbox 732 555 844 626; x_wconf 83' lang='lat' dir='ltr'>tergo,</span> <span class='ocrx_word' id='word_1_12' title='bbox 877 551 911 608; x_wconf 89' lang='grc' dir='ltr'><strong>ει</strong></span> <span class='ocrx_word' id='word_1_13' title='bbox 931 550 1045 627; x_wconf 83' lang='lat' dir='ltr'>postes</span> <span class='ocrx_word' id='word_1_14' title='bbox 1066 560 1162 608; x_wconf 88' lang='lat' dir='ltr'>nemo</span> <span class='ocrx_word' id='word_1_15' title='bbox 1215 541 1261 610; x_wconf 81' lang='lat' dir='ltr'>vel</span> <span class='ocrx_word' id='word_1_16' title='bbox 1282 542 1318 606; x_wconf 82' lang='lat' dir='ltr'>io</span> <span class='ocrx_word' id='word_1_17' title='bbox 1337 540 1530 622; x_wconf 79' lang='lat' dir='ltr'>fortilttdiee,</span> <span class='ocrx_word' id='word_1_18' title='bbox 1552 540 1599 608; x_wconf 83' lang='lat' dir='ltr'>ool</span> <span class='ocrx_word' id='word_1_19' title='bbox 1619 541 1655 606; x_wconf 83' lang='lat' dir='ltr'>itt</span> <span class='ocrx_word' id='word_1_20' title='bbox 1677 541 1809 610; x_wconf 73' lang='lat' dir='ltr'>divetis.</span> <span class='ocrx_word' id='word_1_21' title='bbox 1845 542 1984 612; x_wconf 87' lang='lat' dir='ltr'>Summa</span> <span class='ocrx_word' id='word_1_22' title='bbox 2005 558 2063 628; x_wconf 86' lang='lat' dir='ltr'>est,</span> <span class='ocrx_word' id='word_1_23' title='bbox 2085 549 2188 630; x_wconf 91' lang='lat' dir='ltr'>pluri·</span> 
     </span>
     <span class='ocr_line' id='line_1_3' title="bbox 191 625 2187 718; baseline 0.002 -22"><span class='ocrx_word' id='word_1_24' title='bbox 191 629 325 713; x_wconf 86' lang='lat' dir='ltr'>estqui</span> <span class='ocrx_word' id='word_1_25' title='bbox 345 629 486 714; x_wconf 80' lang='lat' dir='ltr'>eollignt</span> <span class='ocrx_word' id='word_1_26' title='bbox 531 629 649 712; x_wconf 77' lang='lat' dir='ltr'>Spirae</span> <span class='ocrx_word' id='word_1_27' title='bbox 670 633 782 694; x_wconf 87' lang='lat' dir='ltr'>autem</span> <span class='ocrx_word' id='word_1_28' title='bbox 803 628 887 705; x_wconf 82' lang='lat' dir='ltr'>illae,</span> <span class='ocrx_word' id='word_1_29' title='bbox 917 647 1000 711; x_wconf 88' lang='lat' dir='ltr'>qnae</span> <span class='ocrx_word' id='word_1_30' title='bbox 1025 627 1071 694; x_wconf 89' lang='lat' dir='ltr'>sio</span> <span class='ocrx_word' id='word_1_31' title='bbox 1094 647 1162 692; x_wconf 87' lang='lat' dir='ltr'>me·</span> <span class='ocrx_word' id='word_1_32' title='bbox 1215 647 1305 695; x_wconf 87' lang='lat' dir='ltr'>muru</span> <span class='ocrx_word' id='word_1_33' title='bbox 1334 625 1403 700; x_wconf 76' lang='lat' dir='ltr'>falli</span> <span class='ocrx_word' id='word_1_34' title='bbox 1431 627 1616 710; x_wconf 70' lang='lat' dir='ltr'>quicunque</span> <span class='ocrx_word' id='word_1_35' title='bbox 1643 628 1838 697; x_wconf 86' lang='lat' dir='ltr'>existimant</span> <span class='ocrx_word' id='word_1_36' title='bbox 1867 651 1902 696; x_wconf 91' lang='lat' dir='ltr'>se</span> <span class='ocrx_word' id='word_1_37' title='bbox 1931 632 2054 710; x_wconf 85' lang='lat' dir='ltr'>beatos,</span> <span class='ocrx_word' id='word_1_38' title='bbox 2085 654 2187 718; x_wconf 85' lang='lat' dir='ltr'>quum</span> 
     </span>
     <span class='ocr_line' id='line_1_4' title="bbox 192 710 2187 799; baseline 0.004 -19"><span class='ocrx_word' id='word_1_39' title='bbox 192 724 279 782; x_wconf 85' lang='lat' dir='ltr'>nent</span> <span class='ocrx_word' id='word_1_40' title='bbox 299 715 333 780; x_wconf 90' lang='lat' dir='ltr'>in</span> <span class='ocrx_word' id='word_1_41' title='bbox 355 735 442 799; x_wconf 87' lang='lat' dir='ltr'>agro,</span> <span class='ocrx_word' id='word_1_42' title='bbox 472 713 526 780; x_wconf 93' lang='lat' dir='ltr'>vel</span> <span class='ocrx_word' id='word_1_43' title='bbox 549 721 741 798; x_wconf 89' lang='lat' dir='ltr'>putresount</span> <span class='ocrx_word' id='word_1_44' title='bbox 761 721 886 796; x_wconf 89' lang='lat' dir='ltr'>sponte,</span> <span class='ocrx_word' id='word_1_45' title='bbox 916 712 969 779; x_wconf 90' lang='lat' dir='ltr'>vel</span> <span class='ocrx_word' id='word_1_46' title='bbox 990 733 1011 778; x_wconf 89' lang='lat' dir='ltr'>a</span> <span class='ocrx_word' id='word_1_47' title='bbox 1032 710 1163 796; x_wconf 87' lang='lat' dir='ltr'>panudi·</span> <span class='ocrx_word' id='word_1_48' title='bbox 1216 722 1327 780; x_wconf 81' lang='grc' dir='ltr'><strong>ιιιιιιειι</strong></span> <span class='ocrx_word' id='word_1_49' title='bbox 1347 713 1462 777; x_wconf 88' lang='lat' dir='ltr'>remoti</span> <span class='ocrx_word' id='word_1_50' title='bbox 1484 712 1551 778; x_wconf 88' lang='lat' dir='ltr'>sint</span> <span class='ocrx_word' id='word_1_51' title='bbox 1572 731 1592 778; x_wconf 86' lang='lat' dir='ltr'>a</span> <span class='ocrx_word' id='word_1_52' title='bbox 1614 711 1695 778; x_wconf 88' lang='lat' dir='ltr'>Deo.</span> <span class='ocrx_word' id='word_1_53' title='bbox 1733 711 1800 780; x_wconf 85' lang='lat' dir='ltr'>Sed</span> <span class='ocrx_word' id='word_1_54' title='bbox 1823 733 1954 782; x_wconf 90' lang='lat' dir='ltr'>eausam</span> <span class='ocrx_word' id='word_1_55' title='bbox 1975 717 2073 784; x_wconf 88' lang='lat' dir='ltr'>simul</span> <span class='ocrx_word' id='word_1_56' title='bbox 2093 730 2187 788; x_wconf 83' lang='lat' dir='ltr'>nota·</span> 
     </span>
     <span class='ocr_line' id='line_1_5' title="bbox 192 796 2187 883; baseline 0.002 -17"><span class='ocrx_word' id='word_1_57' title='bbox 192 801 259 868; x_wconf 90' lang='lat' dir='ltr'>bns</span> <span class='ocrx_word' id='word_1_58' title='bbox 280 806 314 866; x_wconf 91' lang='lat' dir='ltr'>et</span> <span class='ocrx_word' id='word_1_59' title='bbox 335 799 446 868; x_wconf 86' lang='lat' dir='ltr'>bestiis</span> <span class='ocrx_word' id='word_1_60' title='bbox 467 811 635 868; x_wconf 75' lang='lat' dir='ltr'>vorantur.</span> <span class='ocrx_word' id='word_1_61' title='bbox 680 797 852 883; x_wconf 82' lang='lat' dir='ltr'>Signifioat</span> <span class='ocrx_word' id='word_1_62' title='bbox 873 819 951 883; x_wconf 84' lang='lat' dir='ltr'>ergo</span> <span class='ocrx_word' id='word_1_63' title='bbox 978 797 1060 864; x_wconf 87' lang='lat' dir='ltr'><strong>nihil</strong></span> <span class='ocrx_word' id='word_1_64' title='bbox 1082 797 1162 864; x_wconf 86' lang='lat' dir='ltr'>resi·</span> <span class='ocrx_word' id='word_1_65' title='bbox 1216 797 1323 864; x_wconf 83' lang='lat' dir='ltr'>vimus</span> <span class='ocrx_word' id='word_1_66' title='bbox 1351 818 1410 864; x_wconf 88' lang='lat' dir='ltr'>our</span> <span class='ocrx_word' id='word_1_67' title='bbox 1439 797 1590 879; x_wconf 87' lang='lat' dir='ltr'>loquetur</span> <span class='ocrx_word' id='word_1_68' title='bbox 1619 796 1658 862; x_wconf 91' lang='lat' dir='ltr'>de</span> <span class='ocrx_word' id='word_1_69' title='bbox 1689 799 1849 882; x_wconf 88' lang='lat' dir='ltr'>sapientia</span> <span class='ocrx_word' id='word_1_70' title='bbox 1878 809 1910 866; x_wconf 92' lang='lat' dir='ltr'>et</span> <span class='ocrx_word' id='word_1_71' title='bbox 1937 802 2128 870; x_wconf 74' lang='lat' dir='ltr'>fertitudine</span> <span class='ocrx_word' id='word_1_72' title='bbox 2154 814 2187 872; x_wconf 93' lang='lat' dir='ltr'>et</span> 
     </span>
     <span class='ocr_line' id='line_1_6' title="bbox 193 880 2187 974; baseline 0.003 -24"><span class='ocrx_word' id='word_1_73' title='bbox 193 885 297 957; x_wconf 89' lang='lat' dir='ltr'>duum</span> <span class='ocrx_word' id='word_1_74' title='bbox 319 885 445 952; x_wconf 84' lang='lat' dir='ltr'>lurein</span> <span class='ocrx_word' id='word_1_75' title='bbox 466 885 594 970; x_wconf 85' lang='lat' dir='ltr'>populo,</span> <span class='ocrx_word' id='word_1_76' title='bbox 623 884 701 968; x_wconf 86' lang='lat' dir='ltr'>quia</span> <span class='ocrx_word' id='word_1_77' title='bbox 721 905 834 952; x_wconf 90' lang='lat' dir='ltr'>omnes</span> <span class='ocrx_word' id='word_1_78' title='bbox 863 904 883 949; x_wconf 90' lang='lat' dir='ltr'>a</span> <span class='ocrx_word' id='word_1_79' title='bbox 904 883 1039 950; x_wconf 90' lang='lat' dir='ltr'>minimo</span> <span class='ocrx_word' id='word_1_80' title='bbox 1062 903 1162 966; x_wconf 86' lang='lat' dir='ltr'>usque</span> <span class='ocrx_word' id='word_1_81' title='bbox 1216 880 1347 962; x_wconf 88' lang='lat' dir='ltr'>divitiis,</span> <span class='ocrx_word' id='word_1_82' title='bbox 1375 902 1493 964; x_wconf 89' lang='lat' dir='ltr'>nempe</span> <span class='ocrx_word' id='word_1_83' title='bbox 1519 883 1593 965; x_wconf 87' lang='lat' dir='ltr'>quia</span> <span class='ocrx_word' id='word_1_84' title='bbox 1615 882 1676 948; x_wconf 91' lang='lat' dir='ltr'>hoo</span> <span class='ocrx_word' id='word_1_85' title='bbox 1698 883 1818 953; x_wconf 89' lang='lat' dir='ltr'>vitium</span> <span class='ocrx_word' id='word_1_86' title='bbox 1840 885 1907 951; x_wconf 84' lang='lat' dir='ltr'>lere</span> <span class='ocrx_word' id='word_1_87' title='bbox 1929 887 2113 974; x_wconf 86' lang='lat' dir='ltr'>ingenitum</span> <span class='ocrx_word' id='word_1_88' title='bbox 2136 896 2187 958; x_wconf 88' lang='lat' dir='ltr'>est</span> 
     </span>
     <span class='ocr_line' id='line_1_7' title="bbox 192 967 2185 1052; baseline 0.002 -14"><span class='ocrx_word' id='word_1_89' title='bbox 192 971 238 1038; x_wconf 89' lang='lat' dir='ltr'>ad</span> <span class='ocrx_word' id='word_1_90' title='bbox 260 973 440 1042; x_wconf 80' lang='lat' dir='ltr'>maximnm</span> <span class='ocrx_word' id='word_1_91' title='bbox 463 971 564 1038; x_wconf 87' lang='lat' dir='ltr'>exitio</span> <span class='ocrx_word' id='word_1_92' title='bbox 584 981 663 1040; x_wconf 89' lang='lat' dir='ltr'>snut</span> <span class='ocrx_word' id='word_1_93' title='bbox 685 969 802 1036; x_wconf 90' lang='lat' dir='ltr'>devoti.</span> <span class='ocrx_word' id='word_1_94' title='bbox 836 971 927 1038; x_wconf 87' lang='lat' dir='ltr'>Haeo</span> <span class='ocrx_word' id='word_1_95' title='bbox 948 989 1076 1036; x_wconf 88' lang='lat' dir='ltr'>summa</span> <span class='ocrx_word' id='word_1_96' title='bbox 1097 980 1161 1033; x_wconf 87' lang='lat' dir='ltr'>est:</span> <span class='ocrx_word' id='word_1_97' title='bbox 1214 967 1341 1034; x_wconf 87' lang='lat' dir='ltr'>eunetis</span> <span class='ocrx_word' id='word_1_98' title='bbox 1362 967 1562 1051; x_wconf 79' lang='lat' dir='ltr'>mortalibus,</span> <span class='ocrx_word' id='word_1_99' title='bbox 1584 974 1621 1034; x_wconf 89' lang='lat' dir='ltr'>nt</span> <span class='ocrx_word' id='word_1_100' title='bbox 1642 968 1834 1052; x_wconf 87' lang='lat' dir='ltr'>superbiant</span> <span class='ocrx_word' id='word_1_101' title='bbox 1851 971 1886 1037; x_wconf 90' lang='lat' dir='ltr'>in</span> <span class='ocrx_word' id='word_1_102' title='bbox 1904 993 1964 1038; x_wconf 91' lang='lat' dir='ltr'>sua</span> <span class='ocrx_word' id='word_1_103' title='bbox 1981 973 2185 1047; x_wconf 75' lang='lat' dir='ltr'>excellentia.</span> 
     </span>
     <span class='ocr_line' id='line_1_8' title="bbox 192 1051 2186 1142; baseline 0.001 -19"><span class='ocrx_word' id='word_1_104' title='bbox 192 1063 230 1124; x_wconf 91' lang='lat' dir='ltr'>et</span> <span class='ocrx_word' id='word_1_105' title='bbox 251 1058 348 1123; x_wconf 91' lang='lat' dir='ltr'>simul</span> <span class='ocrx_word' id='word_1_106' title='bbox 370 1058 526 1142; x_wconf 80' lang='lat' dir='ltr'>exprimit</span> <span class='ocrx_word' id='word_1_107' title='bbox 546 1064 784 1139; x_wconf 86' lang='lat' dir='ltr'>eontemptum‚</span> <span class='ocrx_word' id='word_1_108' title='bbox 814 1056 891 1139; x_wconf 90' lang='lat' dir='ltr'>quia</span> <span class='ocrx_word' id='word_1_109' title='bbox 912 1056 1009 1120; x_wconf 87' lang='lat' dir='ltr'>etium</span> <span class='ocrx_word' id='word_1_110' title='bbox 1030 1053 1059 1120; x_wconf 90' lang='lat' dir='ltr'>si</span> <span class='ocrx_word' id='word_1_111' title='bbox 1079 1073 1162 1120; x_wconf 91' lang='lat' dir='ltr'>mes·</span> <span class='ocrx_word' id='word_1_112' title='bbox 1215 1051 1385 1136; x_wconf 80' lang='lat' dir='ltr'>Quidquid</span> <span class='ocrx_word' id='word_1_113' title='bbox 1416 1062 1567 1136; x_wconf 88' lang='lat' dir='ltr'>putamus</span> <span class='ocrx_word' id='word_1_114' title='bbox 1596 1055 1699 1136; x_wconf 88' lang='lat' dir='ltr'>pretio</span> <span class='ocrx_word' id='word_1_115' title='bbox 1728 1055 1772 1123; x_wconf 81' lang='lat' dir='ltr'>eti</span> <span class='ocrx_word' id='word_1_116' title='bbox 1795 1075 1837 1123; x_wconf 87' lang='lat' dir='ltr'>uu</span> <span class='ocrx_word' id='word_1_117' title='bbox 1866 1055 2000 1141; x_wconf 88' lang='lat' dir='ltr'>dignum</span> <span class='ocrx_word' id='word_1_118' title='bbox 2028 1057 2186 1128; x_wconf 75' lang='lat' dir='ltr'>debuerat</span> 
     </span>
     <span class='ocr_line' id='line_1_9' title="bbox 192 1075 2185 1228; baseline 0.001 -18"><span class='ocrx_word' id='word_1_119' title='bbox 192 1163 286 1210; x_wconf 88' lang='lat' dir='ltr'>sores</span> <span class='ocrx_word' id='word_1_120' title='bbox 308 1163 371 1208; x_wconf 90' lang='lat' dir='ltr'>non</span> <span class='ocrx_word' id='word_1_121' title='bbox 404 1142 564 1226; x_wconf 86' lang='lat' dir='ltr'>eolligunt</span> <span class='ocrx_word' id='word_1_122' title='bbox 591 1140 746 1225; x_wconf 88' lang='lat' dir='ltr'>quidquid</span> <span class='ocrx_word' id='word_1_123' title='bbox 779 1152 891 1208; x_wconf 88' lang='lat' dir='ltr'>natum</span> <span class='ocrx_word' id='word_1_124' title='bbox 925 1149 975 1206; x_wconf 88' lang='grc' dir='ltr'><strong>εει</strong></span> <span class='ocrx_word' id='word_1_125' title='bbox 1006 1141 1040 1204; x_wconf 91' lang='lat' dir='ltr'>in</span> <span class='ocrx_word' id='word_1_126' title='bbox 1074 1159 1161 1222; x_wconf 86' lang='lat' dir='ltr'>agro,</span> <span class='ocrx_word' id='word_1_127' title='bbox 1214 1150 1381 1222; x_wconf 88' lang='lat' dir='ltr'>aoueptum</span> <span class='ocrx_word' id='word_1_128' title='bbox 1411 1141 1487 1204; x_wconf 86' lang='lat' dir='ltr'>Ierri</span> <span class='ocrx_word' id='word_1_129' title='bbox 1509 1139 1594 1204; x_wconf 87' lang='lat' dir='ltr'>Deo:</span> <span class='ocrx_word' id='word_1_130' title='bbox 1627 1139 1693 1207; x_wconf 91' lang='lat' dir='ltr'>iam</span> <span class='ocrx_word' id='word_1_131' title='bbox 1719 1139 1747 1206; x_wconf 88' lang='lat' dir='ltr'>si</span> <span class='ocrx_word' id='word_1_132' title='bbox 1774 1075 1896 1207; x_wconf 67' lang='lat' dir='ltr'>donum</span> <span class='ocrx_word' id='word_1_133' title='bbox 1916 1141 1983 1208; x_wconf 92' lang='lat' dir='ltr'>Dei</span> <span class='ocrx_word' id='word_1_134' title='bbox 2003 1155 2063 1223; x_wconf 88' lang='lat' dir='ltr'>est,</span> <span class='ocrx_word' id='word_1_135' title='bbox 2092 1146 2185 1228; x_wconf 88' lang='lat' dir='ltr'>quid·</span> 
     </span>
     <span class='ocr_line' id='line_1_10' title="bbox 192 1222 2184 1313; baseline 0.004 -21"><span class='ocrx_word' id='word_1_136' title='bbox 192 1235 275 1292; x_wconf 86' lang='lat' dir='ltr'>sunt</span> <span class='ocrx_word' id='word_1_137' title='bbox 297 1237 405 1294; x_wconf 87' lang='lat' dir='ltr'>temen</span> <span class='ocrx_word' id='word_1_138' title='bbox 430 1248 604 1311; x_wconf 87' lang='lat' dir='ltr'>pauperes,</span> <span class='ocrx_word' id='word_1_139' title='bbox 637 1227 693 1310; x_wconf 88' lang='lat' dir='ltr'>qui</span> <span class='ocrx_word' id='word_1_140' title='bbox 715 1226 819 1308; x_wconf 86' lang='lat' dir='ltr'>spinas</span> <span class='ocrx_word' id='word_1_141' title='bbox 841 1226 919 1292; x_wconf 91' lang='lat' dir='ltr'>bino</span> <span class='ocrx_word' id='word_1_142' title='bbox 948 1224 1026 1292; x_wconf 91' lang='lat' dir='ltr'>inde</span> <span class='ocrx_word' id='word_1_143' title='bbox 1054 1243 1161 1290; x_wconf 89' lang='lat' dir='ltr'>eorre-</span> <span class='ocrx_word' id='word_1_144' title='bbox 1214 1222 1290 1306; x_wconf 91' lang='lat' dir='ltr'>quid</span> <span class='ocrx_word' id='word_1_145' title='bbox 1312 1224 1533 1307; x_wconf 85' lang='lat' dir='ltr'>praestantiae</span> <span class='ocrx_word' id='word_1_146' title='bbox 1553 1223 1721 1308; x_wconf 90' lang='lat' dir='ltr'>habemus,</span> <span class='ocrx_word' id='word_1_147' title='bbox 1742 1224 1804 1292; x_wconf 90' lang='lat' dir='ltr'>hue</span> <span class='ocrx_word' id='word_1_148' title='bbox 1825 1225 1920 1293; x_wconf 89' lang='lat' dir='ltr'>valde</span> <span class='ocrx_word' id='word_1_149' title='bbox 1938 1241 2184 1313; x_wconf 85' lang='lat' dir='ltr'>praeposterum</span> 
     </span>
     <span class='ocr_line' id='line_1_11' title="bbox 193 1308 2184 1396; baseline 0.003 -18"><span class='ocrx_word' id='word_1_150' title='bbox 193 1313 289 1380; x_wconf 92' lang='lat' dir='ltr'>dunt.</span> <span class='ocrx_word' id='word_1_151' title='bbox 332 1313 397 1380; x_wconf 89' lang='lat' dir='ltr'>Ubi</span> <span class='ocrx_word' id='word_1_152' title='bbox 419 1323 529 1380; x_wconf 89' lang='lat' dir='ltr'>autem</span> <span class='ocrx_word' id='word_1_153' title='bbox 551 1313 640 1395; x_wconf 89' lang='lat' dir='ltr'>spina</span> <span class='ocrx_word' id='word_1_154' title='bbox 661 1312 797 1395; x_wconf 87' lang='lat' dir='ltr'>pedibus</span> <span class='ocrx_word' id='word_1_155' title='bbox 819 1311 980 1394; x_wconf 88' lang='lat' dir='ltr'>oaloatnr,</span> <span class='ocrx_word' id='word_1_156' title='bbox 1012 1319 1045 1374; x_wconf 90' lang='lat' dir='ltr'>et</span> <span class='ocrx_word' id='word_1_157' title='bbox 1066 1329 1161 1378; x_wconf 90' lang='lat' dir='ltr'>namo</span> <span class='ocrx_word' id='word_1_158' title='bbox 1215 1319 1279 1390; x_wconf 89' lang='lat' dir='ltr'>est,</span> <span class='ocrx_word' id='word_1_159' title='bbox 1312 1309 1398 1393; x_wconf 92' lang='lat' dir='ltr'>quod</span> <span class='ocrx_word' id='word_1_160' title='bbox 1431 1330 1497 1374; x_wconf 89' lang='lat' dir='ltr'>non</span> <span class='ocrx_word' id='word_1_161' title='bbox 1531 1308 1686 1376; x_wconf 86' lang='lat' dir='ltr'>disnimus</span> <span class='ocrx_word' id='word_1_162' title='bbox 1718 1311 1927 1391; x_wconf 79' lang='lat' dir='ltr'>modestiam,</span> <span class='ocrx_word' id='word_1_163' title='bbox 1961 1335 2062 1396; x_wconf 90' lang='lat' dir='ltr'>quum</span> <span class='ocrx_word' id='word_1_164' title='bbox 2091 1315 2184 1385; x_wconf 89' lang='lat' dir='ltr'>Deus</span> 
     </span>
     <span class='ocr_line' id='line_1_12' title="bbox 192 1393 2185 1483; baseline 0.001 -19"><span class='ocrx_word' id='word_1_165' title='bbox 192 1408 247 1464; x_wconf 89' lang='lat' dir='ltr'>est</span> <span class='ocrx_word' id='word_1_166' title='bbox 268 1400 333 1482; x_wconf 89' lang='lat' dir='ltr'>qui·</span> <span class='ocrx_word' id='word_1_167' title='bbox 345 1398 486 1483; x_wconf 87' lang='lat' dir='ltr'>oolligat,</span> <span class='ocrx_word' id='word_1_168' title='bbox 514 1398 575 1464; x_wconf 90' lang='lat' dir='ltr'>boo</span> <span class='ocrx_word' id='word_1_169' title='bbox 595 1398 728 1482; x_wconf 80' lang='lat' dir='ltr'>siguum</span> <span class='ocrx_word' id='word_1_170' title='bbox 750 1407 800 1462; x_wconf 90' lang='lat' dir='ltr'>est</span> <span class='ocrx_word' id='word_1_171' title='bbox 820 1405 1039 1478; x_wconf 89' lang='lat' dir='ltr'>eontemptus:</span> <span class='ocrx_word' id='word_1_172' title='bbox 1073 1405 1105 1460; x_wconf 89' lang='lat' dir='ltr'>et</span> <span class='ocrx_word' id='word_1_173' title='bbox 1128 1394 1160 1459; x_wconf 90' lang='lat' dir='ltr'>id</span> <span class='ocrx_word' id='word_1_174' title='bbox 1214 1415 1274 1462; x_wconf 90' lang='lat' dir='ltr'>nos</span> <span class='ocrx_word' id='word_1_175' title='bbox 1300 1395 1348 1460; x_wconf 90' lang='lat' dir='ltr'>ita</span> <span class='ocrx_word' id='word_1_176' title='bbox 1374 1393 1437 1461; x_wconf 91' lang='lat' dir='ltr'>sibi</span> <span class='ocrx_word' id='word_1_177' title='bbox 1459 1394 1657 1478; x_wconf 88' lang='lat' dir='ltr'>obstringat:</span> <span class='ocrx_word' id='word_1_178' title='bbox 1687 1394 1744 1460; x_wconf 90' lang='lat' dir='ltr'>sed</span> <span class='ocrx_word' id='word_1_179' title='bbox 1766 1397 1875 1480; x_wconf 89' lang='lat' dir='ltr'>potius</span> <span class='ocrx_word' id='word_1_180' title='bbox 1896 1399 1966 1467; x_wconf 89' lang='lat' dir='ltr'>eins</span> <span class='ocrx_word' id='word_1_181' title='bbox 1988 1398 2185 1467; x_wconf 86' lang='lat' dir='ltr'>liberalitate</span> 
     </span>
     <span class='ocr_line' id='line_1_13' title="bbox 192 1478 2184 1570; baseline 0.001 -19"><span class='ocrx_word' id='word_1_182' title='bbox 192 1485 299 1551; x_wconf 91' lang='lat' dir='ltr'>voluit</span> <span class='ocrx_word' id='word_1_183' title='bbox 320 1485 419 1549; x_wconf 87' lang='lat' dir='ltr'>etiam</span> <span class='ocrx_word' id='word_1_184' title='bbox 442 1484 548 1550; x_wconf 88' lang='lat' dir='ltr'>dioere</span> <span class='ocrx_word' id='word_1_185' title='bbox 570 1483 737 1566; x_wconf 89' lang='lat' dir='ltr'>propheta.</span> <span class='ocrx_word' id='word_1_186' title='bbox 780 1482 852 1548; x_wconf 89' lang='lat' dir='ltr'>Iam</span> <span class='ocrx_word' id='word_1_187' title='bbox 875 1483 1032 1565; x_wconf 86' lang='lat' dir='ltr'>sequitur,</span> <span class='ocrx_word' id='word_1_188' title='bbox 1213 1481 1378 1549; x_wconf 82' lang='lat' dir='ltr'>abutimur</span> <span class='ocrx_word' id='word_1_189' title='bbox 1406 1478 1447 1546; x_wconf 90' lang='lat' dir='ltr'>ad</span> <span class='ocrx_word' id='word_1_190' title='bbox 1476 1481 1671 1563; x_wconf 89' lang='lat' dir='ltr'>superbiam.</span> <span class='ocrx_word' id='word_1_191' title='bbox 1721 1481 1813 1550; x_wconf 87' lang='lat' dir='ltr'>Haeo</span> <span class='ocrx_word' id='word_1_192' title='bbox 1843 1491 1953 1551; x_wconf 83' lang='grc' dir='ltr'><strong>ιειιιειι</strong></span> <span class='ocrx_word' id='word_1_193' title='bbox 1983 1485 2184 1570; x_wconf 71' lang='lat' dir='ltr'>ingratitudo</span> 
     </span>
     <span class='ocr_line' id='line_1_14' title="bbox 507 1565 2185 1652; baseline 0.007 -27"><span class='ocrx_word' id='word_1_194' title='bbox 507 1604 509 1606; x_wconf 94' lang='lat'>-</span> <span class='ocrx_word' id='word_1_195' title='bbox 1148 1589 1154 1608; x_wconf 82' lang='grc'>·</span> <span class='ocrx_word' id='word_1_196' title='bbox 1214 1587 1341 1649; x_wconf 88' lang='lat' dir='ltr'>semper</span> <span class='ocrx_word' id='word_1_197' title='bbox 1369 1566 1403 1631; x_wconf 89' lang='lat' dir='ltr'>in</span> <span class='ocrx_word' id='word_1_198' title='bbox 1432 1566 1556 1632; x_wconf 91' lang='lat' dir='ltr'>mundo</span> <span class='ocrx_word' id='word_1_199' title='bbox 1585 1566 1745 1650; x_wconf 86' lang='lat' dir='ltr'>regnavit.</span> <span class='ocrx_word' id='word_1_200' title='bbox 1789 1565 1906 1652; x_wconf 84' lang='lat' dir='ltr'>Itaque</span> <span class='ocrx_word' id='word_1_201' title='bbox 1929 1568 2009 1636; x_wconf 88' lang='lat' dir='ltr'>baon</span> <span class='ocrx_word' id='word_1_202' title='bbox 2031 1571 2114 1636; x_wconf 85' lang='lat' dir='ltr'>ratio</span> <span class='ocrx_word' id='word_1_203' title='bbox 2136 1580 2185 1641; x_wconf 86' lang='lat' dir='ltr'>est</span> 
     </span>
    </p>

    <p class='ocr_par' dir='ltr' id='par_1_3' title="bbox 163 1649 2185 1995">
     <span class='ocr_line' id='line_1_15' title="bbox 163 1649 2184 1736; baseline 0.001 -16"><span class='ocrx_word' id='word_1_204' title='bbox 163 1687 164 1690; x_wconf 36' lang='lat'>¹</span> <span class='ocrx_word' id='word_1_205' title='bbox 280 1655 331 1721; x_wconf 83' lang='lat'>23.</span> <span class='ocrx_word' id='word_1_206' title='bbox 368 1654 421 1721; x_wconf 76' lang='lat' dir='ltr'>ste</span> <span class='ocrx_word' id='word_1_207' title='bbox 439 1655 517 1722; x_wconf 69' lang='lat' dir='ltr'>tuit</span> <span class='ocrx_word' id='word_1_208' title='bbox 536 1653 691 1733; x_wconf 80' lang='lat' dir='ltr'>Ieltooob,</span> <span class='ocrx_word' id='word_1_209' title='bbox 726 1653 776 1718; x_wconf 83' lang='lat' dir='ltr'>Ne</span> <span class='ocrx_word' id='word_1_210' title='bbox 801 1653 950 1736; x_wconf 70' lang='lat' dir='ltr'>purtem</span> <span class='ocrx_word' id='word_1_211' title='bbox 977 1653 1104 1736; x_wconf 60' lang='lat' dir='ltr'>rupuar</span> <span class='ocrx_word' id='word_1_212' title='bbox 1125 1651 1161 1718; x_wconf 74' lang='lat' dir='ltr'>ia</span> <span class='ocrx_word' id='word_1_213' title='bbox 1214 1672 1272 1718; x_wconf 89' lang='lat' dir='ltr'>our</span> <span class='ocrx_word' id='word_1_214' title='bbox 1300 1650 1458 1735; x_wconf 86' lang='lat' dir='ltr'>propheta</span> <span class='ocrx_word' id='word_1_215' title='bbox 1487 1652 1540 1718; x_wconf 90' lang='lat' dir='ltr'>hio</span> <span class='ocrx_word' id='word_1_216' title='bbox 1568 1650 1601 1716; x_wconf 91' lang='lat' dir='ltr'>in</span> <span class='ocrx_word' id='word_1_217' title='bbox 1625 1649 1765 1716; x_wconf 91' lang='lat' dir='ltr'>nihilum</span> <span class='ocrx_word' id='word_1_218' title='bbox 1787 1651 1913 1736; x_wconf 82' lang='lat' dir='ltr'>redigat</span> <span class='ocrx_word' id='word_1_219' title='bbox 1935 1676 2047 1721; x_wconf 90' lang='lat' dir='ltr'>omnes</span> <span class='ocrx_word' id='word_1_220' title='bbox 2068 1656 2184 1722; x_wconf 89' lang='lat' dir='ltr'>mundi</span> 
     </span>
     <span class='ocr_line' id='line_1_16' title="bbox 188 1735 2184 1824; baseline 0.001 -18"><span class='ocrx_word' id='word_1_221' title='bbox 188 1741 352 1824; x_wconf 63' lang='lat' dir='ltr'>sapienta</span> <span class='ocrx_word' id='word_1_222' title='bbox 372 1760 443 1821; x_wconf 80' lang='lat' dir='ltr'>eun,</span> <span class='ocrx_word' id='word_1_223' title='bbox 465 1745 549 1805; x_wconf 77' lang='lat' dir='ltr'>etm</span> <span class='ocrx_word' id='word_1_224' title='bbox 568 1740 717 1824; x_wconf 71' lang='lat' dir='ltr'>yloridur</span> <span class='ocrx_word' id='word_1_225' title='bbox 733 1737 827 1820; x_wconf 75' lang='lat' dir='ltr'>fortis</span> <span class='ocrx_word' id='word_1_226' title='bbox 841 1737 1071 1820; x_wconf 75' lang='lat' dir='ltr'>infortitudine</span> <span class='ocrx_word' id='word_1_227' title='bbox 1084 1757 1161 1804; x_wconf 82' lang='lat' dir='ltr'>eoo:</span> <span class='ocrx_word' id='word_1_228' title='bbox 1213 1735 1344 1821; x_wconf 86' lang='lat' dir='ltr'>glorias.</span> <span class='ocrx_word' id='word_1_229' title='bbox 1378 1735 1464 1802; x_wconf 90' lang='lat' dir='ltr'>Nam</span> <span class='ocrx_word' id='word_1_230' title='bbox 1486 1757 1585 1820; x_wconf 90' lang='lat' dir='ltr'>quum</span> <span class='ocrx_word' id='word_1_231' title='bbox 1604 1737 1691 1804; x_wconf 87' lang='lat' dir='ltr'>inter</span> <span class='ocrx_word' id='word_1_232' title='bbox 1706 1736 1845 1805; x_wconf 85' lang='lat' dir='ltr'>Iudaeos</span> <span class='ocrx_word' id='word_1_233' title='bbox 1859 1738 1917 1806; x_wconf 90' lang='lat' dir='ltr'>alii</span> <span class='ocrx_word' id='word_1_234' title='bbox 1931 1753 2042 1807; x_wconf 86' lang='lat' dir='ltr'>essent</span> <span class='ocrx_word' id='word_1_235' title='bbox 2057 1739 2184 1822; x_wconf 86' lang='lat' dir='ltr'>divites,</span> 
     </span>
     <span class='ocr_line' id='line_1_17' title="bbox 190 1821 2185 1910; baseline 0.001 -19"><span class='ocrx_word' id='word_1_236' title='bbox 190 1847 232 1892; x_wconf 85' lang='grc' dir='ltr'>ιιε</span> <span class='ocrx_word' id='word_1_237' title='bbox 250 1827 400 1910; x_wconf 68' lang='lat' dir='ltr'>glorietur</span> <span class='ocrx_word' id='word_1_238' title='bbox 419 1827 507 1892; x_wconf 76' lang='lat' dir='ltr'>diues</span> <span class='ocrx_word' id='word_1_239' title='bbox 527 1827 560 1891; x_wconf 78' lang='lat' dir='ltr'>ia</span> <span class='ocrx_word' id='word_1_240' title='bbox 582 1825 804 1894; x_wconf 64' lang='lat' dir='ltr'>stetissetis.</span> <span class='ocrx_word' id='word_1_241' title='bbox 936 1822 943 1836; x_wconf 87' lang='grc'><strong>“</strong></span> <span class='ocrx_word' id='word_1_242' title='bbox 1214 1821 1269 1887; x_wconf 89' lang='lat' dir='ltr'>alii</span> <span class='ocrx_word' id='word_1_243' title='bbox 1292 1831 1401 1890; x_wconf 88' lang='lat' dir='ltr'>autem</span> <span class='ocrx_word' id='word_1_244' title='bbox 1424 1821 1585 1905; x_wconf 86' lang='lat' dir='ltr'>pollerent</span> <span class='ocrx_word' id='word_1_245' title='bbox 1605 1829 1639 1888; x_wconf 90' lang='grc' dir='ltr'><strong>ει</strong></span> <span class='ocrx_word' id='word_1_246' title='bbox 1660 1821 1833 1906; x_wconf 88' lang='lat' dir='ltr'>prudentia</span> <span class='ocrx_word' id='word_1_247' title='bbox 1853 1833 1887 1890; x_wconf 90' lang='lat' dir='ltr'>et</span> <span class='ocrx_word' id='word_1_248' title='bbox 1906 1846 2016 1891; x_wconf 90' lang='lat' dir='ltr'>rerum</span> <span class='ocrx_word' id='word_1_249' title='bbox 2033 1847 2103 1905; x_wconf 88' lang='lat' dir='ltr'>usn,</span> <span class='ocrx_word' id='word_1_250' title='bbox 2128 1826 2185 1892; x_wconf 90' lang='lat' dir='ltr'>alii</span> 
     </span>
     <span class='ocr_line' id='line_1_18' title="bbox 280 1906 2183 1995; baseline 0.002 -19"><span class='ocrx_word' id='word_1_251' title='bbox 280 1912 331 1978; x_wconf 82' lang='lat'>24.</span> <span class='ocrx_word' id='word_1_252' title='bbox 351 1907 413 1976; x_wconf 77' lang='lat' dir='ltr'>see</span> <span class='ocrx_word' id='word_1_253' title='bbox 428 1913 462 1976; x_wconf 82' lang='lat' dir='ltr'>ie</span> <span class='ocrx_word' id='word_1_254' title='bbox 476 1911 530 1978; x_wconf 79' lang='lat' dir='ltr'>beo</span> <span class='ocrx_word' id='word_1_255' title='bbox 541 1911 692 1995; x_wconf 70' lang='lat' dir='ltr'>glorietur</span> <span class='ocrx_word' id='word_1_256' title='bbox 708 1911 764 1992; x_wconf 75' lang='lat' dir='ltr'>qut</span> <span class='ocrx_word' id='word_1_257' title='bbox 775 1909 938 1993; x_wconf 62' lang='lat' dir='ltr'>pluriam.</span> <span class='ocrx_word' id='word_1_258' title='bbox 960 1907 1161 1992; x_wconf 73' lang='lat' dir='ltr'>monosceodo</span> <span class='ocrx_word' id='word_1_259' title='bbox 1214 1917 1323 1974; x_wconf 89' lang='lat' dir='ltr'>autem</span> <span class='ocrx_word' id='word_1_260' title='bbox 1356 1907 1478 1974; x_wconf 86' lang='lat' dir='ltr'>divitiis</span> <span class='ocrx_word' id='word_1_261' title='bbox 1506 1906 1620 1976; x_wconf 79' lang='lat' dir='ltr'>referti</span> <span class='ocrx_word' id='word_1_262' title='bbox 1647 1917 1765 1986; x_wconf 89' lang='lat' dir='ltr'>essent,</span> <span class='ocrx_word' id='word_1_263' title='bbox 1794 1909 1841 1975; x_wconf 90' lang='lat' dir='ltr'>ita</span> <span class='ocrx_word' id='word_1_264' title='bbox 1870 1909 1970 1976; x_wconf 86' lang='lat' dir='ltr'>fiebat</span> <span class='ocrx_word' id='word_1_265' title='bbox 2000 1920 2036 1975; x_wconf 90' lang='lat' dir='ltr'>ut</span> <span class='ocrx_word' id='word_1_266' title='bbox 2059 1911 2183 1980; x_wconf 89' lang='lat' dir='ltr'>nullius</span> 
     </span>
    </p>

    <p class='ocr_par' dir='ltr' id='par_1_4' title="bbox 189 1991 2182 2334">
     <span class='ocr_line' id='line_1_19' title="bbox 190 1991 2182 2080; baseline 0.001 -16"><span class='ocrx_word' id='word_1_267' title='bbox 190 2002 221 2064; x_wconf 81' lang='grc' dir='ltr'><strong>ει</strong></span> <span class='ocrx_word' id='word_1_268' title='bbox 240 1997 363 2064; x_wconf 58' lang='lat' dir='ltr'>muodo</span> <span class='ocrx_word' id='word_1_269' title='bbox 380 2016 445 2079; x_wconf 82' lang='lat' dir='ltr'>me,</span> <span class='ocrx_word' id='word_1_270' title='bbox 478 1998 559 2079; x_wconf 81' lang='lat' dir='ltr'>qood</span> <span class='ocrx_word' id='word_1_271' title='bbox 579 2016 632 2080; x_wconf 69' lang='lat' dir='ltr'>eqo</span> <span class='ocrx_word' id='word_1_272' title='bbox 652 2016 723 2062; x_wconf 82' lang='lat' dir='ltr'>eum</span> <span class='ocrx_word' id='word_1_273' title='bbox 744 1995 880 2060; x_wconf 77' lang='lat' dir='ltr'>Ielrovob</span> <span class='ocrx_word' id='word_1_274' title='bbox 898 1994 1019 2075; x_wconf 64' lang='lat' dir='ltr'>foektse</span> <span class='ocrx_word' id='word_1_275' title='bbox 1039 1994 1161 2059; x_wconf 81' lang='lat' dir='ltr'>miseri-</span> <span class='ocrx_word' id='word_1_276' title='bbox 1213 1991 1299 2076; x_wconf 90' lang='lat' dir='ltr'>apud</span> <span class='ocrx_word' id='word_1_277' title='bbox 1331 1992 1419 2075; x_wconf 91' lang='lat' dir='ltr'>ipsos</span> <span class='ocrx_word' id='word_1_278' title='bbox 1452 1992 1550 2077; x_wconf 89' lang='lat' dir='ltr'>pretii</span> <span class='ocrx_word' id='word_1_279' title='bbox 1576 2005 1661 2060; x_wconf 90' lang='lat' dir='ltr'>esset</span> <span class='ocrx_word' id='word_1_280' title='bbox 1688 1993 1836 2062; x_wconf 87' lang='lat' dir='ltr'>eoelestis</span> <span class='ocrx_word' id='word_1_281' title='bbox 1865 1994 2021 2062; x_wconf 86' lang='lat' dir='ltr'>doetrina.</span> <span class='ocrx_word' id='word_1_282' title='bbox 2071 1996 2182 2077; x_wconf 76' lang='lat' dir='ltr'>Quum</span> 
     </span>
     <span class='ocr_line' id='line_1_20' title="bbox 189 2077 2182 2166; baseline -0.001 -16"><span class='ocrx_word' id='word_1_283' title='bbox 189 2083 334 2150; x_wconf 81' lang='lat' dir='ltr'>cordiam</span> <span class='ocrx_word' id='word_1_284' title='bbox 356 2081 598 2166; x_wconf 84' lang='lat' dir='ltr'>(elementiam).</span> <span class='ocrx_word' id='word_1_285' title='bbox 619 2081 772 2146; x_wconf 80' lang='lat' dir='ltr'>iuditium</span> <span class='ocrx_word' id='word_1_286' title='bbox 793 2079 990 2145; x_wconf 80' lang='lat' dir='ltr'>eliuetiliom</span> <span class='ocrx_word' id='word_1_287' title='bbox 1006 2080 1042 2144; x_wconf 79' lang='lat' dir='ltr'>itt</span> <span class='ocrx_word' id='word_1_288' title='bbox 1058 2084 1161 2145; x_wconf 70' lang='grc' dir='ltr'><strong>ιενναι</strong></span> <span class='ocrx_word' id='word_1_289' title='bbox 1214 2100 1291 2163; x_wconf 87' lang='lat' dir='ltr'>ergo</span> <span class='ocrx_word' id='word_1_290' title='bbox 1321 2078 1378 2144; x_wconf 93' lang='lat' dir='ltr'>alii</span> <span class='ocrx_word' id='word_1_291' title='bbox 1406 2099 1482 2145; x_wconf 87' lang='lat' dir='ltr'>suos</span> <span class='ocrx_word' id='word_1_292' title='bbox 1510 2077 1639 2145; x_wconf 87' lang='lat' dir='ltr'>divitias</span> <span class='ocrx_word' id='word_1_293' title='bbox 1665 2083 1868 2162; x_wconf 86' lang='lat' dir='ltr'>opponerent</span> <span class='ocrx_word' id='word_1_294' title='bbox 1889 2102 1931 2146; x_wconf 91' lang='grc' dir='ltr'>ιιε</span> <span class='ocrx_word' id='word_1_295' title='bbox 1952 2080 2119 2148; x_wconf 90' lang='lat' dir='ltr'>eoeederet</span> <span class='ocrx_word' id='word_1_296' title='bbox 2140 2081 2182 2148; x_wconf 85' lang='lat' dir='ltr'>ad</span> 
     </span>
     <span class='ocr_line' id='line_1_21' title="bbox 190 2163 2182 2253; baseline 0.001 -21"><span class='ocrx_word' id='word_1_297' title='bbox 190 2168 272 2251; x_wconf 79' lang='lat' dir='ltr'>quin</span> <span class='ocrx_word' id='word_1_298' title='bbox 293 2168 328 2232; x_wconf 80' lang='lat' dir='ltr'>io</span> <span class='ocrx_word' id='word_1_299' title='bbox 349 2167 400 2232; x_wconf 75' lang='lat' dir='ltr'>tte</span> <span class='ocrx_word' id='word_1_300' title='bbox 419 2166 711 2253; x_wconf 71' lang='lat' dir='ltr'>mmplueoitmibi,</span> <span class='ocrx_word' id='word_1_301' title='bbox 733 2165 807 2232; x_wconf 82' lang='lat' dir='ltr'>dieit</span> <span class='ocrx_word' id='word_1_302' title='bbox 830 2163 975 2232; x_wconf 80' lang='lat' dir='ltr'>leloeob.</span> <span class='ocrx_word' id='word_1_303' title='bbox 1214 2165 1302 2247; x_wconf 92' lang='lat' dir='ltr'>ipsos</span> <span class='ocrx_word' id='word_1_304' title='bbox 1321 2164 1424 2244; x_wconf 89' lang='lat' dir='ltr'>Deus,</span> <span class='ocrx_word' id='word_1_305' title='bbox 1446 2163 1501 2232; x_wconf 91' lang='lat' dir='ltr'>alii</span> <span class='ocrx_word' id='word_1_306' title='bbox 1524 2173 1632 2232; x_wconf 83' lang='lat' dir='ltr'>eutem</span> <span class='ocrx_word' id='word_1_307' title='bbox 1655 2185 1749 2232; x_wconf 87' lang='lat' dir='ltr'>suom</span> <span class='ocrx_word' id='word_1_308' title='bbox 1772 2164 1988 2248; x_wconf 87' lang='lat' dir='ltr'>prudentiam,</span> <span class='ocrx_word' id='word_1_309' title='bbox 2011 2167 2067 2232; x_wconf 88' lang='lat' dir='ltr'>alii</span> <span class='ocrx_word' id='word_1_310' title='bbox 2089 2188 2182 2234; x_wconf 92' lang='lat' dir='ltr'>suam</span> 
     </span>
     <span class='ocr_line' id='line_1_22' title="bbox 1215 2249 2182 2334; baseline 0.004 -20"><span class='ocrx_word' id='word_1_311' title='bbox 1215 2250 1369 2317; x_wconf 88' lang='lat' dir='ltr'>virtutem</span> <span class='ocrx_word' id='word_1_312' title='bbox 1397 2261 1431 2315; x_wconf 92' lang='grc' dir='ltr'><strong>ει</strong></span> <span class='ocrx_word' id='word_1_313' title='bbox 1460 2249 1541 2314; x_wconf 89' lang='lat' dir='ltr'>alias</span> <span class='ocrx_word' id='word_1_314' title='bbox 1562 2270 1581 2315; x_wconf 95' lang='lat' dir='ltr'>o</span> <span class='ocrx_word' id='word_1_315' title='bbox 1604 2270 1653 2316; x_wconf 91' lang='lat' dir='ltr'>es:</span> <span class='ocrx_word' id='word_1_316' title='bbox 1683 2251 1841 2334; x_wconf 87' lang='lat' dir='ltr'>propbeta</span> <span class='ocrx_word' id='word_1_317' title='bbox 1863 2250 1916 2317; x_wconf 89' lang='lat' dir='ltr'>hie</span> <span class='ocrx_word' id='word_1_318' title='bbox 1939 2252 2109 2318; x_wconf 89' lang='lat' dir='ltr'>denuntiat</span> <span class='ocrx_word' id='word_1_319' title='bbox 2131 2255 2182 2318; x_wconf 86' lang='lat' dir='ltr'>fu·</span> 
     </span>
    </p>

    <p class='ocr_par' dir='ltr' id='par_1_5' title="bbox 281 2333 2182 2422">
     <span class='ocr_line' id='line_1_23' title="bbox 281 2333 2182 2422; baseline 0.001 -20"><span class='ocrx_word' id='word_1_320' title='bbox 281 2337 388 2404; x_wconf 84' lang='lat' dir='ltr'>Leone</span> <span class='ocrx_word' id='word_1_321' title='bbox 406 2338 460 2403; x_wconf 88' lang='lat' dir='ltr'>bio</span> <span class='ocrx_word' id='word_1_322' title='bbox 481 2337 696 2422; x_wconf 84' lang='lat' dir='ltr'>insignisset,</span> <span class='ocrx_word' id='word_1_323' title='bbox 718 2345 751 2400; x_wconf 90' lang='lat' dir='ltr'>et</span> <span class='ocrx_word' id='word_1_324' title='bbox 765 2335 865 2400; x_wconf 90' lang='lat' dir='ltr'>etiam</span> <span class='ocrx_word' id='word_1_325' title='bbox 883 2334 998 2402; x_wconf 87' lang='lat' dir='ltr'>volitat</span> <span class='ocrx_word' id='word_1_326' title='bbox 1012 2335 1162 2418; x_wconf 80' lang='lat' dir='ltr'>frequen·</span> <span class='ocrx_word' id='word_1_327' title='bbox 1214 2354 1303 2399; x_wconf 93' lang='lat' dir='ltr'>mum</span> <span class='ocrx_word' id='word_1_328' title='bbox 1335 2354 1405 2401; x_wconf 90' lang='lat' dir='ltr'>osse</span> <span class='ocrx_word' id='word_1_329' title='bbox 1434 2333 1568 2417; x_wconf 89' lang='lat' dir='ltr'>quidqui</span> <span class='ocrx_word' id='word_1_330' title='bbox 1619 2334 1742 2418; x_wconf 82' lang='lat' dir='ltr'>gloriae</span> <span class='ocrx_word' id='word_1_331' title='bbox 1769 2335 1829 2402; x_wconf 92' lang='lat' dir='ltr'>sibi</span> <span class='ocrx_word' id='word_1_332' title='bbox 1859 2345 2032 2402; x_wconf 86' lang='lat' dir='ltr'>assumunt</span> <span class='ocrx_word' id='word_1_333' title='bbox 2053 2357 2095 2402; x_wconf 85' lang='lat' dir='ltr'>er</span> <span class='ocrx_word' id='word_1_334' title='bbox 2116 2337 2182 2404; x_wconf 91' lang='lat' dir='ltr'>illis</span> 
     </span>
    </p>

    <p class='ocr_par' dir='ltr' id='par_1_6' title="bbox 190 2419 2182 2849">
     <span class='ocr_line' id='line_1_24' title="bbox 191 2419 2182 2508; baseline 0 -20"><span class='ocrx_word' id='word_1_335' title='bbox 191 2431 246 2488; x_wconf 89' lang='lat' dir='ltr'>ter</span> <span class='ocrx_word' id='word_1_336' title='bbox 267 2423 302 2486; x_wconf 91' lang='lat' dir='ltr'>iu</span> <span class='ocrx_word' id='word_1_337' title='bbox 325 2443 381 2488; x_wconf 93' lang='lat' dir='ltr'>ore</span> <span class='ocrx_word' id='word_1_338' title='bbox 405 2421 592 2500; x_wconf 90' lang='lat' dir='ltr'>hominum,</span> <span class='ocrx_word' id='word_1_339' title='bbox 626 2433 661 2487; x_wconf 91' lang='lat' dir='ltr'>nt</span> <span class='ocrx_word' id='word_1_340' title='bbox 690 2421 771 2488; x_wconf 85' lang='lat' dir='ltr'>aliae</span> <span class='ocrx_word' id='word_1_341' title='bbox 799 2420 941 2487; x_wconf 88' lang='lat' dir='ltr'>eelebrss</span> <span class='ocrx_word' id='word_1_342' title='bbox 970 2422 1160 2498; x_wconf 89' lang='lat' dir='ltr'>sententiae,</span> <span class='ocrx_word' id='word_1_343' title='bbox 1215 2419 1447 2504; x_wconf 83' lang='lat' dir='ltr'>temporalibus</span> <span class='ocrx_word' id='word_1_344' title='bbox 1474 2419 1539 2485; x_wconf 91' lang='lat' dir='ltr'>Dei</span> <span class='ocrx_word' id='word_1_345' title='bbox 1565 2419 1738 2490; x_wconf 87' lang='lat' dir='ltr'>benefioiis.</span> <span class='ocrx_word' id='word_1_346' title='bbox 1787 2421 1861 2488; x_wconf 92' lang='lat' dir='ltr'>Hoo</span> <span class='ocrx_word' id='word_1_347' title='bbox 1886 2421 1987 2508; x_wconf 88' lang='lat' dir='ltr'>igitur</span> <span class='ocrx_word' id='word_1_348' title='bbox 2016 2421 2182 2500; x_wconf 85' lang='lat' dir='ltr'>residuum</span> 
     </span>
     <span class='ocr_line' id='line_1_25' title="bbox 191 2503 2182 2592; baseline 0.001 -19"><span class='ocrx_word' id='word_1_349' title='bbox 191 2529 279 2592; x_wconf 91' lang='lat' dir='ltr'>qnae</span> <span class='ocrx_word' id='word_1_350' title='bbox 301 2515 457 2590; x_wconf 87' lang='lat' dir='ltr'>tanquam</span> <span class='ocrx_word' id='word_1_351' title='bbox 480 2507 699 2589; x_wconf 84' lang='lat' dir='ltr'>proverbiales</span> <span class='ocrx_word' id='word_1_352' title='bbox 722 2506 825 2590; x_wconf 83' lang='lat' dir='ltr'>magis</span> <span class='ocrx_word' id='word_1_353' title='bbox 847 2517 943 2574; x_wconf 84' lang='lat' dir='ltr'>notae</span> <span class='ocrx_word' id='word_1_354' title='bbox 960 2511 1048 2571; x_wconf 87' lang='lat' dir='ltr'>sunt.</span> <span class='ocrx_word' id='word_1_355' title='bbox 1095 2503 1160 2572; x_wconf 81' lang='lat' dir='ltr'>Sed</span> <span class='ocrx_word' id='word_1_356' title='bbox 1214 2513 1293 2583; x_wconf 84' lang='lat' dir='ltr'>erat,</span> <span class='ocrx_word' id='word_1_357' title='bbox 1316 2515 1353 2571; x_wconf 93' lang='lat' dir='ltr'>ut</span> <span class='ocrx_word' id='word_1_358' title='bbox 1366 2504 1480 2572; x_wconf 86' lang='lat' dir='ltr'>Iudaei</span> <span class='ocrx_word' id='word_1_359' title='bbox 1503 2505 1672 2588; x_wconf 85' lang='lat' dir='ltr'>sentirent,</span> <span class='ocrx_word' id='word_1_360' title='bbox 1694 2505 1777 2571; x_wconf 86' lang='lat' dir='ltr'>nihil</span> <span class='ocrx_word' id='word_1_361' title='bbox 1800 2505 1862 2576; x_wconf 91' lang='lat' dir='ltr'>sibi</span> <span class='ocrx_word' id='word_1_362' title='bbox 1904 2507 2033 2576; x_wconf 91' lang='lat' dir='ltr'>rodesse</span> <span class='ocrx_word' id='word_1_363' title='bbox 2047 2509 2182 2575; x_wconf 88' lang='lat' dir='ltr'>fiduoias</span> 
     </span>
     <span class='ocr_line' id='line_1_26' title="bbox 191 2529 2182 2676; baseline 0.001 -18"><span class='ocrx_word' id='word_1_364' title='bbox 191 2594 320 2660; x_wconf 86' lang='lat' dir='ltr'>interea</span> <span class='ocrx_word' id='word_1_365' title='bbox 350 2594 442 2676; x_wconf 87' lang='lat' dir='ltr'>pauni</span> <span class='ocrx_word' id='word_1_366' title='bbox 472 2593 664 2676; x_wconf 85' lang='lat' dir='ltr'>expendunt</span> <span class='ocrx_word' id='word_1_367' title='bbox 695 2590 855 2675; x_wconf 87' lang='lat' dir='ltr'>quomodo</span> <span class='ocrx_word' id='word_1_368' title='bbox 887 2591 967 2658; x_wconf 87' lang='lat' dir='ltr'>heeo</span> <span class='ocrx_word' id='word_1_369' title='bbox 1000 2591 1162 2658; x_wconf 88' lang='lat' dir='ltr'>sententia</span> <span class='ocrx_word' id='word_1_370' title='bbox 1214 2610 1326 2657; x_wconf 88' lang='lat' dir='ltr'>omnes</span> <span class='ocrx_word' id='word_1_371' title='bbox 1366 2590 1523 2658; x_wconf 88' lang='lat' dir='ltr'>advorsus</span> <span class='ocrx_word' id='word_1_372' title='bbox 1558 2589 1621 2658; x_wconf 91' lang='lat' dir='ltr'>Dei</span> <span class='ocrx_word' id='word_1_373' title='bbox 1654 2590 1819 2658; x_wconf 82' lang='lat' dir='ltr'>iuditium.</span> <span class='ocrx_word' id='word_1_374' title='bbox 1876 2529 1941 2660; x_wconf 62' lang='lat' dir='ltr'>god</span> <span class='ocrx_word' id='word_1_375' title='bbox 1974 2593 2051 2661; x_wconf 90' lang='lat' dir='ltr'>bine</span> <span class='ocrx_word' id='word_1_376' title='bbox 2084 2595 2182 2660; x_wconf 88' lang='lat' dir='ltr'>etiam</span> 
     </span>
     <span class='ocr_line' id='line_1_27' title="bbox 190 2673 2182 2762; baseline 0 -16"><span class='ocrx_word' id='word_1_377' title='bbox 190 2699 270 2746; x_wconf 91' lang='lat' dir='ltr'>oum</span> <span class='ocrx_word' id='word_1_378' title='bbox 304 2679 466 2761; x_wconf 85' lang='lat' dir='ltr'>superiori</span> <span class='ocrx_word' id='word_1_379' title='bbox 502 2680 648 2744; x_wconf 87' lang='lat' dir='ltr'>doetrina</span> <span class='ocrx_word' id='word_1_380' title='bbox 687 2677 866 2744; x_wconf 87' lang='lat' dir='ltr'>oohoereat.</span> <span class='ocrx_word' id='word_1_381' title='bbox 926 2677 1014 2762; x_wconf 83' lang='lat' dir='ltr'>Ilrgo</span> <span class='ocrx_word' id='word_1_382' title='bbox 1054 2676 1161 2759; x_wconf 89' lang='lat' dir='ltr'>multi,</span> <span class='ocrx_word' id='word_1_383' title='bbox 1214 2673 1378 2760; x_wconf 88' lang='lat' dir='ltr'>eolligitnr</span> <span class='ocrx_word' id='word_1_384' title='bbox 1421 2675 1562 2743; x_wconf 89' lang='lat' dir='ltr'>eneralis</span> <span class='ocrx_word' id='word_1_385' title='bbox 1584 2675 1740 2744; x_wconf 89' lang='lat' dir='ltr'>doetrina.</span> <span class='ocrx_word' id='word_1_386' title='bbox 1774 2677 1820 2744; x_wconf 87' lang='lat' dir='ltr'>ltt</span> <span class='ocrx_word' id='word_1_387' title='bbox 1838 2677 1961 2746; x_wconf 84' lang='lat' dir='ltr'>Paulus</span> <span class='ocrx_word' id='word_1_388' title='bbox 1982 2678 2182 2747; x_wconf 90' lang='lat' dir='ltr'>hauddubie</span> 
     </span>
     <span class='ocr_line' id='line_1_28' title="bbox 191 2698 2181 2849; baseline 0.001 -20"><span class='ocrx_word' id='word_1_389' title='bbox 191 2764 286 2847; x_wconf 89' lang='lat' dir='ltr'>quasi</span> <span class='ocrx_word' id='word_1_390' title='bbox 308 2775 394 2830; x_wconf 88' lang='lat' dir='ltr'>asset</span> <span class='ocrx_word' id='word_1_391' title='bbox 414 2763 572 2848; x_wconf 86' lang='lat' dir='ltr'>abruptus</span> <span class='ocrx_word' id='word_1_392' title='bbox 594 2784 716 2844; x_wconf 85' lang='lat' dir='ltr'>sermo,</span> <span class='ocrx_word' id='word_1_393' title='bbox 748 2771 781 2830; x_wconf 86' lang='grc' dir='ltr'><strong>ει</strong></span> <span class='ocrx_word' id='word_1_394' title='bbox 808 2763 899 2846; x_wconf 86' lang='lat' dir='ltr'>quasi</span> <span class='ocrx_word' id='word_1_395' title='bbox 922 2761 1080 2845; x_wconf 80' lang='lat' dir='ltr'>propheta</span> <span class='ocrx_word' id='word_1_396' title='bbox 1101 2762 1160 2827; x_wconf 91' lang='lat' dir='ltr'>ali-</span> <span class='ocrx_word' id='word_1_397' title='bbox 1213 2761 1338 2844; x_wconf 86' lang='lat' dir='ltr'>primae</span> <span class='ocrx_word' id='word_1_398' title='bbox 1367 2698 1420 2828; x_wconf 57' lang='lat' dir='ltr'>arf</span> <span class='ocrx_word' id='word_1_399' title='bbox 1431 2761 1582 2830; x_wconf 80' lang='lat' dir='ltr'>Corinth.</span> <span class='ocrx_word' id='word_1_400' title='bbox 1604 2782 1672 2844; x_wconf 87' lang='lat' dir='ltr'>oop.</span> <span class='ocrx_word' id='word_1_401' title='bbox 1697 2764 1714 2827; x_wconf 97' lang='lat'>1</span> <span class='ocrx_word' id='word_1_402' title='bbox 1738 2760 1783 2848; x_wconf 89' lang='lat' dir='ltr'>(v.</span> <span class='ocrx_word' id='word_1_403' title='bbox 1807 2760 1864 2849; x_wconf 88' lang='grc'>31)</span> <span class='ocrx_word' id='word_1_404' title='bbox 1895 2763 1935 2829; x_wconf 89' lang='lat' dir='ltr'>ad</span> <span class='ocrx_word' id='word_1_405' title='bbox 1965 2764 2052 2830; x_wconf 88' lang='lat' dir='ltr'>huon</span> <span class='ocrx_word' id='word_1_406' title='bbox 2073 2765 2181 2836; x_wconf 87' lang='lat' dir='ltr'>looum</span> 
     </span>
    </p>
   </div>
   <div class='ocr_carea' id='block_1_3' title="bbox 191 2845 2182 3020">
    <p class='ocr_par' dir='ltr' id='par_1_7' title="bbox 191 2845 2182 3020">
     <span class='ocr_line' id='line_1_29' title="bbox 191 2845 2182 2934; baseline 0 -19"><span class='ocrx_word' id='word_1_407' title='bbox 191 2849 272 2934; x_wconf 91' lang='lat' dir='ltr'>quid</span> <span class='ocrx_word' id='word_1_408' title='bbox 294 2869 417 2916; x_wconf 89' lang='lat' dir='ltr'>novum</span> <span class='ocrx_word' id='word_1_409' title='bbox 441 2848 548 2916; x_wconf 88' lang='lat' dir='ltr'>dinero</span> <span class='ocrx_word' id='word_1_410' title='bbox 569 2850 736 2934; x_wconf 88' lang='lat' dir='ltr'>inoiperot,</span> <span class='ocrx_word' id='word_1_411' title='bbox 758 2848 904 2916; x_wconf 83' lang='lat' dir='ltr'>oontenti</span> <span class='ocrx_word' id='word_1_412' title='bbox 925 2859 1003 2914; x_wconf 88' lang='lat' dir='ltr'>sunt</span> <span class='ocrx_word' id='word_1_413' title='bbox 1020 2846 1160 2932; x_wconf 79' lang='lat' dir='ltr'>simplici</span> <span class='ocrx_word' id='word_1_414' title='bbox 1213 2847 1371 2930; x_wconf 83' lang='lat' dir='ltr'>respexit:</span> <span class='ocrx_word' id='word_1_415' title='bbox 1400 2845 1494 2914; x_wconf 85' lang='lat' dir='ltr'>dooet</span> <span class='ocrx_word' id='word_1_416' title='bbox 1514 2847 1581 2915; x_wconf 88' lang='lat' dir='ltr'>illie</span> <span class='ocrx_word' id='word_1_417' title='bbox 1602 2845 1713 2917; x_wconf 88' lang='lat' dir='ltr'>Deum</span> <span class='ocrx_word' id='word_1_418' title='bbox 1735 2847 1855 2934; x_wconf 81' lang='lat' dir='ltr'>eligere</span> <span class='ocrx_word' id='word_1_419' title='bbox 1877 2869 1959 2930; x_wconf 90' lang='lat' dir='ltr'>quae</span> <span class='ocrx_word' id='word_1_420' title='bbox 1980 2850 2083 2916; x_wconf 87' lang='lat' dir='ltr'>stulta</span> <span class='ocrx_word' id='word_1_421' title='bbox 2104 2856 2182 2918; x_wconf 88' lang='lat' dir='ltr'>sunt</span> 
     </span>
     <span class='ocr_line' id='line_1_30' title="bbox 191 2929 2182 3020; baseline 0 -18"><span class='ocrx_word' id='word_1_422' title='bbox 191 2935 406 3019; x_wconf 85' lang='lat' dir='ltr'>expositione,</span> <span class='ocrx_word' id='word_1_423' title='bbox 428 2947 461 3000; x_wconf 94' lang='lat' dir='ltr'>et</span> <span class='ocrx_word' id='word_1_424' title='bbox 482 2936 663 3002; x_wconf 88' lang='lat' dir='ltr'>subsistunt</span> <span class='ocrx_word' id='word_1_425' title='bbox 684 2934 720 3000; x_wconf 93' lang='lat' dir='ltr'>in</span> <span class='ocrx_word' id='word_1_426' title='bbox 743 2933 795 3000; x_wconf 89' lang='lat' dir='ltr'>his</span> <span class='ocrx_word' id='word_1_427' title='bbox 816 2933 935 2999; x_wconf 88' lang='lat' dir='ltr'>verbis.</span> <span class='ocrx_word' id='word_1_428' title='bbox 973 2931 1029 2999; x_wconf 83' lang='lat' dir='ltr'>Sio</span> <span class='ocrx_word' id='word_1_429' title='bbox 1051 2941 1160 2998; x_wconf 89' lang='lat' dir='ltr'>sutem</span> <span class='ocrx_word' id='word_1_430' title='bbox 1213 2932 1247 2998; x_wconf 90' lang='lat' dir='ltr'>iu</span> <span class='ocrx_word' id='word_1_431' title='bbox 1277 2929 1409 3013; x_wconf 87' lang='lat' dir='ltr'>mundo,</span> <span class='ocrx_word' id='word_1_432' title='bbox 1439 2941 1476 2998; x_wconf 91' lang='grc' dir='ltr'>ιιι</span> <span class='ocrx_word' id='word_1_433' title='bbox 1505 2933 1553 2999; x_wconf 87' lang='lat' dir='ltr'>ita</span> <span class='ocrx_word' id='word_1_434' title='bbox 1578 2931 1761 3015; x_wconf 84' lang='lat' dir='ltr'>pudelaoiat</span> <span class='ocrx_word' id='word_1_435' title='bbox 1783 2933 1897 2998; x_wconf 91' lang='lat' dir='ltr'>mundi</span> <span class='ocrx_word' id='word_1_436' title='bbox 1919 2933 2123 3020; x_wconf 89' lang='lat' dir='ltr'>sapientiam,</span> <span class='ocrx_word' id='word_1_437' title='bbox 2149 2945 2182 3007; x_wconf 89' lang='lat' dir='ltr'>et</span> 
     </span>
    </p>
   </div>
   <div class='ocr_carea' id='block_1_4' title="bbox 191 3017 2182 5325">
    <p class='ocr_par' dir='ltr' id='par_1_8' title="bbox 191 3017 2182 5148">
     <span class='ocr_line' id='line_1_31' title="bbox 191 3017 2181 3104; baseline 0.001 -19"><span class='ocrx_word' id='word_1_438' title='bbox 191 3027 388 3104; x_wconf 88' lang='lat' dir='ltr'>pervertunt</span> <span class='ocrx_word' id='word_1_439' title='bbox 410 3021 587 3104; x_wconf 85' lang='lat' dir='ltr'>prophetae</span> <span class='ocrx_word' id='word_1_440' title='bbox 609 3026 769 3099; x_wconf 88' lang='lat' dir='ltr'>montem,</span> <span class='ocrx_word' id='word_1_441' title='bbox 797 3017 849 3084; x_wconf 91' lang='lat' dir='ltr'>vel</span> <span class='ocrx_word' id='word_1_442' title='bbox 876 3019 991 3087; x_wconf 84' lang='lat' dir='ltr'>saltem</span> <span class='ocrx_word' id='word_1_443' title='bbox 1021 3017 1160 3084; x_wconf 88' lang='lat' dir='ltr'>multum</span> <span class='ocrx_word' id='word_1_444' title='bbox 1212 3017 1334 3100; x_wconf 87' lang='lat' dir='ltr'>eligere</span> <span class='ocrx_word' id='word_1_445' title='bbox 1355 3037 1438 3100; x_wconf 82' lang='lat' dir='ltr'>quas</span> <span class='ocrx_word' id='word_1_446' title='bbox 1460 3026 1537 3087; x_wconf 88' lang='lat' dir='ltr'>sunt</span> <span class='ocrx_word' id='word_1_447' title='bbox 1558 3017 1698 3098; x_wconf 87' lang='lat' dir='ltr'>infirme,</span> <span class='ocrx_word' id='word_1_448' title='bbox 1720 3028 1758 3083; x_wconf 91' lang='lat' dir='ltr'>nt</span> <span class='ocrx_word' id='word_1_449' title='bbox 1779 3017 1879 3084; x_wconf 90' lang='lat' dir='ltr'>robur</span> <span class='ocrx_word' id='word_1_450' title='bbox 1900 3019 2015 3086; x_wconf 92' lang='lat' dir='ltr'>muudi</span> <span class='ocrx_word' id='word_1_451' title='bbox 2038 3028 2181 3086; x_wconf 85' lang='lat' dir='ltr'>evertat:</span> 
     </span>
     <span class='ocr_line' id='line_1_32' title="bbox 191 3099 2179 3190; baseline -0.001 -18"><span class='ocrx_word' id='word_1_452' title='bbox 191 3107 382 3173; x_wconf 90' lang='lat' dir='ltr'>diminuunt</span> <span class='ocrx_word' id='word_1_453' title='bbox 410 3127 452 3172; x_wconf 87' lang='lat' dir='ltr'>ex</span> <span class='ocrx_word' id='word_1_454' title='bbox 481 3107 626 3174; x_wconf 83' lang='lat' dir='ltr'>eifieaoia</span> <span class='ocrx_word' id='word_1_455' title='bbox 658 3103 830 3172; x_wconf 85' lang='lat' dir='ltr'>doetrinae.</span> <span class='ocrx_word' id='word_1_456' title='bbox 881 3102 968 3168; x_wconf 84' lang='lat' dir='ltr'>Nam</span> <span class='ocrx_word' id='word_1_457' title='bbox 1001 3104 1160 3187; x_wconf 85' lang='lat' dir='ltr'>propbeta</span> <span class='ocrx_word' id='word_1_458' title='bbox 1213 3102 1371 3188; x_wconf 85' lang='lat' dir='ltr'>adiungit,</span> <span class='ocrx_word' id='word_1_459' title='bbox 1394 3109 1431 3169; x_wconf 89' lang='lat' dir='ltr'>ut</span> <span class='ocrx_word' id='word_1_460' title='bbox 1447 3101 1605 3188; x_wconf 83' lang='lat' dir='ltr'>glorietur</span> <span class='ocrx_word' id='word_1_461' title='bbox 1622 3102 1658 3168; x_wconf 92' lang='lat' dir='ltr'>in</span> <span class='ocrx_word' id='word_1_462' title='bbox 1673 3099 1744 3170; x_wconf 89' lang='lat' dir='ltr'>Deo</span> <span class='ocrx_word' id='word_1_463' title='bbox 1763 3103 1831 3172; x_wconf 93' lang='lat' dir='ltr'>solo</span> <span class='ocrx_word' id='word_1_464' title='bbox 1846 3105 1996 3188; x_wconf 90' lang='lat' dir='ltr'>quisquis</span> <span class='ocrx_word' id='word_1_465' title='bbox 2011 3106 2179 3190; x_wconf 85' lang='lat' dir='ltr'>gloriatur.</span> 
     </span>
     <span class='ocr_line' id='line_1_33' title="bbox 192 3186 2180 3276; baseline -0.001 -17"><span class='ocrx_word' id='word_1_466' title='bbox 192 3191 283 3258; x_wconf 88' lang='lat' dir='ltr'>haud</span> <span class='ocrx_word' id='word_1_467' title='bbox 305 3189 402 3256; x_wconf 90' lang='lat' dir='ltr'>dubie</span> <span class='ocrx_word' id='word_1_468' title='bbox 423 3192 557 3274; x_wconf 89' lang='lat' dir='ltr'>respieit</span> <span class='ocrx_word' id='word_1_469' title='bbox 578 3192 619 3261; x_wconf 85' lang='lat' dir='ltr'>nd</span> <span class='ocrx_word' id='word_1_470' title='bbox 640 3191 827 3274; x_wconf 87' lang='lat' dir='ltr'>proximum</span> <span class='ocrx_word' id='word_1_471' title='bbox 845 3197 1047 3257; x_wconf 87' lang='lat' dir='ltr'>oontextum:</span> <span class='ocrx_word' id='word_1_472' title='bbox 1071 3188 1159 3256; x_wconf 86' lang='lat' dir='ltr'>vide-</span> <span class='ocrx_word' id='word_1_473' title='bbox 1213 3187 1287 3254; x_wconf 89' lang='lat' dir='ltr'>Non</span> <span class='ocrx_word' id='word_1_474' title='bbox 1317 3186 1450 3254; x_wconf 89' lang='lat' dir='ltr'>dubium</span> <span class='ocrx_word' id='word_1_475' title='bbox 1480 3196 1531 3254; x_wconf 89' lang='lat' dir='ltr'>ost</span> <span class='ocrx_word' id='word_1_476' title='bbox 1558 3187 1637 3273; x_wconf 90' lang='lat' dir='ltr'>quin</span> <span class='ocrx_word' id='word_1_477' title='bbox 1666 3188 1842 3272; x_wconf 86' lang='lat' dir='ltr'>sumpserit</span> <span class='ocrx_word' id='word_1_478' title='bbox 1869 3188 1930 3256; x_wconf 91' lang='lat' dir='ltr'>hoo</span> <span class='ocrx_word' id='word_1_479' title='bbox 1956 3211 1975 3259; x_wconf 91' lang='lat' dir='ltr'>a</span> <span class='ocrx_word' id='word_1_480' title='bbox 2004 3192 2180 3276; x_wconf 87' lang='lat' dir='ltr'>propheta:</span> 
     </span>
     <span class='ocr_line' id='line_1_34' title="bbox 193 3272 2182 3360; baseline 0.001 -18"><span class='ocrx_word' id='word_1_481' title='bbox 193 3276 371 3353; x_wconf 86' lang='lat' dir='ltr'>batonim,</span> <span class='ocrx_word' id='word_1_482' title='bbox 394 3279 517 3341; x_wconf 87' lang='lat' dir='ltr'>utiam</span> <span class='ocrx_word' id='word_1_483' title='bbox 540 3275 763 3360; x_wconf 82' lang='lat' dir='ltr'>saepiusdixi,</span> <span class='ocrx_word' id='word_1_484' title='bbox 787 3273 1159 3358; x_wconf 84' lang='lat' dir='ltr'>severbaleoereapnd</span> <span class='ocrx_word' id='word_1_485' title='bbox 1213 3283 1247 3338; x_wconf 91' lang='lat' dir='ltr'>et</span> <span class='ocrx_word' id='word_1_486' title='bbox 1284 3277 1396 3340; x_wconf 87' lang='lat' dir='ltr'>tamen</span> <span class='ocrx_word' id='word_1_487' title='bbox 1433 3294 1500 3340; x_wconf 90' lang='lat' dir='ltr'>non</span> <span class='ocrx_word' id='word_1_488' title='bbox 1533 3277 1662 3341; x_wconf 87' lang='lat' dir='ltr'>tantum</span> <span class='ocrx_word' id='word_1_489' title='bbox 1696 3272 1763 3342; x_wconf 89' lang='lat' dir='ltr'>illio</span> <span class='ocrx_word' id='word_1_490' title='bbox 1795 3274 1835 3340; x_wconf 90' lang='lat' dir='ltr'>de</span> <span class='ocrx_word' id='word_1_491' title='bbox 1868 3283 2006 3346; x_wconf 84' lang='lat' dir='ltr'>externo</span> <span class='ocrx_word' id='word_1_492' title='bbox 2039 3277 2182 3360; x_wconf 86' lang='lat' dir='ltr'>eorporis</span> 
     </span>
     <span class='ocr_line' id='line_1_35' title="bbox 191 3358 2180 3446; baseline -0.001 -17"><span class='ocrx_word' id='word_1_493' title='bbox 191 3360 326 3439; x_wconf 90' lang='lat' dir='ltr'>surdos,</span> <span class='ocrx_word' id='word_1_494' title='bbox 355 3363 511 3444; x_wconf 86' lang='lat' dir='ltr'>quoniam</span> <span class='ocrx_word' id='word_1_495' title='bbox 540 3363 587 3428; x_wconf 90' lang='lat' dir='ltr'>sio</span> <span class='ocrx_word' id='word_1_496' title='bbox 610 3361 837 3430; x_wconf 87' lang='lat' dir='ltr'>intumuerant</span> <span class='ocrx_word' id='word_1_497' title='bbox 863 3358 978 3425; x_wconf 89' lang='lat' dir='ltr'>Iudaei</span> <span class='ocrx_word' id='word_1_498' title='bbox 1007 3379 1160 3442; x_wconf 87' lang='lat' dir='ltr'>perversa</span> <span class='ocrx_word' id='word_1_499' title='bbox 1212 3359 1335 3438; x_wconf 85' lang='lat' dir='ltr'>robore,</span> <span class='ocrx_word' id='word_1_500' title='bbox 1366 3369 1421 3424; x_wconf 86' lang='lat' dir='ltr'>aut</span> <span class='ocrx_word' id='word_1_501' title='bbox 1451 3359 1590 3438; x_wconf 86' lang='lat' dir='ltr'>divitiis,</span> <span class='ocrx_word' id='word_1_502' title='bbox 1619 3365 1677 3426; x_wconf 84' lang='lat' dir='ltr'>ant</span> <span class='ocrx_word' id='word_1_503' title='bbox 1706 3359 1794 3427; x_wconf 87' lang='lat' dir='ltr'>oivili</span> <span class='ocrx_word' id='word_1_504' title='bbox 1822 3360 1998 3444; x_wconf 90' lang='lat' dir='ltr'>prudentia</span> <span class='ocrx_word' id='word_1_505' title='bbox 2027 3361 2180 3446; x_wconf 85' lang='lat' dir='ltr'>loquitur,</span> 
     </span>
     <span class='ocr_line' id='line_1_36' title="bbox 191 3443 2182 3530; baseline -0.001 -16"><span class='ocrx_word' id='word_1_506' title='bbox 191 3446 406 3524; x_wconf 85' lang='lat' dir='ltr'>oonfideotia,</span> <span class='ocrx_word' id='word_1_507' title='bbox 440 3453 476 3512; x_wconf 90' lang='lat' dir='ltr'>ut</span> <span class='ocrx_word' id='word_1_508' title='bbox 505 3447 569 3513; x_wconf 91' lang='lat' dir='ltr'>Dei</span> <span class='ocrx_word' id='word_1_509' title='bbox 600 3466 707 3515; x_wconf 91' lang='lat' dir='ltr'>sermo</span> <span class='ocrx_word' id='word_1_510' title='bbox 740 3445 827 3530; x_wconf 85' lang='lat' dir='ltr'>apud</span> <span class='ocrx_word' id='word_1_511' title='bbox 861 3446 948 3529; x_wconf 90' lang='lat' dir='ltr'>ipsos</span> <span class='ocrx_word' id='word_1_512' title='bbox 980 3444 1158 3512; x_wconf 88' lang='lat' dir='ltr'>vilosooret.</span> <span class='ocrx_word' id='word_1_513' title='bbox 1213 3443 1270 3512; x_wconf 89' lang='lat' dir='ltr'>sed</span> <span class='ocrx_word' id='word_1_514' title='bbox 1287 3443 1385 3512; x_wconf 91' lang='lat' dir='ltr'>simul</span> <span class='ocrx_word' id='word_1_515' title='bbox 1400 3445 1625 3528; x_wconf 83' lang='lat' dir='ltr'>eompleetitnr</span> <span class='ocrx_word' id='word_1_516' title='bbox 1642 3444 1809 3522; x_wconf 86' lang='lat' dir='ltr'>iustitiam.</span> <span class='ocrx_word' id='word_1_517' title='bbox 1833 3457 1865 3513; x_wconf 88' lang='grc' dir='ltr'><strong>ει</strong></span> <span class='ocrx_word' id='word_1_518' title='bbox 1879 3445 2036 3530; x_wconf 87' lang='lat' dir='ltr'>quidquid</span> <span class='ocrx_word' id='word_1_519' title='bbox 2051 3446 2182 3514; x_wconf 87' lang='lat' dir='ltr'>videtur</span> 
     </span>
     <span class='ocr_line' id='line_1_37' title="bbox 192 3529 2182 3617; baseline 0 -18"><span class='ocrx_word' id='word_1_520' title='bbox 192 3533 358 3613; x_wconf 76' lang='lat' dir='ltr'>Quoniam</span> <span class='ocrx_word' id='word_1_521' title='bbox 381 3552 459 3617; x_wconf 86' lang='lat' dir='ltr'>ergo</span> <span class='ocrx_word' id='word_1_522' title='bbox 482 3532 538 3598; x_wconf 93' lang='lat' dir='ltr'>alii</span> <span class='ocrx_word' id='word_1_523' title='bbox 559 3532 600 3598; x_wconf 94' lang='lat' dir='ltr'>ob</span> <span class='ocrx_word' id='word_1_524' title='bbox 621 3533 751 3600; x_wconf 89' lang='lat' dir='ltr'>divitias</span> <span class='ocrx_word' id='word_1_525' title='bbox 777 3551 854 3598; x_wconf 87' lang='lat' dir='ltr'>suas</span> <span class='ocrx_word' id='word_1_526' title='bbox 883 3530 1075 3616; x_wconf 84' lang='lat' dir='ltr'>turgebant,</span> <span class='ocrx_word' id='word_1_527' title='bbox 1103 3529 1160 3596; x_wconf 91' lang='lat' dir='ltr'>alii</span> <span class='ocrx_word' id='word_1_528' title='bbox 1213 3531 1390 3614; x_wconf 88' lang='lat' dir='ltr'>pretiosum</span> <span class='ocrx_word' id='word_1_529' title='bbox 1420 3540 1453 3595; x_wconf 91' lang='grc' dir='ltr'><strong>ει</strong></span> <span class='ocrx_word' id='word_1_530' title='bbox 1481 3530 1616 3615; x_wconf 89' lang='lat' dir='ltr'>dignum</span> <span class='ocrx_word' id='word_1_531' title='bbox 1645 3529 1768 3598; x_wconf 89' lang='lat' dir='ltr'>honore</span> <span class='ocrx_word' id='word_1_532' title='bbox 1790 3531 1875 3615; x_wconf 84' lang='lat' dir='ltr'>apud</span> <span class='ocrx_word' id='word_1_533' title='bbox 1898 3531 2056 3598; x_wconf 89' lang='lat' dir='ltr'>homines.</span> <span class='ocrx_word' id='word_1_534' title='bbox 2100 3533 2182 3600; x_wconf 90' lang='lat' dir='ltr'>Vult</span> 
     </span>
     <span class='ocr_line' id='line_1_38' title="bbox 192 3615 2182 3703; baseline -0.002 -17"><span class='ocrx_word' id='word_1_535' title='bbox 192 3625 302 3686; x_wconf 80' lang='lat' dir='ltr'>autem</span> <span class='ocrx_word' id='word_1_536' title='bbox 325 3617 539 3702; x_wconf 80' lang='lat' dir='ltr'>putabantse</span> <span class='ocrx_word' id='word_1_537' title='bbox 561 3620 665 3703; x_wconf 85' lang='lat' dir='ltr'>magis</span> <span class='ocrx_word' id='word_1_538' title='bbox 687 3639 757 3684; x_wconf 87' lang='lat' dir='ltr'>esse</span> <span class='ocrx_word' id='word_1_539' title='bbox 778 3616 980 3700; x_wconf 87' lang='lat' dir='ltr'>perspinaees</span> <span class='ocrx_word' id='word_1_540' title='bbox 1002 3636 1098 3699; x_wconf 89' lang='lat' dir='ltr'>quam</span> <span class='ocrx_word' id='word_1_541' title='bbox 1122 3626 1160 3682; x_wconf 90' lang='lat' dir='ltr'>ut</span> <span class='ocrx_word' id='word_1_542' title='bbox 1213 3637 1291 3700; x_wconf 86' lang='lat' dir='ltr'>ergo</span> <span class='ocrx_word' id='word_1_543' title='bbox 1312 3615 1484 3684; x_wconf 86' lang='lat' dir='ltr'>exinanire</span> <span class='ocrx_word' id='word_1_544' title='bbox 1504 3636 1635 3682; x_wconf 89' lang='lat' dir='ltr'>omnem</span> <span class='ocrx_word' id='word_1_545' title='bbox 1657 3617 1765 3682; x_wconf 88' lang='lat' dir='ltr'>earnis</span> <span class='ocrx_word' id='word_1_546' title='bbox 1788 3617 1934 3701; x_wconf 83' lang='lat' dir='ltr'>gloriam,</span> <span class='ocrx_word' id='word_1_547' title='bbox 1965 3623 2001 3683; x_wconf 90' lang='grc' dir='ltr'>ιιι</span> <span class='ocrx_word' id='word_1_548' title='bbox 2028 3617 2096 3684; x_wconf 91' lang='lat' dir='ltr'>soln</span> <span class='ocrx_word' id='word_1_549' title='bbox 2118 3619 2182 3684; x_wconf 93' lang='lat' dir='ltr'>Dei</span> 
     </span>
     <span class='ocr_line' id='line_1_39' title="bbox 192 3698 2182 3788; baseline 0.001 -19"><span class='ocrx_word' id='word_1_550' title='bbox 192 3716 326 3785; x_wconf 87' lang='lat' dir='ltr'>possent</span> <span class='ocrx_word' id='word_1_551' title='bbox 348 3703 547 3788; x_wconf 87' lang='lat' dir='ltr'>deprehendi</span> <span class='ocrx_word' id='word_1_552' title='bbox 569 3703 635 3770; x_wconf 90' lang='lat' dir='ltr'>ullo</span> <span class='ocrx_word' id='word_1_553' title='bbox 657 3722 802 3785; x_wconf 90' lang='lat' dir='ltr'>unquam</span> <span class='ocrx_word' id='word_1_554' title='bbox 825 3699 936 3772; x_wconf 88' lang='lat' dir='ltr'>modo:</span> <span class='ocrx_word' id='word_1_555' title='bbox 971 3701 1029 3767; x_wconf 85' lang='lat' dir='ltr'>alii</span> <span class='ocrx_word' id='word_1_556' title='bbox 1048 3710 1159 3768; x_wconf 89' lang='lat' dir='ltr'>autem</span> <span class='ocrx_word' id='word_1_557' title='bbox 1213 3700 1436 3770; x_wconf 87' lang='lat' dir='ltr'>miserioordia</span> <span class='ocrx_word' id='word_1_558' title='bbox 1456 3701 1606 3767; x_wconf 88' lang='lat' dir='ltr'>emineat.</span> <span class='ocrx_word' id='word_1_559' title='bbox 1639 3698 1718 3767; x_wconf 91' lang='lat' dir='ltr'>Ideo</span> <span class='ocrx_word' id='word_1_560' title='bbox 1740 3700 1817 3782; x_wconf 86' lang='lat' dir='ltr'>dixi,</span> <span class='ocrx_word' id='word_1_561' title='bbox 1839 3704 1987 3786; x_wconf 84' lang='lat' dir='ltr'>quamvis</span> <span class='ocrx_word' id='word_1_562' title='bbox 2010 3709 2076 3770; x_wconf 86' lang='lat' dir='ltr'>tres</span> <span class='ocrx_word' id='word_1_563' title='bbox 2099 3702 2182 3772; x_wconf 92' lang='lat' dir='ltr'>dun·</span> 
     </span>
     <span class='ocr_line' id='line_1_40' title="bbox 192 3784 2182 3872; baseline 0.001 -18"><span class='ocrx_word' id='word_1_564' title='bbox 192 3790 353 3872; x_wconf 87' lang='lat' dir='ltr'>putebant</span> <span class='ocrx_word' id='word_1_565' title='bbox 374 3809 409 3854; x_wconf 90' lang='lat' dir='ltr'>ss</span> <span class='ocrx_word' id='word_1_566' title='bbox 430 3790 575 3856; x_wconf 92' lang='lat' dir='ltr'>munitos</span> <span class='ocrx_word' id='word_1_567' title='bbox 596 3809 668 3856; x_wconf 88' lang='lat' dir='ltr'>esse</span> <span class='ocrx_word' id='word_1_568' title='bbox 689 3787 811 3856; x_wconf 91' lang='lat' dir='ltr'>divitiis</span> <span class='ocrx_word' id='word_1_569' title='bbox 833 3797 866 3852; x_wconf 91' lang='lat' dir='ltr'>et</span> <span class='ocrx_word' id='word_1_570' title='bbox 887 3787 1001 3870; x_wconf 88' lang='lat' dir='ltr'>opibus</span> <span class='ocrx_word' id='word_1_571' title='bbox 1017 3798 1053 3851; x_wconf 93' lang='lat' dir='ltr'>ut</span> <span class='ocrx_word' id='word_1_572' title='bbox 1068 3787 1160 3854; x_wconf 79' lang='lat' dir='ltr'>sanilo</span> <span class='ocrx_word' id='word_1_573' title='bbox 1213 3790 1307 3852; x_wconf 79' lang='lat' dir='ltr'>taxat</span> <span class='ocrx_word' id='word_1_574' title='bbox 1335 3807 1350 3852; x_wconf 92' lang='lat' dir='ltr'>s</span> <span class='ocrx_word' id='word_1_575' title='bbox 1375 3788 1457 3854; x_wconf 91' lang='lat' dir='ltr'>enies</span> <span class='ocrx_word' id='word_1_576' title='bbox 1484 3784 1633 3870; x_wconf 82' lang='lat' dir='ltr'>designet</span> <span class='ocrx_word' id='word_1_577' title='bbox 1654 3787 1824 3869; x_wconf 82' lang='lat' dir='ltr'>propheta,</span> <span class='ocrx_word' id='word_1_578' title='bbox 1852 3808 1949 3871; x_wconf 87' lang='lat' dir='ltr'>posse</span> <span class='ocrx_word' id='word_1_579' title='bbox 1971 3792 2080 3854; x_wconf 90' lang='lat' dir='ltr'>tamen</span> <span class='ocrx_word' id='word_1_580' title='bbox 2103 3789 2182 3857; x_wconf 90' lang='lat' dir='ltr'>hino</span> 
     </span>
     <span class='ocr_line' id='line_1_41' title="bbox 192 3869 2180 3956; baseline 0 -16"><span class='ocrx_word' id='word_1_581' title='bbox 192 3874 394 3956; x_wconf 88' lang='lat' dir='ltr'>depellerent</span> <span class='ocrx_word' id='word_1_582' title='bbox 414 3895 512 3940; x_wconf 90' lang='lat' dir='ltr'>omne</span> <span class='ocrx_word' id='word_1_583' title='bbox 534 3873 789 3942; x_wconf 79' lang='lat' dir='ltr'>incommedum:</span> <span class='ocrx_word' id='word_1_584' title='bbox 822 3873 975 3956; x_wconf 89' lang='lat' dir='ltr'>quoniam</span> <span class='ocrx_word' id='word_1_585' title='bbox 1006 3871 1082 3938; x_wconf 88' lang='lat' dir='ltr'>talis</span> <span class='ocrx_word' id='word_1_586' title='bbox 1104 3893 1160 3938; x_wconf 92' lang='lat' dir='ltr'>su·</span> <span class='ocrx_word' id='word_1_587' title='bbox 1212 3893 1378 3939; x_wconf 90' lang='lat' dir='ltr'>oommoe</span> <span class='ocrx_word' id='word_1_588' title='bbox 1410 3871 1482 3939; x_wconf 89' lang='lat' dir='ltr'>nlioi</span> <span class='ocrx_word' id='word_1_589' title='bbox 1511 3869 1695 3956; x_wconf 78' lang='lat' dir='ltr'>generalem</span> <span class='ocrx_word' id='word_1_590' title='bbox 1725 3871 1914 3938; x_wconf 77' lang='lat' dir='ltr'>doctrinam.</span> <span class='ocrx_word' id='word_1_591' title='bbox 1966 3871 2061 3956; x_wconf 81' lang='lat' dir='ltr'>Quod</span> <span class='ocrx_word' id='word_1_592' title='bbox 2091 3876 2180 3942; x_wconf 91' lang='lat' dir='ltr'>enim</span> 
     </span>
     <span class='ocr_line' id='line_1_42' title="bbox 192 3955 2180 4042; baseline 0.001 -18"><span class='ocrx_word' id='word_1_593' title='bbox 192 3957 306 4042; x_wconf 86' lang='lat' dir='ltr'>perbis</span> <span class='ocrx_word' id='word_1_594' title='bbox 327 3970 544 4042; x_wconf 86' lang='lat' dir='ltr'>oooupaverat</span> <span class='ocrx_word' id='word_1_595' title='bbox 565 3959 632 4026; x_wconf 83' lang='lat' dir='ltr'>tere</span> <span class='ocrx_word' id='word_1_596' title='bbox 654 3961 799 4026; x_wconf 88' lang='lat' dir='ltr'>omnium</span> <span class='ocrx_word' id='word_1_597' title='bbox 821 3959 962 4036; x_wconf 87' lang='lat' dir='ltr'>animos,</span> <span class='ocrx_word' id='word_1_598' title='bbox 990 3957 1063 4024; x_wconf 90' lang='lat' dir='ltr'>ideo</span> <span class='ocrx_word' id='word_1_599' title='bbox 1085 3978 1160 4040; x_wconf 91' lang='lat' dir='ltr'>pro·</span> <span class='ocrx_word' id='word_1_600' title='bbox 1213 3959 1332 4024; x_wconf 88' lang='lat' dir='ltr'>dieitur</span> <span class='ocrx_word' id='word_1_601' title='bbox 1365 3966 1432 4023; x_wconf 89' lang='lat' dir='ltr'>tam</span> <span class='ocrx_word' id='word_1_602' title='bbox 1465 3955 1504 4024; x_wconf 84' lang='lat' dir='ltr'>de</span> <span class='ocrx_word' id='word_1_603' title='bbox 1537 3957 1698 4041; x_wconf 86' lang='lat' dir='ltr'>sapientie</span> <span class='ocrx_word' id='word_1_604' title='bbox 1726 3978 1825 4040; x_wconf 90' lang='lat' dir='ltr'>quam</span> <span class='ocrx_word' id='word_1_605' title='bbox 1855 3958 1894 4024; x_wconf 90' lang='lat' dir='ltr'>de</span> <span class='ocrx_word' id='word_1_606' title='bbox 1927 3957 2116 4026; x_wconf 77' lang='lat' dir='ltr'>fortitudine</span> <span class='ocrx_word' id='word_1_607' title='bbox 2147 3967 2180 4026; x_wconf 89' lang='grc' dir='ltr'><strong>ει</strong></span> 
     </span>
     <span class='ocr_line' id='line_1_43' title="bbox 192 4042 2181 4128; baseline 0.001 -18"><span class='ocrx_word' id='word_1_608' title='bbox 192 4043 292 4126; x_wconf 87' lang='lat' dir='ltr'>pheta</span> <span class='ocrx_word' id='word_1_609' title='bbox 313 4043 375 4120; x_wconf 84' lang='lat' dir='ltr'>tie.</span> <span class='ocrx_word' id='word_1_610' title='bbox 398 4055 434 4109; x_wconf 90' lang='lat' dir='ltr'>ut</span> <span class='ocrx_word' id='word_1_611' title='bbox 454 4045 625 4112; x_wconf 90' lang='lat' dir='ltr'>eonfirmet</span> <span class='ocrx_word' id='word_1_612' title='bbox 646 4064 740 4113; x_wconf 89' lang='lat' dir='ltr'>suam</span> <span class='ocrx_word' id='word_1_613' title='bbox 754 4043 944 4120; x_wconf 64' lang='lat' dir='ltr'>datianam,</span> <span class='ocrx_word' id='word_1_614' title='bbox 967 4043 1160 4126; x_wconf 86' lang='lat' dir='ltr'>pronuntiet</span> <span class='ocrx_word' id='word_1_615' title='bbox 1213 4042 1346 4120; x_wconf 85' lang='lat' dir='ltr'>divitiis,</span> <span class='ocrx_word' id='word_1_616' title='bbox 1369 4042 1410 4108; x_wconf 88' lang='lat' dir='ltr'>ad</span> <span class='ocrx_word' id='word_1_617' title='bbox 1432 4043 1547 4110; x_wconf 86' lang='lat' dir='ltr'>falsam</span> <span class='ocrx_word' id='word_1_618' title='bbox 1569 4043 1715 4110; x_wconf 89' lang='lat' dir='ltr'>institiae</span> <span class='ocrx_word' id='word_1_619' title='bbox 1736 4043 1929 4127; x_wconf 84' lang='lat' dir='ltr'>opinionem,</span> <span class='ocrx_word' id='word_1_620' title='bbox 1959 4065 2024 4128; x_wconf 90' lang='lat' dir='ltr'>qua</span> <span class='ocrx_word' id='word_1_621' title='bbox 2046 4050 2099 4121; x_wconf 87' lang='lat' dir='ltr'>tur</span> <span class='ocrx_word' id='word_1_622' title='bbox 2122 4056 2181 4113; x_wconf 91' lang='lat' dir='ltr'>ent</span> 
     </span>
     <span class='ocr_line' id='line_1_44' title="bbox 192 4127 2180 4215; baseline 0.002 -19"><span class='ocrx_word' id='word_1_623' title='bbox 192 4128 293 4196; x_wconf 90' lang='lat' dir='ltr'>stulte</span> <span class='ocrx_word' id='word_1_624' title='bbox 314 4129 449 4215; x_wconf 87' lang='lat' dir='ltr'>gloriari</span> <span class='ocrx_word' id='word_1_625' title='bbox 471 4131 630 4215; x_wconf 88' lang='lat' dir='ltr'>homines,</span> <span class='ocrx_word' id='word_1_626' title='bbox 660 4130 737 4195; x_wconf 90' lang='lat' dir='ltr'>dnm</span> <span class='ocrx_word' id='word_1_627' title='bbox 759 4128 814 4195; x_wconf 90' lang='lat' dir='ltr'>vol</span> <span class='ocrx_word' id='word_1_628' title='bbox 835 4127 969 4196; x_wconf 87' lang='lat' dir='ltr'>divitias</span> <span class='ocrx_word' id='word_1_629' title='bbox 989 4149 1075 4206; x_wconf 84' lang='lat' dir='ltr'>suns,</span> <span class='ocrx_word' id='word_1_630' title='bbox 1105 4127 1157 4193; x_wconf 92' lang='lat' dir='ltr'>vel</span> <span class='ocrx_word' id='word_1_631' title='bbox 1213 4127 1416 4213; x_wconf 87' lang='lat' dir='ltr'>hypooritee,</span> <span class='ocrx_word' id='word_1_632' title='bbox 1445 4128 1558 4194; x_wconf 80' lang='lat' dir='ltr'>referri</span> <span class='ocrx_word' id='word_1_633' title='bbox 1587 4132 1710 4212; x_wconf 87' lang='lat' dir='ltr'>potest,</span> <span class='ocrx_word' id='word_1_634' title='bbox 1741 4148 1778 4193; x_wconf 88' lang='lat' dir='ltr'>an</span> <span class='ocrx_word' id='word_1_635' title='bbox 1807 4129 1902 4196; x_wconf 89' lang='lat' dir='ltr'>debet</span> <span class='ocrx_word' id='word_1_636' title='bbox 1931 4131 2039 4198; x_wconf 86' lang='lat' dir='ltr'>etiam.</span> <span class='ocrx_word' id='word_1_637' title='bbox 2115 4154 2180 4201; x_wconf 91' lang='lat' dir='ltr'>nne</span> 
     </span>
     <span class='ocr_line' id='line_1_45' title="bbox 192 4211 2180 4302; baseline 0.003 -22"><span class='ocrx_word' id='word_1_638' title='bbox 192 4215 293 4282; x_wconf 87' lang='lat' dir='ltr'>robur</span> <span class='ocrx_word' id='word_1_639' title='bbox 315 4236 422 4296; x_wconf 90' lang='lat' dir='ltr'>auum,</span> <span class='ocrx_word' id='word_1_640' title='bbox 445 4216 496 4282; x_wconf 90' lang='lat' dir='ltr'>vel</span> <span class='ocrx_word' id='word_1_641' title='bbox 512 4217 703 4298; x_wconf 87' lang='lat' dir='ltr'>sapientium</span> <span class='ocrx_word' id='word_1_642' title='bbox 719 4216 792 4280; x_wconf 93' lang='lat' dir='ltr'>Deo</span> <span class='ocrx_word' id='word_1_643' title='bbox 806 4223 984 4298; x_wconf 85' lang='lat' dir='ltr'>opponunt,</span> <span class='ocrx_word' id='word_1_644' title='bbox 1006 4213 1158 4296; x_wconf 87' lang='lat' dir='ltr'>quoniam</span> <span class='ocrx_word' id='word_1_645' title='bbox 1212 4211 1433 4296; x_wconf 78' lang='lat' dir='ltr'>expendamus</span> <span class='ocrx_word' id='word_1_646' title='bbox 1461 4213 1593 4296; x_wconf 86' lang='lat' dir='ltr'>singula</span> <span class='ocrx_word' id='word_1_647' title='bbox 1622 4213 1738 4284; x_wconf 83' lang='lat' dir='ltr'>verba:</span> <span class='ocrx_word' id='word_1_648' title='bbox 1772 4213 1826 4281; x_wconf 82' lang='lat' dir='ltr'>St&#39;e</span> <span class='ocrx_word' id='word_1_649' title='bbox 1854 4214 2097 4302; x_wconf 68' lang='lat' dir='ltr'>deblaterat,</span> <span class='ocrx_word' id='word_1_650' title='bbox 2130 4217 2180 4285; x_wconf 85' lang='lat' dir='ltr'>Ne</span> 
     </span>
     <span class='ocr_line' id='line_1_46' title="bbox 193 4298 2180 4386; baseline -0.001 -18"><span class='ocrx_word' id='word_1_651' title='bbox 193 4301 274 4368; x_wconf 83' lang='lat' dir='ltr'>hano</span> <span class='ocrx_word' id='word_1_652' title='bbox 307 4300 416 4366; x_wconf 91' lang='lat' dir='ltr'>omnia</span> <span class='ocrx_word' id='word_1_653' title='bbox 448 4313 645 4368; x_wconf 85' lang='lat' dir='ltr'>evanesoaut</span> <span class='ocrx_word' id='word_1_654' title='bbox 676 4303 782 4367; x_wconf 86' lang='lat' dir='ltr'>instar</span> <span class='ocrx_word' id='word_1_655' title='bbox 813 4299 905 4365; x_wconf 83' lang='lat' dir='ltr'>lumi.</span> <span class='ocrx_word' id='word_1_656' title='bbox 950 4299 1047 4368; x_wconf 89' lang='lat' dir='ltr'>Nune</span> <span class='ocrx_word' id='word_1_657' title='bbox 1079 4318 1158 4383; x_wconf 91' lang='lat' dir='ltr'>ergo</span> <span class='ocrx_word' id='word_1_658' title='bbox 1208 4299 1369 4384; x_wconf 67' lang='lat' dir='ltr'>glorietur,</span> <span class='ocrx_word' id='word_1_659' title='bbox 1391 4299 1505 4382; x_wconf 90' lang='lat' dir='ltr'>inquit,</span> <span class='ocrx_word' id='word_1_660' title='bbox 1526 4299 1660 4382; x_wconf 79' lang='lat' dir='ltr'>sopiens.</span> <span class='ocrx_word' id='word_1_661' title='bbox 1697 4298 1763 4364; x_wconf 88' lang='lat' dir='ltr'>Per</span> <span class='ocrx_word' id='word_1_662' title='bbox 1780 4301 2016 4368; x_wconf 87' lang='lat' dir='ltr'>ooneessiouem</span> <span class='ocrx_word' id='word_1_663' title='bbox 2036 4301 2180 4386; x_wconf 87' lang='lat' dir='ltr'>loquitur</span> 
     </span>
     <span class='ocr_line' id='line_1_47' title="bbox 193 4383 2179 4470; baseline 0.002 -19"><span class='ocrx_word' id='word_1_664' title='bbox 193 4394 344 4455; x_wconf 89' lang='lat' dir='ltr'>tenemus</span> <span class='ocrx_word' id='word_1_665' title='bbox 366 4408 425 4453; x_wconf 90' lang='lat' dir='ltr'>nur</span> <span class='ocrx_word' id='word_1_666' title='bbox 446 4388 604 4470; x_wconf 88' lang='lat' dir='ltr'>propbeta</span> <span class='ocrx_word' id='word_1_667' title='bbox 626 4389 680 4453; x_wconf 90' lang='lat' dir='ltr'>hio</span> <span class='ocrx_word' id='word_1_668' title='bbox 701 4395 789 4454; x_wconf 91' lang='lat' dir='ltr'>vetet</span> <span class='ocrx_word' id='word_1_669' title='bbox 812 4385 895 4453; x_wconf 90' lang='lat' dir='ltr'>ullos</span> <span class='ocrx_word' id='word_1_670' title='bbox 916 4384 995 4452; x_wconf 92' lang='lat' dir='ltr'>alibi</span> <span class='ocrx_word' id='word_1_671' title='bbox 1014 4383 1158 4468; x_wconf 88' lang='lat' dir='ltr'>gloriari,</span> <span class='ocrx_word' id='word_1_672' title='bbox 1212 4384 1289 4450; x_wconf 92' lang='lat' dir='ltr'>dum</span> <span class='ocrx_word' id='word_1_673' title='bbox 1319 4383 1482 4467; x_wconf 88' lang='lat' dir='ltr'>sapientes</span> <span class='ocrx_word' id='word_1_674' title='bbox 1512 4389 1620 4464; x_wconf 84' lang='lat' dir='ltr'>voeat,</span> <span class='ocrx_word' id='word_1_675' title='bbox 1646 4385 1702 4468; x_wconf 88' lang='lat' dir='ltr'>qui</span> <span class='ocrx_word' id='word_1_676' title='bbox 1731 4394 1842 4451; x_wconf 89' lang='lat' dir='ltr'>tamen</span> <span class='ocrx_word' id='word_1_677' title='bbox 1873 4387 1965 4452; x_wconf 84' lang='lat' dir='ltr'>vanui</span> <span class='ocrx_word' id='word_1_678' title='bbox 1993 4394 2089 4454; x_wconf 87' lang='lat' dir='ltr'>erant</span> <span class='ocrx_word' id='word_1_679' title='bbox 2116 4388 2179 4455; x_wconf 88' lang='lat' dir='ltr'>Dei</span> 
     </span>
     <span class='ocr_line' id='line_1_48' title="bbox 193 4469 2178 4556; baseline 0 -18"><span class='ocrx_word' id='word_1_680' title='bbox 193 4493 290 4556; x_wconf 88' lang='lat' dir='ltr'>quam</span> <span class='ocrx_word' id='word_1_681' title='bbox 312 4474 347 4538; x_wconf 92' lang='lat' dir='ltr'>in</span> <span class='ocrx_word' id='word_1_682' title='bbox 370 4472 437 4539; x_wconf 92' lang='lat' dir='ltr'>solo</span> <span class='ocrx_word' id='word_1_683' title='bbox 461 4471 547 4538; x_wconf 88' lang='lat' dir='ltr'>Deo:</span> <span class='ocrx_word' id='word_1_684' title='bbox 571 4478 605 4538; x_wconf 90' lang='grc' dir='ltr'><strong>ει</strong></span> <span class='ocrx_word' id='word_1_685' title='bbox 625 4471 783 4554; x_wconf 90' lang='lat' dir='ltr'>quomodo</span> <span class='ocrx_word' id='word_1_686' title='bbox 805 4471 967 4538; x_wconf 84' lang='lat' dir='ltr'>sententia</span> <span class='ocrx_word' id='word_1_687' title='bbox 989 4470 1070 4536; x_wconf 89' lang='lat' dir='ltr'>haee</span> <span class='ocrx_word' id='word_1_688' title='bbox 1092 4491 1159 4536; x_wconf 88' lang='lat' dir='ltr'>non</span> <span class='ocrx_word' id='word_1_689' title='bbox 1211 4470 1338 4553; x_wconf 89' lang='lat' dir='ltr'>timore,</span> <span class='ocrx_word' id='word_1_690' title='bbox 1368 4469 1454 4553; x_wconf 90' lang='lat' dir='ltr'>quod</span> <span class='ocrx_word' id='word_1_691' title='bbox 1483 4477 1594 4542; x_wconf 87' lang='lat' dir='ltr'>temen</span> <span class='ocrx_word' id='word_1_692' title='bbox 1620 4473 1740 4537; x_wconf 87' lang='lat' dir='ltr'>seimus</span> <span class='ocrx_word' id='word_1_693' title='bbox 1770 4491 1840 4552; x_wconf 84' lang='lat' dir='ltr'>esse</span> <span class='ocrx_word' id='word_1_694' title='bbox 1862 4472 2039 4555; x_wconf 82' lang='lat' dir='ltr'>supientiae</span> <span class='ocrx_word' id='word_1_695' title='bbox 2061 4473 2178 4556; x_wconf 89' lang='lat' dir='ltr'>prinoi-</span> 
     </span>
     <span class='ocr_line' id='line_1_49' title="bbox 194 4554 2179 4641; baseline 0.001 -19"><span class='ocrx_word' id='word_1_696' title='bbox 194 4557 310 4624; x_wconf 87' lang='lat' dir='ltr'>debeat</span> <span class='ocrx_word' id='word_1_697' title='bbox 331 4557 469 4640; x_wconf 88' lang='lat' dir='ltr'>abrupte</span> <span class='ocrx_word' id='word_1_698' title='bbox 490 4557 566 4641; x_wconf 88' lang='lat' dir='ltr'>legi,</span> <span class='ocrx_word' id='word_1_699' title='bbox 596 4556 653 4624; x_wconf 88' lang='lat' dir='ltr'>sed</span> <span class='ocrx_word' id='word_1_700' title='bbox 676 4557 804 4624; x_wconf 87' lang='lat' dir='ltr'>oontexi</span> <span class='ocrx_word' id='word_1_701' title='bbox 826 4576 900 4624; x_wconf 91' lang='lat' dir='ltr'>eum</span> <span class='ocrx_word' id='word_1_702' title='bbox 923 4554 1071 4624; x_wconf 86' lang='lat' dir='ltr'>dootrina</span> <span class='ocrx_word' id='word_1_703' title='bbox 1090 4554 1157 4634; x_wconf 91' lang='lat' dir='ltr'>illa,</span> <span class='ocrx_word' id='word_1_704' title='bbox 1211 4554 1318 4638; x_wconf 88' lang='lat' dir='ltr'>pium:</span> <span class='ocrx_word' id='word_1_705' title='bbox 1351 4554 1408 4622; x_wconf 91' lang='lat' dir='ltr'>sed</span> <span class='ocrx_word' id='word_1_706' title='bbox 1437 4554 1596 4638; x_wconf 88' lang='lat' dir='ltr'>propbeta</span> <span class='ocrx_word' id='word_1_707' title='bbox 1622 4577 1664 4622; x_wconf 87' lang='lat' dir='ltr'>ex</span> <span class='ocrx_word' id='word_1_708' title='bbox 1692 4557 1858 4624; x_wconf 88' lang='lat' dir='ltr'>oommuui</span> <span class='ocrx_word' id='word_1_709' title='bbox 1889 4577 1987 4623; x_wconf 90' lang='lat' dir='ltr'>sensu</span> <span class='ocrx_word' id='word_1_710' title='bbox 2021 4569 2052 4624; x_wconf 92' lang='lat' dir='ltr'>et</span> <span class='ocrx_word' id='word_1_711' title='bbox 2083 4559 2179 4624; x_wconf 90' lang='lat' dir='ltr'>aesti-</span> 
     </span>
     <span class='ocr_line' id='line_1_50' title="bbox 193 4638 2179 4727; baseline 0.001 -20"><span class='ocrx_word' id='word_1_712' title='bbox 193 4645 230 4707; x_wconf 89' lang='lat' dir='ltr'>iu</span> <span class='ocrx_word' id='word_1_713' title='bbox 251 4664 315 4727; x_wconf 91' lang='lat' dir='ltr'>qua</span> <span class='ocrx_word' id='word_1_714' title='bbox 338 4643 590 4710; x_wconf 85' lang='lat' dir='ltr'>denuntiaverat</span> <span class='ocrx_word' id='word_1_715' title='bbox 610 4641 741 4709; x_wconf 83' lang='lat' dir='ltr'>Indaeis</span> <span class='ocrx_word' id='word_1_716' title='bbox 763 4643 911 4722; x_wconf 86' lang='lat' dir='ltr'>exitium,</span> <span class='ocrx_word' id='word_1_717' title='bbox 939 4638 1025 4725; x_wconf 91' lang='lat' dir='ltr'>quod</span> <span class='ocrx_word' id='word_1_718' title='bbox 1047 4649 1158 4708; x_wconf 90' lang='lat' dir='ltr'>tamen</span> <span class='ocrx_word' id='word_1_719' title='bbox 1211 4643 1353 4707; x_wconf 84' lang='lat' dir='ltr'>mationa</span> <span class='ocrx_word' id='word_1_720' title='bbox 1382 4640 1532 4722; x_wconf 86' lang='lat' dir='ltr'>loquitur.</span> <span class='ocrx_word' id='word_1_721' title='bbox 1577 4639 1676 4718; x_wconf 86' lang='lat' dir='ltr'>Dioit‚</span> <span class='ocrx_word' id='word_1_722' title='bbox 1707 4641 1757 4706; x_wconf 87' lang='lat' dir='ltr'>Ne</span> <span class='ocrx_word' id='word_1_723' title='bbox 1781 4643 1934 4726; x_wconf 73' lang='lat' dir='ltr'>qiorietor</span> <span class='ocrx_word' id='word_1_724' title='bbox 1960 4643 1996 4708; x_wconf 80' lang='grc' dir='ltr'>ιιι</span> <span class='ocrx_word' id='word_1_725' title='bbox 2022 4644 2179 4724; x_wconf 72' lang='grc' dir='ltr'><strong>εαρὶειιιια</strong></span> 
     </span>
     <span class='ocr_line' id='line_1_51' title="bbox 194 4725 2177 4812; baseline -0.001 -19"><span class='ocrx_word' id='word_1_726' title='bbox 194 4749 262 4794; x_wconf 90' lang='grc' dir='ltr'><strong>ιιοιι</strong></span> <span class='ocrx_word' id='word_1_727' title='bbox 284 4729 505 4807; x_wconf 88' lang='lat' dir='ltr'>metuebatur,</span> <span class='ocrx_word' id='word_1_728' title='bbox 539 4729 613 4812; x_wconf 91' lang='lat' dir='ltr'>quia</span> <span class='ocrx_word' id='word_1_729' title='bbox 634 4727 758 4796; x_wconf 85' lang='lat' dir='ltr'>soilioet</span> <span class='ocrx_word' id='word_1_730' title='bbox 778 4728 954 4811; x_wconf 88' lang='lat' dir='ltr'>turgebant</span> <span class='ocrx_word' id='word_1_731' title='bbox 978 4727 1081 4793; x_wconf 88' lang='lat' dir='ltr'>stulta</span> <span class='ocrx_word' id='word_1_732' title='bbox 1102 4725 1159 4792; x_wconf 85' lang='lat' dir='ltr'>illo</span> <span class='ocrx_word' id='word_1_733' title='bbox 1210 4748 1270 4794; x_wconf 80' lang='lat' dir='ltr'>sao</span> <span class='ocrx_word' id='word_1_734' title='bbox 1295 4726 1353 4809; x_wconf 91' lang='lat' dir='ltr'>qui</span> <span class='ocrx_word' id='word_1_735' title='bbox 1382 4725 1511 4792; x_wconf 86' lang='lat' dir='ltr'>videtur</span> <span class='ocrx_word' id='word_1_736' title='bbox 1540 4725 1602 4791; x_wconf 92' lang='lat' dir='ltr'>sibi</span> <span class='ocrx_word' id='word_1_737' title='bbox 1624 4747 1747 4810; x_wconf 88' lang='lat' dir='ltr'>sapere.</span> <span class='ocrx_word' id='word_1_738' title='bbox 1792 4725 1847 4794; x_wconf 82' lang='lat' dir='ltr'>Sin</span> <span class='ocrx_word' id='word_1_739' title='bbox 1870 4729 1959 4794; x_wconf 91' lang='lat' dir='ltr'>enim</span> <span class='ocrx_word' id='word_1_740' title='bbox 1980 4726 2100 4793; x_wconf 89' lang='lat' dir='ltr'>resolvi</span> <span class='ocrx_word' id='word_1_741' title='bbox 2122 4725 2177 4794; x_wconf 91' lang='lat' dir='ltr'>de·</span> 
     </span>
     <span class='ocr_line' id='line_1_52' title="bbox 195 4809 2179 4898; baseline -0.001 -19"><span class='ocrx_word' id='word_1_742' title='bbox 195 4822 229 4879; x_wconf 95' lang='lat' dir='ltr'>et</span> <span class='ocrx_word' id='word_1_743' title='bbox 249 4813 349 4896; x_wconf 87' lang='lat' dir='ltr'>impia</span> <span class='ocrx_word' id='word_1_744' title='bbox 371 4815 532 4898; x_wconf 89' lang='lat' dir='ltr'>opinione,</span> <span class='ocrx_word' id='word_1_745' title='bbox 554 4812 614 4882; x_wconf 89' lang='lat' dir='ltr'>sibi</span> <span class='ocrx_word' id='word_1_746' title='bbox 636 4833 706 4880; x_wconf 88' lang='lat' dir='ltr'>esse</span> <span class='ocrx_word' id='word_1_747' title='bbox 728 4813 807 4880; x_wconf 89' lang='lat' dir='ltr'>satis</span> <span class='ocrx_word' id='word_1_748' title='bbox 828 4833 988 4896; x_wconf 88' lang='lat' dir='ltr'>superque</span> <span class='ocrx_word' id='word_1_749' title='bbox 1006 4811 1157 4894; x_wconf 90' lang='lat' dir='ltr'>praesidii</span> <span class='ocrx_word' id='word_1_750' title='bbox 1212 4813 1289 4878; x_wconf 89' lang='lat' dir='ltr'>beat</span> <span class='ocrx_word' id='word_1_751' title='bbox 1310 4809 1420 4878; x_wconf 80' lang='lat' dir='ltr'>rerba.</span> <span class='ocrx_word' id='word_1_752' title='bbox 1464 4810 1604 4892; x_wconf 90' lang='lat' dir='ltr'>Deinde,</span> <span class='ocrx_word' id='word_1_753' title='bbox 1634 4811 1696 4880; x_wconf 74' lang='lat' dir='ltr'>oet</span> <span class='ocrx_word' id='word_1_754' title='bbox 1717 4813 1772 4895; x_wconf 81' lang='lat' dir='ltr'>qui</span> <span class='ocrx_word' id='word_1_755' title='bbox 1798 4813 1964 4896; x_wconf 77' lang='lat' dir='ltr'>pioriotar,</span> <span class='ocrx_word' id='word_1_756' title='bbox 1997 4811 2112 4895; x_wconf 88' lang='lat' dir='ltr'>inquit,</span> <span class='ocrx_word' id='word_1_757' title='bbox 2143 4814 2179 4881; x_wconf 84' lang='grc' dir='ltr'>ιἰι</span> 
     </span>
     <span class='ocr_line' id='line_1_53' title="bbox 196 4897 2178 4982; baseline 0.001 -19"><span class='ocrx_word' id='word_1_758' title='bbox 196 4898 248 4964; x_wconf 89' lang='lat' dir='ltr'>vel</span> <span class='ocrx_word' id='word_1_759' title='bbox 269 4900 304 4965; x_wconf 91' lang='lat' dir='ltr'>in</span> <span class='ocrx_word' id='word_1_760' title='bbox 326 4899 514 4966; x_wconf 81' lang='lat' dir='ltr'>fortitudine</span> <span class='ocrx_word' id='word_1_761' title='bbox 535 4920 611 4977; x_wconf 87' lang='lat' dir='ltr'>sua,</span> <span class='ocrx_word' id='word_1_762' title='bbox 644 4899 698 4965; x_wconf 89' lang='lat' dir='ltr'>vol</span> <span class='ocrx_word' id='word_1_763' title='bbox 726 4900 762 4963; x_wconf 89' lang='lat' dir='ltr'>in</span> <span class='ocrx_word' id='word_1_764' title='bbox 790 4898 931 4980; x_wconf 89' lang='lat' dir='ltr'>divitiis,</span> <span class='ocrx_word' id='word_1_765' title='bbox 962 4897 1015 4964; x_wconf 92' lang='lat' dir='ltr'>vel</span> <span class='ocrx_word' id='word_1_766' title='bbox 1045 4899 1080 4964; x_wconf 92' lang='lat' dir='ltr'>in</span> <span class='ocrx_word' id='word_1_767' title='bbox 1108 4919 1159 4964; x_wconf 90' lang='lat' dir='ltr'>sa·</span> <span class='ocrx_word' id='word_1_768' title='bbox 1210 4897 1264 4964; x_wconf 81' lang='lat' dir='ltr'>boo</span> <span class='ocrx_word' id='word_1_769' title='bbox 1284 4898 1437 4982; x_wconf 72' lang='lat' dir='ltr'>ylerietar</span> <span class='ocrx_word' id='word_1_770' title='bbox 1457 4897 1658 4982; x_wconf 73' lang='lat' dir='ltr'>eopaosoendo</span> <span class='ocrx_word' id='word_1_771' title='bbox 1679 4903 1707 4964; x_wconf 87' lang='grc' dir='ltr'><strong>ει</strong></span> <span class='ocrx_word' id='word_1_772' title='bbox 1727 4899 1851 4964; x_wconf 63' lang='lat' dir='ltr'>eomodo</span> <span class='ocrx_word' id='word_1_773' title='bbox 1873 4917 1929 4964; x_wconf 78' lang='lat' dir='ltr'>me</span> <span class='ocrx_word' id='word_1_774' title='bbox 1966 4897 2018 4962; x_wconf 84' lang='lat' dir='ltr'>Er</span> <span class='ocrx_word' id='word_1_775' title='bbox 2036 4897 2178 4965; x_wconf 91' lang='lat' dir='ltr'>seeundo</span> 
     </span>
     <span class='ocr_line' id='line_1_54' title="bbox 194 4982 2178 5069; baseline -0.001 -19"><span class='ocrx_word' id='word_1_776' title='bbox 194 4984 327 5067; x_wconf 84' lang='lat' dir='ltr'>pientia.</span> <span class='ocrx_word' id='word_1_777' title='bbox 372 4984 453 5052; x_wconf 86' lang='lat' dir='ltr'>Orus</span> <span class='ocrx_word' id='word_1_778' title='bbox 476 4987 607 5069; x_wconf 87' lang='lat' dir='ltr'>reliqua.</span> <span class='ocrx_word' id='word_1_779' title='bbox 741 5023 745 5030; x_wconf 90' lang='lat'>·</span> <span class='ocrx_word' id='word_1_780' title='bbox 1212 5003 1311 5048; x_wconf 87' lang='lat' dir='ltr'>versu</span> <span class='ocrx_word' id='word_1_781' title='bbox 1333 4992 1468 5066; x_wconf 86' lang='lat' dir='ltr'>apparet</span> <span class='ocrx_word' id='word_1_782' title='bbox 1489 5004 1555 5049; x_wconf 86' lang='lat' dir='ltr'>non</span> <span class='ocrx_word' id='word_1_783' title='bbox 1578 4985 1625 5048; x_wconf 91' lang='lat' dir='ltr'>ita</span> <span class='ocrx_word' id='word_1_784' title='bbox 1646 4982 1775 5068; x_wconf 86' lang='lat' dir='ltr'>spoliari</span> <span class='ocrx_word' id='word_1_785' title='bbox 1794 4982 1941 5048; x_wconf 86' lang='lat' dir='ltr'>homiues</span> <span class='ocrx_word' id='word_1_786' title='bbox 1959 4982 2047 5046; x_wconf 91' lang='lat' dir='ltr'>omni</span> <span class='ocrx_word' id='word_1_787' title='bbox 2063 4983 2178 5066; x_wconf 78' lang='lat' dir='ltr'>gloria,</span> 
     </span>
     <span class='ocr_line' id='line_1_55' title="bbox 1211 5066 2178 5148; baseline 0.003 -15"><span class='ocrx_word' id='word_1_788' title='bbox 1211 5079 1250 5133; x_wconf 91' lang='grc' dir='ltr'>ιιι</span> <span class='ocrx_word' id='word_1_789' title='bbox 1271 5069 1307 5133; x_wconf 91' lang='lat' dir='ltr'>in</span> <span class='ocrx_word' id='word_1_790' title='bbox 1325 5089 1383 5132; x_wconf 90' lang='lat' dir='ltr'>suo</span> <span class='ocrx_word' id='word_1_791' title='bbox 1399 5067 1552 5136; x_wconf 92' lang='lat' dir='ltr'>dedeoore</span> <span class='ocrx_word' id='word_1_792' title='bbox 1569 5069 1705 5148; x_wconf 88' lang='lat' dir='ltr'>iaeeant,</span> <span class='ocrx_word' id='word_1_793' title='bbox 1728 5067 1785 5134; x_wconf 92' lang='lat' dir='ltr'>sed</span> <span class='ocrx_word' id='word_1_794' title='bbox 1802 5077 1838 5133; x_wconf 91' lang='lat' dir='ltr'>ut</span> <span class='ocrx_word' id='word_1_795' title='bbox 1852 5066 2030 5135; x_wconf 89' lang='lat' dir='ltr'>induantur</span> <span class='ocrx_word' id='word_1_796' title='bbox 2045 5068 2178 5138; x_wconf 89' lang='lat' dir='ltr'>meliore</span> 
     </span>
    </p>

    <p class='ocr_par' dir='ltr' id='par_1_9' title="bbox 195 5152 2179 5325">
     <span class='ocr_line' id='line_1_56' title="bbox 281 5152 2178 5239; baseline -0.001 -17"><span class='ocrx_word' id='word_1_797' title='bbox 281 5154 456 5239; x_wconf 85' lang='lat' dir='ltr'>(loepimns</span> <span class='ocrx_word' id='word_1_798' title='bbox 489 5155 559 5221; x_wconf 90' lang='lat' dir='ltr'>heri</span> <span class='ocrx_word' id='word_1_799' title='bbox 592 5176 753 5239; x_wconf 84' lang='lat' dir='ltr'>exponere</span> <span class='ocrx_word' id='word_1_800' title='bbox 785 5154 862 5237; x_wconf 91' lang='lat' dir='ltr'>quid</span> <span class='ocrx_word' id='word_1_801' title='bbox 891 5153 953 5218; x_wconf 91' lang='lat' dir='ltr'>sibi</span> <span class='ocrx_word' id='word_1_802' title='bbox 980 5153 1055 5221; x_wconf 89' lang='lat' dir='ltr'>velit</span> <span class='ocrx_word' id='word_1_803' title='bbox 1084 5175 1157 5237; x_wconf 91' lang='lat' dir='ltr'>pro·</span> <span class='ocrx_word' id='word_1_804' title='bbox 1211 5153 1324 5237; x_wconf 89' lang='lat' dir='ltr'>gloria.</span> <span class='ocrx_word' id='word_1_805' title='bbox 1356 5154 1469 5237; x_wconf 90' lang='lat' dir='ltr'>Neque</span> <span class='ocrx_word' id='word_1_806' title='bbox 1490 5155 1579 5221; x_wconf 92' lang='lat' dir='ltr'>enim</span> <span class='ocrx_word' id='word_1_807' title='bbox 1600 5153 1708 5220; x_wconf 88' lang='lat' dir='ltr'>Deum</span> <span class='ocrx_word' id='word_1_808' title='bbox 1732 5152 1871 5219; x_wconf 73' lang='lat' dir='ltr'>oblectat</span> <span class='ocrx_word' id='word_1_809' title='bbox 1892 5152 2063 5218; x_wconf 88' lang='lat' dir='ltr'>bominum</span> <span class='ocrx_word' id='word_1_810' title='bbox 2084 5154 2178 5239; x_wconf 84' lang='lat' dir='ltr'>igno·</span> 
     </span>
     <span class='ocr_line' id='line_1_57' title="bbox 195 5237 2179 5325; baseline -0.001 -17"><span class='ocrx_word' id='word_1_811' title='bbox 195 5240 303 5325; x_wconf 88' lang='lat' dir='ltr'>pheta,</span> <span class='ocrx_word' id='word_1_812' title='bbox 332 5243 387 5307; x_wconf 92' lang='lat' dir='ltr'>ubi</span> <span class='ocrx_word' id='word_1_813' title='bbox 416 5249 506 5306; x_wconf 89' lang='lat' dir='ltr'>vetat</span> <span class='ocrx_word' id='word_1_814' title='bbox 533 5241 681 5308; x_wconf 89' lang='lat' dir='ltr'>homines</span> <span class='ocrx_word' id='word_1_815' title='bbox 709 5241 839 5323; x_wconf 87' lang='lat' dir='ltr'>gloriari</span> <span class='ocrx_word' id='word_1_816' title='bbox 869 5240 917 5306; x_wconf 82' lang='lat' dir='ltr'>vel</span> <span class='ocrx_word' id='word_1_817' title='bbox 936 5241 973 5306; x_wconf 79' lang='lat' dir='ltr'>in</span> <span class='ocrx_word' id='word_1_818' title='bbox 992 5241 1157 5322; x_wconf 59' lang='lat' dir='ltr'>sapora,</span> <span class='ocrx_word' id='word_1_819' title='bbox 1211 5239 1322 5306; x_wconf 83' lang='lat' dir='ltr'>minin.</span> <span class='ocrx_word' id='word_1_820' title='bbox 1363 5237 1428 5306; x_wconf 83' lang='lat' dir='ltr'>Sed</span> <span class='ocrx_word' id='word_1_821' title='bbox 1451 5239 1606 5323; x_wconf 85' lang='lat' dir='ltr'>quoniam</span> <span class='ocrx_word' id='word_1_822' title='bbox 1628 5238 1689 5308; x_wconf 85' lang='lat' dir='ltr'>sibi</span> <span class='ocrx_word' id='word_1_823' title='bbox 1712 5239 1784 5321; x_wconf 91' lang='lat' dir='ltr'>plus</span> <span class='ocrx_word' id='word_1_824' title='bbox 1806 5248 1960 5324; x_wconf 84' lang='lat' dir='ltr'>arrogant</span> <span class='ocrx_word' id='word_1_825' title='bbox 1982 5260 2079 5322; x_wconf 83' lang='lat' dir='ltr'>quam</span> <span class='ocrx_word' id='word_1_826' title='bbox 2097 5241 2179 5307; x_wconf 88' lang='lat' dir='ltr'>utile</span> 
     </span>
    </p>
   </div>
   <div class='ocr_carea' id='block_1_5' title="bbox 300 5339 1977 5412">
    <p class='ocr_par' dir='ltr' id='par_1_10' title="bbox 300 5339 1977 5412">
     <span class='ocr_line' id='line_1_58' title="bbox 300 5339 1977 5412; baseline -0.005 -12"><span class='ocrx_word' id='word_1_827' title='bbox 300 5343 410 5400; x_wconf 75' lang='lat' dir='ltr'>Caluisi</span> <span class='ocrx_word' id='word_1_828' title='bbox 425 5358 519 5412; x_wconf 81' lang='lat' dir='ltr'>opero.</span> <span class='ocrx_word' id='word_1_829' title='bbox 549 5344 607 5398; x_wconf 87' lang='lat' dir='ltr'>Vol.</span> <span class='ocrx_word' id='word_1_830' title='bbox 625 5343 806 5399; x_wconf 83' lang='lat' dir='ltr'>XXXVIII.</span> <span class='ocrx_word' id='word_1_831' title='bbox 1959 5339 1977 5392; x_wconf 82' lang='lat'>4</span> 
     </span>
    </p>
   </div>
   <div class='ocr_carea' id='block_1_6' title="bbox 0 0 2524 6117">
    <p class='ocr_par' dir='ltr' id='par_1_11' title="bbox 0 0 2524 6117">
     <span class='ocr_line' id='line_1_59' title="bbox 0 0 2524 6117; baseline 0 0"><span class='ocrx_word' id='word_1_832' title='bbox 0 0 2524 6117; x_wconf 95' lang='lat' dir='ltr'> </span> 
     </span>
    </p>
   </div>
  </div>
 </body>
</html>
