5158 6124
217 485 279 550 421
905 488 954 554 IN
976 487 1226 554 luuufflsu.
1268 486 1367 553 OAP.
1389 483 1524 554 XXIII.
2153 496 2228 560 422

214 675 359 758 ipsorum
392 674 542 756 impietas
572 694 638 740 non
668 683 797 742 tantum
826 675 1020 758 perspicitur
1049 675 1085 739 in
1113 694 1189 740 con·
1242 673 1400 758 eolligunt
1428 676 1600 739 materiam
1630 696 1750 758 pravae
1779 676 2006 756 confidentiae,
2040 681 2087 744 ita
2119 691 2157 746 ut
2184 684 2221 749 in

215 759 388 828 suetudine
416 761 503 825 vitae
530 761 721 837 communis,
752 760 809 826 sed
839 761 937 825 etiam
968 761 1004 824 in
1033 761 1103 843 ipso
1125 759 1189 825 Dei
1242 761 1311 824 suis
1343 759 1519 825 sceleribus
1547 760 1682 842 gloriari
1710 760 1862 845 audeaut,
1894 764 2052 848 adiungit,
2086 765 2222 832 Annam

215 856 281 910 tem
305 845 345 923 lo,
368 843 429 910 hoo
450 851 510 924 eet,
532 846 565 909 in
581 846 687 912 olfioio
702 844 904 912 sacerdotali.
938 845 1008 911 Iam
1026 847 1055 911 si
1072 866 1188 910 verum
1241 845 1432 911 visitationis
1453 847 1604 925 ipsomet.
1649 845 1809 926 Quamvis
1832 868 1911 930 ergo
1941 870 2006 914 non
2030 855 2142 915 statim
2166 875 2223 916 ex-

214 865 304 995 illnrl)
319 931 381 994 luit
413 930 473 994 sub
502 929 582 1013 lege,
614 950 679 995 non
710 931 830 995 mirum
858 941 909 994 est
938 931 965 997 si
996 932 1092 995 hodie
1122 941 1188 994 tem
1241 943 1329 1028 serat
1352 929 1443 995 Deus
1473 951 1608 995 manum
1638 953 1729 996 snam
1759 933 1801 997 ed
1830 932 1919 1014 ipsos
1949 935 2142 1013 puniendos,
2165 937 2221 1002 ad·

215 1014 345 1082 foedum
368 1015 555 1096 exemplum
584 1025 746 1081 cernatur.
792 1016 837 1080 Et
866 1015 944 1083 hinc
974 1017 1073 1080 etiem
1102 1015 1188 1080 dete·
1244 1025 1352 1080 vestet
1374 1025 1483 1081 umen
1507 1027 1651 1097 tempus:
1682 1019 1758 1099 quia
1784 1039 1892 1083 annus
1914 1019 2113 1086 visitationis
2136 1023 2220 1088 acci-

215 1101 305 1184 gitur
316 1099 457 1165 stultitia
468 1100 679 1181 papistarum,
692 1102 747 1184 qui
764 1101 952 1166 existiment
968 1121 1004 1167 se
1021 1100 1190 1186 ingeniose
1242 1101 1332 1184 pitur
1353 1121 1412 1182 pro
1441 1111 1588 1185 tempore
1618 1115 1814 1183 opportuno,
1842 1103 1927 1185 quod
1950 1105 2040 1170 Deus
2067 1106 2154 1187 apud
2184 1129 2220 1174 se

215 1185 442 1268 subterfugere
475 1183 633 1268 quidquid
671 1187 822 1252 obiicitur
861 1187 902 1252 de
941 1186 1117 1252 sceleribus
1156 1195 1190 1250 et
1242 1187 1365 1251 statuit.
1412 1186 1532 1251 Differt
1553 1187 1682 1268 quidem
1708 1207 1837 1268 poenas,
1867 1189 1925 1253 sed
1956 1191 2011 1254 ubi
2041 1191 2097 1255 diu
2126 1192 2220 1257 abusi

215 1291 319 1355 papae
341 1279 374 1334 et
395 1269 494 1336 totius
518 1270 629 1337 toeudi
647 1272 735 1336 illius
752 1272 847 1340 cleri:
872 1293 973 1355 quum
992 1272 1190 1354 respondent
1242 1283 1321 1336 sunt
1342 1271 1534 1354 hypocritae
1554 1281 1588 1336 et
1605 1283 1847 1354 contemptores
1865 1275 1936 1339 eins
1959 1276 2144 1356 tolerantia,
2167 1279 2220 1342 in·

215 1375 333 1439 papam
356 1354 486 1439 quidem
509 1373 605 1438 posse
627 1376 699 1422 esse
727 1357 930 1434 sceleratum,
959 1367 997 1423 ut
1022 1369 1101 1422 sunt
1122 1358 1189 1422 lere
1241 1357 1321 1439 cipit
1343 1367 1476 1439 repente
1498 1367 1612 1422 contra
1633 1359 1721 1440 ipsos
1744 1360 1935 1424 fulminare:
1966 1360 2019 1423 bic
2041 1372 2091 1426 est
2112 1383 2221 1428 annus

217 1461 348 1506 omues:
378 1451 412 1506 et
432 1441 518 1505 idem
540 1441 639 1506 ctiam
662 1462 755 1525 posse
785 1443 849 1508 dici
879 1443 919 1508 de
947 1443 1092 1509 cornutis
1122 1444 1189 1523 epi·
1244 1442 1444 1507 visitationis.
1490 1439 1654 1524 Sequitur,

216 1525 339 1609 scopis:
369 1525 426 1590 sed
450 1544 577 1608 papam,
604 1537 767 1609 quatenus
798 1537 847 1593 est
879 1549 970 1610 papa,
1002 1548 1069 1592 non
1097 1547 1189 1610 posse

217 1631 344 1677 errare:
365 1611 444 1674 item
466 1611 645 1693 episcopos,
667 1623 831 1694 quatenus
852 1626 930 1679 sunt
952 1613 1104 1696 episcopi,
1129 1613 1189 1677 lrcc
1329 1611 1379 1676 13.
1403 1610 1445 1676 In
1461 1613 1623 1698 propterte
1644 1613 1693 1698 (st
1708 1613 1743 1677 in
1762 1614 1942 1701 prophetis)
1965 1613 2133 1682 Samariae
2152 1616 2222 1684 oidi

217 1707 275 1772 est,
292 1696 325 1760 in
339 1697 409 1778 ipso
423 1695 581 1779 regimina
596 1699 756 1778 etofficic,
772 1700 926 1781 quoniam
942 1705 1190 1783 repraesentant
1239 1696 1416 1778 fotrtitatern
1447 1698 1513 1779 (vel
1545 1698 1718 1782 insulsum,
1752 1700 2001 1786 insulsitatem:
2030 1701 2222 1783 prophetant

216 1780 396 1856 ecclesiam,
432 1782 502 1865 regi
535 1783 652 1864 spiritu
685 1791 808 1850 sancto.
864 1783 930 1850 Sed
965 1804 1008 1848 an
1042 1783 1189 1849 meliores
1240 1782 1277 1846 in
1298 1779 1399 1860 Boot,
1424 1787 1453 1847 et
1475 1802 1582 1848 errare
1609 1782 1733 1864 fociant
1761 1783 1838 1869 (rel,
1862 1785 2042 1872 decipiunt)
2066 1786 2223 1870 populum

216 1876 296 1934 sunt
317 1866 456 1933 vetustis
477 1866 542 1932 illis
563 1867 794 1948 sacerdotibus,
824 1889 907 1952 qnos
934 1868 1026 1935 Deus
1047 1889 1103 1934 ore
1131 1889 1188 1933 sno
1241 1886 1344 1933 naum
1367 1867 1479 1933 Israot

216 1952 440 2030 constitueret,
461 1959 496 2016 et
512 1952 630 2035 quibus
646 1953 776 2019 volebat
793 1956 950 2036 praestari
973 1953 1187 2020 obedientiam
1328 1951 1378 2016 14.
1406 1951 1452 2017 st
1478 1952 1513 2017 in
1536 1952 1696 2034 prophetis
1725 1953 1899 2020 Icrrrsatem
1924 1955 1993 2020 cidi
2018 1957 2219 2040 motuum,

217 2047 332 2104 atoto
361 2036 504 2120 populo?
549 2037 613 2104 Hic
641 2049 751 2105 antam
779 2041 940 2123 propbeta
966 2061 1030 2104 non
1061 2048 1188 2103 tantum
1241 2037 1455 2120 memento,
1488 2043 1516 2104 ct
1547 2037 1733 2104 ambabtndo
1764 2040 1800 2103 in
1830 2039 1980 2118 fallacior
2013 2046 2041 2105 et
2071 2040 2221 2108 roborant

216 2122 296 2189 dicit
317 2123 416 2188 fnisse
438 2122 510 2187 illos
532 2123 713 2202 sceleratos,
744 2125 829 2206 quod
852 2126 952 2209 impie
974 2133 1008 2190 et
1035 2124 1189 2190 scelerate
1241 2142 1357 2188 manns
1389 2123 1612 2204 improborum,
1645 2129 1680 2187 at
1710 2143 1773 2189 non
1805 2130 2002 2189 revertantur
2033 2128 2166 2208 quisquc
2198 2149 2220 2192 a

216 2208 758 2360 rutilantius*”la
771 2210 1041 2362 qdiindl‘liai
1064 2209 1190 2359 titi
1241 2207 1690 2374 metantem
1714 2215 2000 2359 mquam
2022 2207 2169 2295 &lm
2192 2217 2222 2277 ⁶⁶

217 2379 283 2444 tiae
304 2386 338 2443 et
352 2379 534 2460 rapacitati,
557 2345 643 2462 quod
659 2316 769 2445 sinent
786 2381 921 2461 proiecti
937 2380 977 2444 ad
994 2379 1189 2444 adulterium

217 2474 249 2529 ct
268 2485 365 2529 omne
383 2463 562 2548 flagitium:
585 2465 642 2529 sed
663 2466 739 2532 dicit
761 2467 903 2548 ipsoram
918 2466 1076 2531 malitiam
1091 2464 1191 2546 fuisso
1329 2463 1376 2529 Hi
1407 2463 1470 2528 duc
1493 2483 1608 2529 sersus
1641 2464 1841 2530 coniunctim
1871 2464 1999 2547 legendi
2027 2475 2114 2538 snut,
2144 2466 2221 2548 quia

216 2549 438 2632 ὀιριιῑιιιιεαιιι
460 2549 495 2614 in
515 2549 586 2632 ipso
607 2551 727 2633 templo,
758 2550 821 2618 hoc
847 2557 906 2630 est,
936 2552 971 2615 in
1000 2552 1069 2632 ipso
1100 2570 1191 2616 sacro
1244 2548 1378 2614 dubium
1402 2569 1466 2613 non
1488 2560 1537 2612 est
1559 2549 1640 2631 quin
1670 2549 1831 2632 prophete
1856 2549 1909 2615 bic
1932 2563 2096 2632 comperet
2120 2549 2220 2616 talene

217 2634 859 2803 ttritetittl²t0t¹t¹¹,ttlttlit
873 2635 1192 2804 {utititas
1244 2634 2083 2804 lliislmildlamii?iiliialy'lluffllillltll
2113 2655 2220 2785 titt

217 2825 294 2869 nam
317 2805 390 2885 Dei,
412 2814 445 2869 st
467 2815 656 2870 everterant
677 2808 747 2873 eius
769 2805 904 2872 cultum.
1245 2768 1432 2881 senotidres,
1460 2825 1497 2870 ae
1518 2806 1625 2888 magis
1646 2806 1776 2888 integri.
1822 2805 1879 2870 Sic
1908 2820 2018 2871 antem
2050 2815 2221 2886 comparat

1245 2901 1282 2955 ut
1304 2910 1360 2954 eos
1382 2891 1569 2971 pronuntiet
1598 2889 1695 2972 longe
1725 2890 1902 2955 deteriores
1932 2911 2013 2966 esse,
2045 2891 2103 2972 qui
2129 2891 2220 2954 vole-

307 2975 356 3039 12.
382 2972 554 3056 Pr0pterco
574 2975 634 3040 erit
654 2975 707 3040 oio
734 2996 843 3041 coram
870 2977 953 3060 ipsis
973 2980 1123 3058 tanquam
1143 2977 1192 3041 la·
1246 2977 1325 3041 baut
1347 2976 1472 3040 censeri
1494 2973 1606 3039 fideles
1631 2975 1691 3040 llei
1711 2975 1864 3040 ministri.
1908 2975 1995 3040 Nam
2017 2975 2096 3040 dicit
2117 2995 2150 3039 sc
2170 2975 2221 3040 do·

217 3061 382 3139 mimus,
404 3060 441 3125 r'n
462 3058 594 3144 mlipt'no
614 3061 793 3144 impingent,
817 3062 971 3128 standart
991 3063 1028 3126 in
1049 3082 1092 3140 ca,
1116 3063 1193 3143 qaia
1241 3059 1443 3142 mehediam
1463 3060 1497 3124 r'rt
1514 3059 1674 3141 prophetis
1696 3059 1864 3126 Samariae
1884 3060 2071 3142 fanantur,
2093 3060 2127 3124 in
2146 3080 2221 3141 pro-

217 3148 366 3213 indnoam
387 3165 483 3227 saper
503 3165 554 3212 cos
574 3145 703 3229 malina,
725 3165 844 3212 onnam
863 3147 1057 3212 visitationis
1077 3167 1191 3230 mrum,
1239 3146 1344 3228 pletis
1363 3165 1435 3209 coro
1458 3144 1665 3227 Iorosolpmoc
1692 3148 1892 3226 pronitatem.
1947 3145 2025 3210 ldeo
2058 3146 2220 3210 falluntur

217 3233 293 3298 dicit
314 3230 460 3298 Iobooolt.
1246 3230 1463 3308 meoiudicio,
1487 3231 1542 3312 qui
1565 3217 1655 3299 uben
1679 3232 1844 3312 accipiunt
1859 3231 1957 3294 etiem
1973 3250 2033 3312 pro
2048 3233 2219 3312 pravitate.

1216 3325 1220 3374 ι
1245 3316 1359 3397 Neque
1379 3317 1468 3380 enim
1490 3316 1694 3381 considerant
1720 3316 1774 3380 bic
1795 3320 1987 3399 exaggerari
2010 3335 2069 3398 par
2090 3335 2221 3398 compe-

303 3401 369 3467 Hio
391 3399 562 3466 denuntiat
577 3400 667 3466 falsis
683 3401 851 3483 prophetis
866 3409 899 3465 et
914 3399 1070 3483 improbis
1085 3421 1190 3468 sacer·
1245 3402 1403 3467 rationem
1426 3399 1531 3466 seclus
1555 3422 1676 3480 eorum,
1706 3402 1762 3483 qui
1785 3400 1947 3483 putabant
1967 3421 2003 3465 se
2025 3421 2096 3465 esse
2118 3401 2221 3464 maio·

218 3485 357 3566 dotibus,
379 3487 503 3552 instare
524 3485 592 3552 illie
613 3486 769 3552 iudicium
790 3487 934 3568 Domini,
957 3487 1111 3569 quoniam
1134 3508 1191 3568 po·
1246 3508 1298 3552 res
1336 3487 1425 3550 omni
1465 3487 1673 3568 exceptione,
1713 3485 1986 3568 quemadmodum
2027 3487 2219 3566 loquuntur.

218 3571 331 3656 pulum
369 3570 565 3654 deceperint.
622 3570 688 3639 Sed
721 3573 862 3654 figurate
895 3571 1054 3653 loquitur,
1090 3593 1191 3654 quum
1246 3571 1423 3652 Quantum
1444 3569 1484 3633 ad
1514 3570 1688 3653 propbetas
1717 3569 1896 3651 Samariae,
1928 3573 1989 3636 hoc
2016 3580 2074 3647 est,
2105 3570 2220 3635 decem

218 3657 297 3722 dicit
317 3657 404 3722 emm
425 3677 532 3722 corum
557 3657 625 3739 foro
646 3657 713 3722 illis
734 3663 886 3738 tanquam
914 3655 1084 3723 inbutos.
1127 3658 1192 3723 Per
1245 3656 1391 3721 tribuum
1413 3655 1527 3738 Israel,
1557 3655 1681 3738 pridem
1705 3656 1849 3721 damnati
1878 3666 1983 3728 erant,
2012 3677 2072 3721 nec
2092 3655 2223 3720 Ieroso·

216 3743 303 3808 mom
335 3741 490 3826 iutelligit
526 3742 671 3808 rationes
701 3762 783 3825 ques
816 3741 975 3823 putabant
1008 3745 1087 3807 bene
1122 3764 1192 3808 esse
1245 3743 1353 3824 lymae
1391 3742 1563 3822 quisquam
1600 3762 1700 3806 ausus
1739 3743 1854 3808 luisset
1893 3739 2066 3805 defendere
2106 3761 2219 3805 corum

218 3828 423 3909 compositas,
446 3826 718 3909 quemadmodum
746 3826 824 3892 alibi
855 3827 967 3891 eodem
998 3828 1065 3891 lere
1093 3847 1191 3892 sensu
1245 3847 1385 3892 causam.
1429 3824 1553 3907 Aperte
1583 3831 1669 3890 enim
1699 3826 1905 3893 desciverant
1927 3847 1946 3890 a
1968 3823 2033 3890 Dei
2054 3826 2155 3903 cultu,
2187 3835 2220 3892 et

218 3921 354 3979 vocatur
376 3931 490 3977 mensa
512 3912 685 3994 impiorum
703 3911 861 3994 quidquid
880 3923 930 3977 est
952 3914 1030 3995 ipsis
1053 3911 1191 3978 delecta·
1245 3911 1451 3975 abduxerant
1484 3911 1638 3993 populum
1672 3913 1713 3978 ab
1754 3915 1850 3977 unico
1891 3911 2013 3993 templo
2046 3923 2079 3976 et
2111 3913 2218 3976 altari.

217 3997 293 4081 bile,
324 3998 389 4061 imo
418 3996 576 4080 quidquid
598 3997 723 4063 confert
752 3996 792 4061 ad
824 3998 925 4062 vitem
956 3997 1191 4062 sustinendam.
1245 3996 1334 4079 Ergo
1357 4007 1435 4060 tunc
1456 3998 1490 4059 in
1514 4017 1614 4082 regno
1638 3997 1787 4062 lehudeh
1812 3998 1915 4063 habiti
1938 4009 2018 4060 sunt
2039 4010 2218 4080 apostatae,

218 4082 344 4149 Sensus
365 4083 554 4166 igiturest:
583 4081 695 4163 Quum
718 4081 881 4164 putabunt
902 4081 961 4146 eibi
985 4083 1095 4146 omnia
1117 4103 1191 4166 pro·
1245 4091 1277 4145 et
1310 4081 1442 4164 perfidi,
1482 4091 1515 4145 et
1548 4081 1733 4147 nebulones.
1790 4081 1856 4149 Sed
1895 4102 2032 4165 regnum
2066 4081 2221 4147 Ichudab

215 4189 310 4253 spere
333 4187 413 4248 esse,
436 4188 474 4233 aa
492 4166 520 4233 si
538 4167 611 4249 quie
629 4169 691 4233 iter
705 4168 827 4234 taceret
842 4187 899 4250 per
914 4167 1093 4250 planitiem,
1112 4179 1192 4232 tuuc
1245 4165 1351 4230 adhuc
1373 4165 1502 4231 volebat
1523 4167 1649 4233 censeri
1672 4188 1790 4251 purum
1813 4177 1846 4231 et
1870 4169 2059 4232 innoxium:
2088 4181 2121 4231 et
2143 4187 2219 4250 pro·

217 4254 361 4320 sentient
393 4274 428 4318 se
460 4253 496 4317 in
526 4253 650 4318 lubrico
682 4253 813 4318 versari.
866 4252 928 4317 Via
956 4253 1058 4335 igitur
1085 4273 1191 4319 eornm
1245 4250 1362 4334 phetae
1384 4253 1441 4334 qui
1463 4252 1530 4316 illic
1551 4266 1644 4316 erant
1666 4255 1892 4336 gloriabantur
1907 4275 1943 4318 se
1958 4273 2028 4317 esse
2046 4255 2220 4336 incorrup-

217 4340 277 4404 srit
297 4339 366 4405 iliis
385 4343 536 4420 torquant
556 4338 753 4419 lubricitatis,
783 4339 844 4402 hoc
866 4350 924 4413 cet,
956 4339 1011 4404 ubi
1034 4339 1096 4404 visi
1119 4340 1191 4404 sue·
1245 4349 1293 4402 tos
1317 4347 1350 4402 et
1372 4359 1470 4420 puros
1492 4339 1532 4403 ab
1554 4341 1642 4402 omni
1666 4338 1802 4403 macula.
1836 4338 2004 4420 Propheta
2020 4340 2124 4416 igitur
2142 4340 2223 4404 dicit

216 4424 286 4488 rint
316 4424 461 4506 coepisse
489 4423 568 4488 utile
601 4424 782 4500 eonsilium,
817 4431 852 4487 et
873 4424 980 4488 omnia
1013 4422 1191 4506 prudenter
1243 4428 1398 4504 repertam
1426 4424 1529 4507 fnisse
1560 4422 1735 4505 sntnitotm
1775 4425 1811 4489 in
1845 4424 2007 4506 prophetis
2040 4422 2220 4506 Sarranae,

218 4509 265 4575 sic
286 4509 515 4590 composuisse,
538 4515 576 4573 ut
598 4508 681 4572 nihil
704 4507 880 4573 infeliciter
900 4509 1090 4590 contingere
1111 4509 1190 4593 ipsis
1245 4529 1362 4590 nempe
1384 4511 1439 4590 qui
1462 4509 1574 4573 decem
1596 4507 1699 4573 tribus
1721 4523 1945 4590 corruperant,
1975 4521 2008 4574 et
2034 4510 2102 4573 illic
2124 4511 2221 4574 vitia-

218 4595 330 4677 possit,
351 4593 405 4661 oia
423 4594 498 4660 boec
512 4594 572 4659 orit
593 4593 661 4658 illis
683 4593 855 4672 lubricitas,
877 4591 975 4675 idque
991 4594 1024 4656 in
1040 4595 1189 4679 caligine.
1243 4604 1362 4658 verant
1391 4613 1509 4676 purum
1534 4594 1593 4658 Dei
1625 4594 1767 4659 cultum:
1797 4595 1853 4659 sed
1886 4595 1957 4674 plue
1986 4615 2058 4659 esee
2087 4595 2220 4661 sceleris

219 4678 377 4760 Duplicat
398 4680 548 4762 figuram.
592 4679 664 4743 Etsi
688 4679 776 4742 enim
802 4679 876 4760 quis
903 4679 938 4742 in
968 4678 1093 4746 lubrico
1116 4701 1191 4744 ver·
1244 4680 1276 4743 iu
1296 4679 1464 4763 prophetis
1478 4679 1698 4762 Ierosolymae
1716 4691 1750 4745 et
1772 4681 1863 4763 regni
1882 4679 2041 4760 lehudeh,
2064 4680 2221 4763 quoniam

218 4773 321 4842 satur,
344 4771 451 4846 potest
472 4773 583 4829 tamen
606 4763 668 4829 sibi
688 4784 803 4829 cavere
819 4784 919 4845 quum
934 4764 1068 4845 aspiciet
1089 4765 1190 4831 oeulis
1244 4784 1309 4828 uon
1333 4764 1455 4828 luerint
1478 4773 1603 4827 tautum
1627 4765 1770 4847 insipidi,
1793 4765 1849 4829 sed
1872 4767 2021 4830 consulto
2039 4767 2220 4830 everterint

218 4849 411 4930 periculum.
454 4848 519 4916 Sed
544 4847 599 4915 ubi
622 4849 745 4914 accedit
767 4848 807 4913 ad
837 4848 1056 4914 lubricitatem
1077 4851 1190 4934 caligo,
1244 4870 1372 4914 omnem
1396 4849 1560 4931 pietatem,
1592 4861 1624 4913 et
1649 4852 1859 4932 permiserint
1882 4852 2046 4917 licentiam
2070 4851 2219 4915 omnium

219 4935 278 4998 vix
300 4934 371 4998 lieri
394 4939 512 5015 potest,
542 4937 620 5018 quin
642 4935 671 5000 is
693 4935 747 5017 qui
779 4952 839 4999 nco
867 4945 955 5000 stare
984 4941 1101 5020 potest,
1132 4957 1191 5002 nec
1244 4935 1413 5013 scelerum,
1441 4933 1489 4998 ita
1511 4944 1549 4997 ut
1570 4937 1662 5017 quasi
1685 4935 1844 5001 vexillum
1875 4941 2042 5018 gestarent
2072 4935 2124 4999 ad,
2144 4957 2219 5018 pro-

219 5038 418 5096 semovere,
448 5020 543 5085 cadat
570 5021 603 5085 iu
635 5019 719 5084 hano
740 5019 794 5084 vel
823 5018 916 5084 illem
942 5031 1090 5104 partem:l
1118 5021 1191 5086 ideo
1244 5018 1383 5085 bundam
1407 5039 1537 5084 omnem
1565 5022 1705 5104 speciem
1735 5023 1906 5105 nequitiae.
1951 5018 2112 5085 Videmus
2140 5044 2221 5106 ergo

220 5103 308 5182 dicit,
341 5105 512 5188 inpingeret
539 5109 568 5169 et
595 5106 702 5171 mitent
728 5106 763 5168 in
792 5124 837 5170 eo.
888 5105 1046 5188 Sequitur
1074 5127 1192 5172 causae
1244 5106 1406 5188 quodnam
1437 5105 1480 5168 sit
1501 5104 1659 5171 Ieremias
1686 5108 1867 5185 eonsilium,
1897 5126 2016 5187 nempe
2045 5107 2222 5188 prophetas

219 5188 375 5255 redditio:
404 5192 481 5272 quia
502 5190 624 5256 scilicet
646 5191 808 5255 Dominus
838 5191 901 5255 erit
927 5192 1006 5273 ipsis
1032 5191 1190 5258 infensus.
1245 5191 1338 5273 regni
1367 5189 1515 5255 lehudab
1545 5212 1698 5274 superare
1727 5193 1896 5272 impietate
1923 5193 2004 5256 alios
2032 5193 2220 5276 prophetas,

219 5274 294 5340 Non
316 5295 395 5359 ergo
417 5274 575 5358 effugient
595 5274 733 5354 ruinam,
757 5275 835 5358 qnia
850 5276 913 5340 erit
928 5276 1007 5358 ipsis
1023 5280 1191 5360 negotium
1244 5297 1326 5358 quos
1349 5285 1458 5340 tamen
1481 5278 1618 5359 superbe
1641 5277 1859 5342 damnabant:
1882 5279 2037 5359 quoniam
2060 5301 2126 5344 non
2150 5292 2222 5343 ten-

219 5381 293 5426 cum
323 5360 405 5426 Deo.
457 5358 523 5426 Sed
554 5362 704 5441 quoniam
737 5361 831 5445 impii
863 5383 905 5427 ex
937 5360 1002 5427 Dei
1034 5363 1193 5444 patientie
1245 5366 1316 5426 tum
1339 5361 1455 5426 insulsi
1479 5361 1603 5425 luerint
1623 5382 1660 5427 ao
1678 5363 1771 5442 latui,
1795 5363 1851 5428 sed
1867 5363 2127 5442 conspiraverint
2142 5363 2220 5430 data

1961 5461 2012 5515 27*
