<?xml version="1.0" encoding="UTF-8"?>
<!DOCTYPE html PUBLIC "-//W3C//DTD XHTML 1.0 Transitional//EN"
    "http://www.w3.org/TR/xhtml1/DTD/xhtml1-transitional.dtd">
<html xmlns="http://www.w3.org/1999/xhtml" xml:lang="en" lang="en">
 <head>
  <title>
</title>
<meta http-equiv="Content-Type" content="text/html;charset=utf-8" />
  <meta name='ocr-system' content='tesseract 3.04.00' />
  <meta name='ocr-capabilities' content='ocr_page ocr_carea ocr_par ocr_line ocrx_word'/>
</head>
<body>
  <div class='ocr_page' id='page_1' title='image "./corpusreformato14melagoog_0365.png"; bbox 0 0 5118 6136; ppageno 0'>
   <div class='ocr_carea' id='block_1_1' title="bbox 365 377 2368 494">
    <p class='ocr_par' dir='ltr' id='par_1_1' title="bbox 365 377 2368 494">
     <span class='ocr_line' id='line_1_1' title="bbox 365 377 2368 494; baseline -0.003 -2"><span class='ocrx_word' id='word_1_1' title='bbox 365 426 430 493; x_wconf 87' lang='lat' dir='ltr'><strong>eoo</strong></span> <span class='ocrx_word' id='word_1_2' title='bbox 1176 422 1561 492; x_wconf 79' lang='lat' dir='ltr'><strong>rusucnomouue</strong></span> <span class='ocrx_word' id='word_1_3' title='bbox 1931 377 1942 494; x_wconf 62' lang='lat' dir='ltr'>s</span> <span class='ocrx_word' id='word_1_4' title='bbox 2304 421 2368 486; x_wconf 80' lang='lat' dir='ltr'><strong>roo</strong></span> 
     </span>
    </p>
   </div>
   <div class='ocr_carea' id='block_1_2' title="bbox 364 608 2368 3254">
    <p class='ocr_par' dir='ltr' id='par_1_2' title="bbox 364 608 2368 3254">
     <span class='ocr_line' id='line_1_2' title="bbox 366 608 2367 694; baseline -0.004 -14"><span class='ocrx_word' id='word_1_5' title='bbox 366 614 405 680; x_wconf 78' lang='lat' dir='ltr'><strong>st</strong></span> <span class='ocrx_word' id='word_1_6' title='bbox 424 617 559 680; x_wconf 76' lang='lat' dir='ltr'><strong>renatae</strong></span> <span class='ocrx_word' id='word_1_7' title='bbox 578 610 699 694; x_wconf 73' lang='lat' dir='ltr'><strong>suerint</strong></span> <span class='ocrx_word' id='word_1_8' title='bbox 720 610 800 693; x_wconf 77' lang='lat' dir='ltr'><strong>lepos</strong></span> <span class='ocrx_word' id='word_1_9' title='bbox 820 609 900 674; x_wconf 83' lang='lat' dir='ltr'><strong>istoc</strong></span> <span class='ocrx_word' id='word_1_10' title='bbox 921 629 942 672; x_wconf 88' lang='lat' dir='ltr'><strong>c</strong></span> <span class='ocrx_word' id='word_1_11' title='bbox 962 615 1121 692; x_wconf 76' lang='lat' dir='ltr'><strong>compertu</strong></span> <span class='ocrx_word' id='word_1_12' title='bbox 1138 629 1216 693; x_wconf 87' lang='lat' dir='ltr'><strong>meo,</strong></span> <span class='ocrx_word' id='word_1_13' title='bbox 1237 627 1340 674; x_wconf 77' lang='lat' dir='ltr'><strong>seuseu</strong></span> <span class='ocrx_word' id='word_1_14' title='bbox 1391 610 1522 676; x_wconf 76' lang='lat' dir='ltr'>excidat</span> <span class='ocrx_word' id='word_1_15' title='bbox 1544 611 1700 676; x_wconf 88' lang='lat' dir='ltr'><strong>memoria</strong></span> <span class='ocrx_word' id='word_1_16' title='bbox 1722 608 1860 676; x_wconf 89' lang='lat' dir='ltr'><strong>foederis</strong></span> <span class='ocrx_word' id='word_1_17' title='bbox 1882 609 1965 688; x_wconf 88' lang='lat' dir='ltr'><strong>Dei,</strong></span> <span class='ocrx_word' id='word_1_18' title='bbox 1998 608 2077 691; x_wconf 90' lang='lat' dir='ltr'><strong>quin</strong></span> <span class='ocrx_word' id='word_1_19' title='bbox 2099 629 2214 674; x_wconf 86' lang='lat' dir='ltr'><strong>rursus</strong></span> <span class='ocrx_word' id='word_1_20' title='bbox 2235 608 2367 694; x_wconf 88' lang='lat' dir='ltr'><strong>colligat</strong></span> 
     </span>
     <span class='ocr_line' id='line_1_3' title="bbox 364 693 2366 779; baseline -0.003 -15"><span class='ocrx_word' id='word_1_21' title='bbox 364 701 461 765; x_wconf 81' lang='lat' dir='ltr'><strong>etiam</strong></span> <span class='ocrx_word' id='word_1_22' title='bbox 483 696 589 764; x_wconf 81' lang='lat' dir='ltr'><strong>Israel</strong></span> <span class='ocrx_word' id='word_1_23' title='bbox 609 695 734 779; x_wconf 57' lang='lat' dir='ltr'><strong>deficio,</strong></span> <span class='ocrx_word' id='word_1_24' title='bbox 756 693 819 760; x_wconf 91' lang='lat' dir='ltr'><strong>hoc</strong></span> <span class='ocrx_word' id='word_1_25' title='bbox 841 703 899 770; x_wconf 91' lang='lat' dir='ltr'><strong>est,</strong></span> <span class='ocrx_word' id='word_1_26' title='bbox 921 713 1018 775; x_wconf 90' lang='lat' dir='ltr'><strong>quam</strong></span> <span class='ocrx_word' id='word_1_27' title='bbox 1042 704 1132 760; x_wconf 88' lang='lat' dir='ltr'><strong>certa</strong></span> <span class='ocrx_word' id='word_1_28' title='bbox 1149 706 1199 760; x_wconf 89' lang='lat' dir='ltr'><strong>est</strong></span> <span class='ocrx_word' id='word_1_29' title='bbox 1214 695 1339 761; x_wconf 78' lang='lat' dir='ltr'>ordinis</span> <span class='ocrx_word' id='word_1_30' title='bbox 1391 695 1545 777; x_wconf 90' lang='lat' dir='ltr'><strong>populum</strong></span> <span class='ocrx_word' id='word_1_31' title='bbox 1567 717 1674 762; x_wconf 91' lang='lat' dir='ltr'><strong>suum.</strong></span> <span class='ocrx_word' id='word_1_32' title='bbox 1708 695 1843 760; x_wconf 78' lang='lat' dir='ltr'><strong>Poterat</strong></span> <span class='ocrx_word' id='word_1_33' title='bbox 1860 696 1947 760; x_wconf 90' lang='lat' dir='ltr'><strong>enim</strong></span> <span class='ocrx_word' id='word_1_34' title='bbox 1966 693 2119 760; x_wconf 77' lang='lat' dir='ltr'>exsilium</span> <span class='ocrx_word' id='word_1_35' title='bbox 2139 693 2242 760; x_wconf 87' lang='lat' dir='ltr'><strong>videri</strong></span> <span class='ocrx_word' id='word_1_36' title='bbox 2259 704 2366 758; x_wconf 85' lang='lat' dir='ltr'><strong>aeter-</strong></span> 
     </span>
     <span class='ocr_line' id='line_1_4' title="bbox 365 777 2366 861; baseline -0.002 -12"><span class='ocrx_word' id='word_1_37' title='bbox 365 796 503 850; x_wconf 88' lang='lat' dir='ltr'><strong>naturae</strong></span> <span class='ocrx_word' id='word_1_38' title='bbox 525 780 701 861; x_wconf 85' lang='lat' dir='ltr'><strong>stabilitas,</strong></span> <span class='ocrx_word' id='word_1_39' title='bbox 734 799 818 861; x_wconf 88' lang='lat' dir='ltr'><strong>quae</strong></span> <span class='ocrx_word' id='word_1_40' title='bbox 846 779 1046 860; x_wconf 75' lang='lat' dir='ltr'><strong>conspicitur</strong></span> <span class='ocrx_word' id='word_1_41' title='bbox 1073 781 1108 844; x_wconf 87' lang='lat' dir='ltr'><strong>in</strong></span> <span class='ocrx_word' id='word_1_42' title='bbox 1137 799 1236 845; x_wconf 89' lang='lat' dir='ltr'><strong>cursu</strong></span> <span class='ocrx_word' id='word_1_43' title='bbox 1260 780 1338 846; x_wconf 86' lang='lat' dir='ltr'><strong>solis</strong></span> <span class='ocrx_word' id='word_1_44' title='bbox 1391 801 1454 845; x_wconf 89' lang='lat' dir='ltr'><strong>nus</strong></span> <span class='ocrx_word' id='word_1_45' title='bbox 1477 781 1636 845; x_wconf 87' lang='lat' dir='ltr'><strong>interitus.</strong></span> <span class='ocrx_word' id='word_1_46' title='bbox 1685 781 1735 846; x_wconf 91' lang='lat' dir='ltr'><strong>lta</strong></span> <span class='ocrx_word' id='word_1_47' title='bbox 1763 782 1797 844; x_wconf 93' lang='lat' dir='ltr'><strong>in</strong></span> <span class='ocrx_word' id='word_1_48' title='bbox 1828 779 1968 844; x_wconf 93' lang='lat' dir='ltr'><strong>nihilum</strong></span> <span class='ocrx_word' id='word_1_49' title='bbox 1997 777 2129 844; x_wconf 86' lang='lat' dir='ltr'><strong>redacta</strong></span> <span class='ocrx_word' id='word_1_50' title='bbox 2155 779 2272 844; x_wconf 87' lang='lat' dir='ltr'><strong>fuisset</strong></span> <span class='ocrx_word' id='word_1_51' title='bbox 2301 777 2366 844; x_wconf 88' lang='lat' dir='ltr'><strong>Dei</strong></span> 
     </span>
     <span class='ocr_line' id='line_1_5' title="bbox 366 862 2367 947; baseline -0.003 -13"><span class='ocrx_word' id='word_1_52' title='bbox 366 882 399 934; x_wconf 92' lang='lat' dir='ltr'><strong>et</strong></span> <span class='ocrx_word' id='word_1_53' title='bbox 421 869 536 947; x_wconf 90' lang='lat' dir='ltr'><strong>lunae,</strong></span> <span class='ocrx_word' id='word_1_54' title='bbox 569 867 605 931; x_wconf 93' lang='lat' dir='ltr'><strong>in</strong></span> <span class='ocrx_word' id='word_1_55' title='bbox 627 865 713 930; x_wconf 86' lang='lat' dir='ltr'><strong>mari</strong></span> <span class='ocrx_word' id='word_1_56' title='bbox 733 865 805 947; x_wconf 89' lang='lat' dir='ltr'><strong>ipso</strong></span> <span class='ocrx_word' id='word_1_57' title='bbox 827 862 1035 928; x_wconf 86' lang='lat' dir='ltr'><strong>turbulento:</strong></span> <span class='ocrx_word' id='word_1_58' title='bbox 1069 873 1136 929; x_wconf 84' lang='lat' dir='ltr'><strong>tum</strong></span> <span class='ocrx_word' id='word_1_59' title='bbox 1165 877 1255 930; x_wconf 88' lang='lat' dir='ltr'><strong>certa</strong></span> <span class='ocrx_word' id='word_1_60' title='bbox 1276 865 1338 929; x_wconf 88' lang='lat' dir='ltr'><strong>erit</strong></span> <span class='ocrx_word' id='word_1_61' title='bbox 1392 866 1522 932; x_wconf 85' lang='lat' dir='ltr'><strong>veritas.</strong></span> <span class='ocrx_word' id='word_1_62' title='bbox 1558 866 1689 932; x_wconf 77' lang='lat' dir='ltr'><strong>Foedus</strong></span> <span class='ocrx_word' id='word_1_63' title='bbox 1712 865 1800 931; x_wconf 89' lang='lat' dir='ltr'><strong>enim</strong></span> <span class='ocrx_word' id='word_1_64' title='bbox 1823 867 1952 931; x_wconf 87' lang='lat' dir='ltr'><strong>irritum</strong></span> <span class='ocrx_word' id='word_1_65' title='bbox 1972 866 2042 930; x_wconf 87' lang='lat' dir='ltr'><strong>fieri</strong></span> <span class='ocrx_word' id='word_1_66' title='bbox 2060 883 2127 928; x_wconf 94' lang='lat' dir='ltr'><strong>non</strong></span> <span class='ocrx_word' id='word_1_67' title='bbox 2145 865 2262 947; x_wconf 89' lang='lat' dir='ltr'><strong>potuit,</strong></span> <span class='ocrx_word' id='word_1_68' title='bbox 2285 864 2367 946; x_wconf 90' lang='lat' dir='ltr'><strong>quin</strong></span> 
     </span>
     <span class='ocr_line' id='line_1_6' title="bbox 365 948 2364 1035; baseline -0.003 -16"><span class='ocrx_word' id='word_1_69' title='bbox 365 953 455 1021; x_wconf 84' lang='lat' dir='ltr'><strong>salus</strong></span> <span class='ocrx_word' id='word_1_70' title='bbox 477 953 632 1019; x_wconf 87' lang='lat' dir='ltr'><strong>ecclesiae</strong></span> <span class='ocrx_word' id='word_1_71' title='bbox 654 970 763 1028; x_wconf 89' lang='lat' dir='ltr'><strong>meae,</strong></span> <span class='ocrx_word' id='word_1_72' title='bbox 797 969 902 1031; x_wconf 88' lang='lat' dir='ltr'><strong>neque</strong></span> <span class='ocrx_word' id='word_1_73' title='bbox 932 950 1019 1014; x_wconf 89' lang='lat' dir='ltr'><strong>liniri</strong></span> <span class='ocrx_word' id='word_1_74' title='bbox 1042 970 1186 1032; x_wconf 91' lang='lat' dir='ltr'><strong>unquam</strong></span> <span class='ocrx_word' id='word_1_75' title='bbox 1209 951 1337 1033; x_wconf 86' lang='lat' dir='ltr'><strong>poterit.</strong></span> <span class='ocrx_word' id='word_1_76' title='bbox 1391 950 1529 1033; x_wconf 87' lang='lat' dir='ltr'><strong>populus</strong></span> <span class='ocrx_word' id='word_1_77' title='bbox 1552 952 1623 1017; x_wconf 90' lang='lat' dir='ltr'><strong>iure</strong></span> <span class='ocrx_word' id='word_1_78' title='bbox 1652 959 1763 1035; x_wconf 90' lang='lat' dir='ltr'><strong>posset</strong></span> <span class='ocrx_word' id='word_1_79' title='bbox 1794 952 1949 1032; x_wconf 91' lang='lat' dir='ltr'><strong>conqueri</strong></span> <span class='ocrx_word' id='word_1_80' title='bbox 1981 971 2016 1016; x_wconf 92' lang='lat' dir='ltr'><strong>se</strong></span> <span class='ocrx_word' id='word_1_81' title='bbox 2048 950 2149 1014; x_wconf 84' lang='lat' dir='ltr'><strong>luisse</strong></span> <span class='ocrx_word' id='word_1_82' title='bbox 2182 948 2364 1031; x_wconf 90' lang='lat' dir='ltr'><strong>deceptum.</strong></span> 
     </span>
     <span class='ocr_line' id='line_1_7' title="bbox 366 1033 2365 1122; baseline -0.002 -18"><span class='ocrx_word' id='word_1_83' title='bbox 366 1041 557 1122; x_wconf 71' lang='lat' dir='ltr'><strong>Tempestas</strong></span> <span class='ocrx_word' id='word_1_84' title='bbox 580 1036 680 1102; x_wconf 88' lang='lat' dir='ltr'><strong>maris</strong></span> <span class='ocrx_word' id='word_1_85' title='bbox 701 1034 829 1099; x_wconf 86' lang='lat' dir='ltr'><strong>videtur</strong></span> <span class='ocrx_word' id='word_1_86' title='bbox 846 1034 1001 1099; x_wconf 90' lang='lat' dir='ltr'><strong>mundum</strong></span> <span class='ocrx_word' id='word_1_87' title='bbox 1017 1045 1204 1102; x_wconf 88' lang='lat' dir='ltr'><strong>concutere:</strong></span> <span class='ocrx_word' id='word_1_88' title='bbox 1227 1048 1339 1100; x_wconf 87' lang='lat' dir='ltr'><strong>manet</strong></span> <span class='ocrx_word' id='word_1_89' title='bbox 1391 1033 1521 1102; x_wconf 84' lang='lat' dir='ltr'><strong>Scimus</strong></span> <span class='ocrx_word' id='word_1_90' title='bbox 1542 1037 1648 1115; x_wconf 90' lang='lat' dir='ltr'><strong>enim,</strong></span> <span class='ocrx_word' id='word_1_91' title='bbox 1678 1036 1830 1118; x_wconf 86' lang='lat' dir='ltr'><strong>quamvis</strong></span> <span class='ocrx_word' id='word_1_92' title='bbox 1852 1034 1978 1103; x_wconf 87' lang='lat' dir='ltr'><strong>adiecta</strong></span> <span class='ocrx_word' id='word_1_93' title='bbox 2000 1035 2098 1100; x_wconf 80' lang='lat' dir='ltr'><strong>fuerit</strong></span> <span class='ocrx_word' id='word_1_94' title='bbox 2123 1033 2268 1101; x_wconf 88' lang='lat' dir='ltr'><strong>conditio</strong></span> <span class='ocrx_word' id='word_1_95' title='bbox 2299 1035 2365 1100; x_wconf 84' lang='lat' dir='ltr'><strong>loe·</strong></span> 
     </span>
     <span class='ocr_line' id='line_1_8' title="bbox 366 1118 2365 1204; baseline -0.003 -15"><span class='ocrx_word' id='word_1_96' title='bbox 366 1138 477 1190; x_wconf 88' lang='lat' dir='ltr'><strong>tamen</strong></span> <span class='ocrx_word' id='word_1_97' title='bbox 508 1121 661 1187; x_wconf 91' lang='lat' dir='ltr'><strong>mundus.</strong></span> <span class='ocrx_word' id='word_1_98' title='bbox 705 1119 764 1186; x_wconf 84' lang='lat' dir='ltr'><strong>Sol</strong></span> <span class='ocrx_word' id='word_1_99' title='bbox 793 1129 825 1185; x_wconf 90' lang='lat' dir='ltr'><strong>et</strong></span> <span class='ocrx_word' id='word_1_100' title='bbox 858 1118 939 1185; x_wconf 90' lang='lat' dir='ltr'><strong>luna</strong></span> <span class='ocrx_word' id='word_1_101' title='bbox 971 1122 1050 1186; x_wconf 90' lang='lat' dir='ltr'><strong>dum</strong></span> <span class='ocrx_word' id='word_1_102' title='bbox 1082 1121 1130 1186; x_wconf 89' lang='lat' dir='ltr'><strong>ita</strong></span> <span class='ocrx_word' id='word_1_103' title='bbox 1162 1131 1339 1203; x_wconf 87' lang='lat' dir='ltr'><strong>assurgunt</strong></span> <span class='ocrx_word' id='word_1_104' title='bbox 1391 1120 1470 1198; x_wconf 86' lang='lat' dir='ltr'><strong>deri,</strong></span> <span class='ocrx_word' id='word_1_105' title='bbox 1491 1131 1601 1186; x_wconf 90' lang='lat' dir='ltr'><strong>tamen</strong></span> <span class='ocrx_word' id='word_1_106' title='bbox 1621 1123 1730 1204; x_wconf 91' lang='lat' dir='ltr'><strong>ipsum</strong></span> <span class='ocrx_word' id='word_1_107' title='bbox 1747 1143 1812 1186; x_wconf 91' lang='lat' dir='ltr'><strong>non</strong></span> <span class='ocrx_word' id='word_1_108' title='bbox 1831 1122 1930 1187; x_wconf 86' lang='lat' dir='ltr'><strong>fuisse</strong></span> <span class='ocrx_word' id='word_1_109' title='bbox 1947 1119 2121 1186; x_wconf 76' lang='lat' dir='ltr'><strong>fundatum</strong></span> <span class='ocrx_word' id='word_1_110' title='bbox 2139 1119 2174 1184; x_wconf 90' lang='lat' dir='ltr'><strong>in</strong></span> <span class='ocrx_word' id='word_1_111' title='bbox 2194 1119 2365 1186; x_wconf 90' lang='lat' dir='ltr'><strong>hominum</strong></span> 
     </span>
     <span class='ocr_line' id='line_1_9' title="bbox 367 1204 2367 1293; baseline -0.003 -19"><span class='ocrx_word' id='word_1_112' title='bbox 367 1217 502 1293; x_wconf 86' lang='lat' dir='ltr'><strong>possent</strong></span> <span class='ocrx_word' id='word_1_113' title='bbox 523 1209 660 1274; x_wconf 91' lang='lat' dir='ltr'><strong>obruere</strong></span> <span class='ocrx_word' id='word_1_114' title='bbox 683 1215 783 1270; x_wconf 88' lang='lat' dir='ltr'><strong>totam</strong></span> <span class='ocrx_word' id='word_1_115' title='bbox 802 1213 933 1271; x_wconf 77' lang='lat' dir='ltr'><strong>terram.</strong></span> <span class='ocrx_word' id='word_1_116' title='bbox 970 1204 1097 1272; x_wconf 84' lang='lat' dir='ltr'><strong>Scimus</strong></span> <span class='ocrx_word' id='word_1_117' title='bbox 1112 1206 1200 1270; x_wconf 90' lang='lat' dir='ltr'><strong>enim</strong></span> <span class='ocrx_word' id='word_1_118' title='bbox 1217 1215 1338 1287; x_wconf 86' lang='lat' dir='ltr'><strong>quanto</strong></span> <span class='ocrx_word' id='word_1_119' title='bbox 1390 1206 1559 1290; x_wconf 77' lang='lat' dir='ltr'><strong>probitate.</strong></span> <span class='ocrx_word' id='word_1_120' title='bbox 1604 1206 2026 1282; x_wconf 65' lang='lat' dir='ltr'><strong>heidenheimensem</strong></span> <span class='ocrx_word' id='word_1_121' title='bbox 2049 1227 2117 1272; x_wconf 90' lang='lat' dir='ltr'><strong>nou</strong></span> <span class='ocrx_word' id='word_1_122' title='bbox 2139 1224 2211 1270; x_wconf 88' lang='lat' dir='ltr'><strong>esse</strong></span> <span class='ocrx_word' id='word_1_123' title='bbox 2233 1204 2367 1270; x_wconf 89' lang='lat' dir='ltr'><strong>meudu-</strong></span> 
     </span>
     <span class='ocr_line' id='line_1_10' title="bbox 367 1289 2366 1374; baseline -0.003 -15"><span class='ocrx_word' id='word_1_124' title='bbox 367 1293 471 1359; x_wconf 84' lang='lat' dir='ltr'><strong>meior</strong></span> <span class='ocrx_word' id='word_1_125' title='bbox 493 1293 536 1359; x_wconf 88' lang='lat' dir='ltr'><strong>sit</strong></span> <span class='ocrx_word' id='word_1_126' title='bbox 558 1293 607 1356; x_wconf 92' lang='lat' dir='ltr'><strong>sol</strong></span> <span class='ocrx_word' id='word_1_127' title='bbox 631 1302 726 1355; x_wconf 88' lang='lat' dir='ltr'><strong>terra.</strong></span> <span class='ocrx_word' id='word_1_128' title='bbox 771 1289 883 1370; x_wconf 73' lang='lat' dir='ltr'><strong>Quum</strong></span> <span class='ocrx_word' id='word_1_129' title='bbox 906 1299 1032 1356; x_wconf 89' lang='lat' dir='ltr'><strong>tantum</strong></span> <span class='ocrx_word' id='word_1_130' title='bbox 1062 1311 1180 1374; x_wconf 90' lang='lat' dir='ltr'><strong>corpus</strong></span> <span class='ocrx_word' id='word_1_131' title='bbox 1207 1303 1241 1356; x_wconf 88' lang='lat' dir='ltr'><strong>et</strong></span> <span class='ocrx_word' id='word_1_132' title='bbox 1270 1291 1338 1356; x_wconf 86' lang='lat' dir='ltr'><strong>fere</strong></span> <span class='ocrx_word' id='word_1_133' title='bbox 1390 1291 1923 1374; x_wconf 81' lang='lat' dir='ltr'><strong>cem‚quamrisomnes1udaei</strong></span> <span class='ocrx_word' id='word_1_134' title='bbox 1953 1292 2075 1358; x_wconf 79' lang='lat' dir='ltr'><strong>luerint</strong></span> <span class='ocrx_word' id='word_1_135' title='bbox 2105 1289 2230 1374; x_wconf 88' lang='lat' dir='ltr'><strong>perfidi.</strong></span> <span class='ocrx_word' id='word_1_136' title='bbox 2274 1291 2366 1374; x_wconf 79' lang='lat' dir='ltr'><strong>Ergo</strong></span> 
     </span>
     <span class='ocr_line' id='line_1_11' title="bbox 366 1375 2366 1462; baseline -0.001 -18"><span class='ocrx_word' id='word_1_137' title='bbox 366 1381 563 1446; x_wconf 88' lang='lat' dir='ltr'><strong>immensum</strong></span> <span class='ocrx_word' id='word_1_138' title='bbox 585 1376 755 1442; x_wconf 86' lang='lat' dir='ltr'><strong>immineat</strong></span> <span class='ocrx_word' id='word_1_139' title='bbox 775 1375 936 1458; x_wconf 88' lang='lat' dir='ltr'><strong>capitibus</strong></span> <span class='ocrx_word' id='word_1_140' title='bbox 958 1376 1096 1455; x_wconf 87' lang='lat' dir='ltr'><strong>nostris,</strong></span> <span class='ocrx_word' id='word_1_141' title='bbox 1125 1388 1159 1440; x_wconf 92' lang='lat' dir='ltr'><strong>et</strong></span> <span class='ocrx_word' id='word_1_142' title='bbox 1184 1376 1232 1440; x_wconf 84' lang='lat' dir='ltr'><strong>its</strong></span> <span class='ocrx_word' id='word_1_143' title='bbox 1253 1377 1337 1442; x_wconf 90' lang='lat' dir='ltr'><strong>cele·</strong></span> <span class='ocrx_word' id='word_1_144' title='bbox 1390 1377 1549 1462; x_wconf 86' lang='lat' dir='ltr'><strong>prophete</strong></span> <span class='ocrx_word' id='word_1_145' title='bbox 1583 1377 1635 1444; x_wconf 92' lang='lat' dir='ltr'><strong>hic</strong></span> <span class='ocrx_word' id='word_1_146' title='bbox 1672 1376 1782 1459; x_wconf 90' lang='lat' dir='ltr'><strong>docet,</strong></span> <span class='ocrx_word' id='word_1_147' title='bbox 1820 1377 1970 1461; x_wconf 88' lang='lat' dir='ltr'><strong>quamvis</strong></span> <span class='ocrx_word' id='word_1_148' title='bbox 2002 1377 2097 1441; x_wconf 89' lang='lat' dir='ltr'><strong>Dens</strong></span> <span class='ocrx_word' id='word_1_149' title='bbox 2128 1395 2243 1441; x_wconf 86' lang='lat' dir='ltr'><strong>severe</strong></span> <span class='ocrx_word' id='word_1_150' title='bbox 2276 1375 2366 1442; x_wconf 89' lang='lat' dir='ltr'><strong>ultus</strong></span> 
     </span>
     <span class='ocr_line' id='line_1_12' title="bbox 366 1459 2367 1547; baseline -0.002 -19"><span class='ocrx_word' id='word_1_151' title='bbox 366 1465 448 1530; x_wconf 88' lang='lat' dir='ltr'><strong>riter</strong></span> <span class='ocrx_word' id='word_1_152' title='bbox 470 1461 632 1537; x_wconf 81' lang='lat' dir='ltr'><strong>volvatur.</strong></span> <span class='ocrx_word' id='word_1_153' title='bbox 663 1459 735 1543; x_wconf 86' lang='lat' dir='ltr'><strong>quis</strong></span> <span class='ocrx_word' id='word_1_154' title='bbox 757 1481 824 1526; x_wconf 88' lang='lat' dir='ltr'><strong>non</strong></span> <span class='ocrx_word' id='word_1_155' title='bbox 846 1459 1043 1528; x_wconf 81' lang='lat' dir='ltr'><strong>exhorreat?</strong></span> <span class='ocrx_word' id='word_1_156' title='bbox 1078 1472 1186 1526; x_wconf 91' lang='lat' dir='ltr'><strong>tamen</strong></span> <span class='ocrx_word' id='word_1_157' title='bbox 1209 1461 1257 1528; x_wconf 90' lang='lat' dir='ltr'><strong>sol</strong></span> <span class='ocrx_word' id='word_1_158' title='bbox 1280 1483 1338 1544; x_wconf 90' lang='lat' dir='ltr'><strong>per</strong></span> <span class='ocrx_word' id='word_1_159' title='bbox 1390 1463 1490 1529; x_wconf 86' lang='lat' dir='ltr'><strong>fuerit</strong></span> <span class='ocrx_word' id='word_1_160' title='bbox 1510 1462 1633 1530; x_wconf 89' lang='lat' dir='ltr'><strong>scelera</strong></span> <span class='ocrx_word' id='word_1_161' title='bbox 1650 1462 1771 1547; x_wconf 87' lang='lat' dir='ltr'><strong>populi,</strong></span> <span class='ocrx_word' id='word_1_162' title='bbox 1795 1471 1828 1528; x_wconf 93' lang='lat' dir='ltr'><strong>et</strong></span> <span class='ocrx_word' id='word_1_163' title='bbox 1846 1463 1959 1529; x_wconf 91' lang='lat' dir='ltr'><strong>ulcisci</strong></span> <span class='ocrx_word' id='word_1_164' title='bbox 1976 1463 2129 1528; x_wconf 88' lang='lat' dir='ltr'><strong>statuerit</strong></span> <span class='ocrx_word' id='word_1_165' title='bbox 2147 1461 2181 1526; x_wconf 93' lang='lat' dir='ltr'><strong>in</strong></span> <span class='ocrx_word' id='word_1_166' title='bbox 2198 1469 2367 1544; x_wconf 87' lang='lat' dir='ltr'><strong>posterum</strong></span> 
     </span>
     <span class='ocr_line' id='line_1_13' title="bbox 367 1544 2366 1634; baseline -0.002 -20"><span class='ocrx_word' id='word_1_167' title='bbox 367 1567 443 1614; x_wconf 89' lang='lat' dir='ltr'><strong>suos</strong></span> <span class='ocrx_word' id='word_1_168' title='bbox 465 1547 587 1634; x_wconf 86' lang='lat' dir='ltr'><strong>gradus</strong></span> <span class='ocrx_word' id='word_1_169' title='bbox 608 1544 764 1628; x_wconf 90' lang='lat' dir='ltr'><strong>procedit,</strong></span> <span class='ocrx_word' id='word_1_170' title='bbox 786 1555 818 1610; x_wconf 93' lang='lat' dir='ltr'><strong>ct</strong></span> <span class='ocrx_word' id='word_1_171' title='bbox 839 1553 927 1610; x_wconf 85' lang='lat' dir='ltr'><strong>terra</strong></span> <span class='ocrx_word' id='word_1_172' title='bbox 948 1554 1061 1612; x_wconf 89' lang='lat' dir='ltr'><strong>manet</strong></span> <span class='ocrx_word' id='word_1_173' title='bbox 1083 1545 1117 1611; x_wconf 94' lang='lat' dir='ltr'><strong>in</strong></span> <span class='ocrx_word' id='word_1_174' title='bbox 1133 1566 1226 1613; x_wconf 85' lang='lat' dir='ltr'><strong>suam</strong></span> <span class='ocrx_word' id='word_1_175' title='bbox 1241 1547 1339 1614; x_wconf 89' lang='lat' dir='ltr'><strong>stabi·</strong></span> <span class='ocrx_word' id='word_1_176' title='bbox 1390 1567 1494 1630; x_wconf 88' lang='lat' dir='ltr'><strong>usque</strong></span> <span class='ocrx_word' id='word_1_177' title='bbox 1516 1547 1558 1614; x_wconf 85' lang='lat' dir='ltr'><strong>ad</strong></span> <span class='ocrx_word' id='word_1_178' title='bbox 1579 1548 1742 1614; x_wconf 80' lang='lat' dir='ltr'><strong>excidium</strong></span> <span class='ocrx_word' id='word_1_179' title='bbox 1767 1548 1868 1627; x_wconf 85' lang='lat' dir='ltr'><strong>urbis,</strong></span> <span class='ocrx_word' id='word_1_180' title='bbox 1891 1548 1960 1612; x_wconf 87' lang='lat' dir='ltr'><strong>iore</strong></span> <span class='ocrx_word' id='word_1_181' title='bbox 1983 1558 2093 1612; x_wconf 88' lang='lat' dir='ltr'><strong>tamen</strong></span> <span class='ocrx_word' id='word_1_182' title='bbox 2113 1545 2219 1612; x_wconf 88' lang='lat' dir='ltr'><strong>locum</strong></span> <span class='ocrx_word' id='word_1_183' title='bbox 2234 1545 2366 1611; x_wconf 88' lang='lat' dir='ltr'><strong>miseri·</strong></span> 
     </span>
     <span class='ocr_line' id='line_1_14' title="bbox 366 1629 2364 1717; baseline -0.002 -17"><span class='ocrx_word' id='word_1_184' title='bbox 366 1634 477 1699; x_wconf 89' lang='lat' dir='ltr'><strong>litate:</strong></span> <span class='ocrx_word' id='word_1_185' title='bbox 512 1631 667 1714; x_wconf 88' lang='lat' dir='ltr'><strong>quoniam</strong></span> <span class='ocrx_word' id='word_1_186' title='bbox 697 1631 744 1694; x_wconf 88' lang='lat' dir='ltr'><strong>its</strong></span> <span class='ocrx_word' id='word_1_187' title='bbox 775 1631 881 1713; x_wconf 89' lang='lat' dir='ltr'><strong>placet</strong></span> <span class='ocrx_word' id='word_1_188' title='bbox 914 1631 995 1696; x_wconf 91' lang='lat' dir='ltr'><strong>Deo.</strong></span> <span class='ocrx_word' id='word_1_189' title='bbox 1050 1632 1126 1697; x_wconf 92' lang='lat' dir='ltr'><strong>Non</strong></span> <span class='ocrx_word' id='word_1_190' title='bbox 1155 1640 1205 1697; x_wconf 92' lang='lat' dir='ltr'><strong>est</strong></span> <span class='ocrx_word' id='word_1_191' title='bbox 1236 1633 1338 1717; x_wconf 88' lang='lat' dir='ltr'><strong>igitur</strong></span> <span class='ocrx_word' id='word_1_192' title='bbox 1390 1633 1520 1699; x_wconf 89' lang='lat' dir='ltr'><strong>cordiae</strong></span> <span class='ocrx_word' id='word_1_193' title='bbox 1542 1634 1598 1699; x_wconf 92' lang='lat' dir='ltr'><strong>ubi</strong></span> <span class='ocrx_word' id='word_1_194' title='bbox 1620 1635 1758 1717; x_wconf 91' lang='lat' dir='ltr'><strong>populns</strong></span> <span class='ocrx_word' id='word_1_195' title='bbox 1791 1635 1971 1717; x_wconf 88' lang='lat' dir='ltr'><strong>castigatus</strong></span> <span class='ocrx_word' id='word_1_196' title='bbox 1995 1632 2102 1696; x_wconf 88' lang='lat' dir='ltr'><strong>luerit.</strong></span> <span class='ocrx_word' id='word_1_197' title='bbox 2147 1631 2246 1696; x_wconf 86' lang='lat' dir='ltr'><strong>Prius</strong></span> <span class='ocrx_word' id='word_1_198' title='bbox 2269 1629 2364 1696; x_wconf 93' lang='lat' dir='ltr'><strong>dixe·</strong></span> 
     </span>
     <span class='ocr_line' id='line_1_15' title="bbox 368 1716 2366 1802; baseline -0.002 -18"><span class='ocrx_word' id='word_1_199' title='bbox 368 1718 598 1795; x_wconf 86' lang='lat' dir='ltr'><strong>metuendum,</strong></span> <span class='ocrx_word' id='word_1_200' title='bbox 639 1736 680 1780; x_wconf 91' lang='lat' dir='ltr'><strong>ue</strong></span> <span class='ocrx_word' id='word_1_201' title='bbox 710 1735 854 1798; x_wconf 85' lang='lat' dir='ltr'><strong>uuquam</strong></span> <span class='ocrx_word' id='word_1_202' title='bbox 887 1716 1017 1782; x_wconf 87' lang='lat' dir='ltr'><strong>excidat</strong></span> <span class='ocrx_word' id='word_1_203' title='bbox 1053 1717 1143 1783; x_wconf 88' lang='lat' dir='ltr'><strong>salus</strong></span> <span class='ocrx_word' id='word_1_204' title='bbox 1176 1717 1338 1798; x_wconf 87' lang='lat' dir='ltr'><strong>ecclcsiae,</strong></span> <span class='ocrx_word' id='word_1_205' title='bbox 1390 1728 1442 1784; x_wconf 86' lang='lat' dir='ltr'><strong>rut</strong></span> <span class='ocrx_word' id='word_1_206' title='bbox 1464 1739 1531 1784; x_wconf 89' lang='lat' dir='ltr'><strong>non</strong></span> <span class='ocrx_word' id='word_1_207' title='bbox 1553 1720 1659 1802; x_wconf 86' lang='lat' dir='ltr'><strong>magis</strong></span> <span class='ocrx_word' id='word_1_208' title='bbox 1682 1740 1774 1800; x_wconf 89' lang='lat' dir='ltr'><strong>posse</strong></span> <span class='ocrx_word' id='word_1_209' title='bbox 1796 1718 1934 1785; x_wconf 90' lang='lat' dir='ltr'><strong>deficere</strong></span> <span class='ocrx_word' id='word_1_210' title='bbox 1956 1718 2070 1783; x_wconf 78' lang='lat' dir='ltr'><strong>foedus</strong></span> <span class='ocrx_word' id='word_1_211' title='bbox 2092 1716 2157 1781; x_wconf 93' lang='lat' dir='ltr'><strong>Dei</strong></span> <span class='ocrx_word' id='word_1_212' title='bbox 2186 1735 2259 1781; x_wconf 93' lang='lat' dir='ltr'><strong>cum</strong></span> <span class='ocrx_word' id='word_1_213' title='bbox 2288 1716 2366 1782; x_wconf 84' lang='lat' dir='ltr'><strong>liliis</strong></span> 
     </span>
     <span class='ocr_line' id='line_1_16' title="bbox 367 1799 2368 1888; baseline -0.002 -18"><span class='ocrx_word' id='word_1_214' title='bbox 367 1804 447 1887; x_wconf 88' lang='lat' dir='ltr'><strong>quia</strong></span> <span class='ocrx_word' id='word_1_215' title='bbox 468 1822 638 1885; x_wconf 89' lang='lat' dir='ltr'><strong>nunqnam</strong></span> <span class='ocrx_word' id='word_1_216' title='bbox 661 1800 835 1866; x_wconf 86' lang='lat' dir='ltr'><strong>cessabunt</strong></span> <span class='ocrx_word' id='word_1_217' title='bbox 857 1810 991 1867; x_wconf 90' lang='lat' dir='ltr'><strong>naturae</strong></span> <span class='ocrx_word' id='word_1_218' title='bbox 1013 1801 1103 1886; x_wconf 88' lang='lat' dir='ltr'><strong>leges</strong></span> <span class='ocrx_word' id='word_1_219' title='bbox 1125 1802 1177 1869; x_wconf 83' lang='lat' dir='ltr'><strong>vel</strong></span> <span class='ocrx_word' id='word_1_220' title='bbox 1199 1802 1337 1883; x_wconf 84' lang='lat' dir='ltr'><strong>decreta,</strong></span> <span class='ocrx_word' id='word_1_221' title='bbox 1390 1803 1544 1870; x_wconf 83' lang='lat' dir='ltr'><strong>Abrahae</strong></span> <span class='ocrx_word' id='word_1_222' title='bbox 1566 1825 1664 1886; x_wconf 88' lang='lat' dir='ltr'><strong>quam</strong></span> <span class='ocrx_word' id='word_1_223' title='bbox 1685 1815 1824 1870; x_wconf 86' lang='lat' dir='ltr'><strong>naturae</strong></span> <span class='ocrx_word' id='word_1_224' title='bbox 1846 1805 1944 1888; x_wconf 89' lang='lat' dir='ltr'><strong>leges.</strong></span> <span class='ocrx_word' id='word_1_225' title='bbox 1988 1802 2086 1868; x_wconf 85' lang='lat' dir='ltr'><strong>Nunc</strong></span> <span class='ocrx_word' id='word_1_226' title='bbox 2107 1800 2200 1878; x_wconf 85' lang='lat' dir='ltr'><strong>dicit,</strong></span> <span class='ocrx_word' id='word_1_227' title='bbox 2232 1799 2270 1867; x_wconf 65' lang='lat' dir='ltr'><strong>se·</strong></span> <span class='ocrx_word' id='word_1_228' title='bbox 2292 1801 2368 1882; x_wconf 84' lang='lat' dir='ltr'><strong>quis</strong></span> 
     </span>
     <span class='ocr_line' id='line_1_17' title="bbox 368 1883 2366 1988; baseline -0.001 -34"><span class='ocrx_word' id='word_1_229' title='bbox 368 1889 431 1956; x_wconf 94' lang='lat' dir='ltr'><strong>hoc</strong></span> <span class='ocrx_word' id='word_1_230' title='bbox 453 1896 513 1966; x_wconf 90' lang='lat' dir='ltr'><strong>est,</strong></span> <span class='ocrx_word' id='word_1_231' title='bbox 534 1885 627 1952; x_wconf 88' lang='lat' dir='ltr'><strong>Deus</strong></span> <span class='ocrx_word' id='word_1_232' title='bbox 650 1885 708 1968; x_wconf 84' lang='lat' dir='ltr'><strong>qui</strong></span> <span class='ocrx_word' id='word_1_233' title='bbox 730 1883 769 1950; x_wconf 92' lang='lat' dir='ltr'><strong>ab</strong></span> <span class='ocrx_word' id='word_1_234' title='bbox 791 1885 886 1952; x_wconf 90' lang='lat' dir='ltr'><strong>initio</strong></span> <span class='ocrx_word' id='word_1_235' title='bbox 908 1888 1022 1954; x_wconf 86' lang='lat' dir='ltr'><strong>statuit</strong></span> <span class='ocrx_word' id='word_1_236' title='bbox 1044 1888 1204 1954; x_wconf 91' lang='lat' dir='ltr'><strong>mundum</strong></span> <span class='ocrx_word' id='word_1_237' title='bbox 1218 1889 1339 1974; x_wconf 87' lang='lat' dir='ltr'><strong>guber·</strong></span> <span class='ocrx_word' id='word_1_238' title='bbox 1384 1890 1488 1969; x_wconf 76' lang='lat' dir='ltr'><strong>poscit</strong></span> <span class='ocrx_word' id='word_1_239' title='bbox 1504 1888 1618 1956; x_wconf 72' lang='lat' dir='ltr'><strong>ceum</strong></span> <span class='ocrx_word' id='word_1_240' title='bbox 1635 1890 1748 1956; x_wconf 79' lang='lat' dir='ltr'><strong>metiri.</strong></span> <span class='ocrx_word' id='word_1_241' title='bbox 1767 1895 1795 1956; x_wconf 67' lang='lat' dir='ltr'><strong>d</strong></span> <span class='ocrx_word' id='word_1_242' title='bbox 1805 1889 2018 1988; x_wconf 68' lang='lat' dir='ltr'><strong>percrepare</strong></span> <span class='ocrx_word' id='word_1_243' title='bbox 2033 1887 2240 1970; x_wconf 73' lang='lat' dir='ltr'><strong>fundamenta</strong></span> <span class='ocrx_word' id='word_1_244' title='bbox 2253 1891 2366 1968; x_wconf 63' lang='lat' dir='ltr'><strong>terroe</strong></span> 
     </span>
     <span class='ocr_line' id='line_1_18' title="bbox 367 1971 2365 2058; baseline -0.001 -20"><span class='ocrx_word' id='word_1_245' title='bbox 367 1995 464 2051; x_wconf 88' lang='lat' dir='ltr'><strong>nare,</strong></span> <span class='ocrx_word' id='word_1_246' title='bbox 499 1993 564 2037; x_wconf 91' lang='lat' dir='ltr'><strong>non</strong></span> <span class='ocrx_word' id='word_1_247' title='bbox 586 1971 717 2037; x_wconf 90' lang='lat' dir='ltr'><strong>abiiciet</strong></span> <span class='ocrx_word' id='word_1_248' title='bbox 736 1971 891 2036; x_wconf 88' lang='lat' dir='ltr'><strong>ecclesiae</strong></span> <span class='ocrx_word' id='word_1_249' title='bbox 912 1993 991 2037; x_wconf 89' lang='lat' dir='ltr'><strong>snae</strong></span> <span class='ocrx_word' id='word_1_250' title='bbox 1020 1994 1151 2052; x_wconf 74' lang='lat' dir='ltr'><strong>curram,</strong></span> <span class='ocrx_word' id='word_1_251' title='bbox 1183 1974 1216 2037; x_wconf 93' lang='lat' dir='ltr'><strong>in</strong></span> <span class='ocrx_word' id='word_1_252' title='bbox 1247 1976 1338 2040; x_wconf 91' lang='lat' dir='ltr'><strong>cuius</strong></span> <span class='ocrx_word' id='word_1_253' title='bbox 1391 1975 1452 2040; x_wconf 92' lang='lat' dir='ltr'><strong>hoo</strong></span> <span class='ocrx_word' id='word_1_254' title='bbox 1474 1986 1534 2050; x_wconf 90' lang='lat' dir='ltr'><strong>est,</strong></span> <span class='ocrx_word' id='word_1_255' title='bbox 1558 1985 1731 2056; x_wconf 85' lang='lat' dir='ltr'><strong>penetrare</strong></span> <span class='ocrx_word' id='word_1_256' title='bbox 1753 1996 1857 2058; x_wconf 89' lang='lat' dir='ltr'><strong>usque</strong></span> <span class='ocrx_word' id='word_1_257' title='bbox 1879 1974 1920 2039; x_wconf 91' lang='lat' dir='ltr'><strong>ad</strong></span> <span class='ocrx_word' id='word_1_258' title='bbox 1943 1993 2051 2057; x_wconf 80' lang='lat' dir='ltr'><strong>ipsum</strong></span> <span class='ocrx_word' id='word_1_259' title='bbox 2073 1980 2181 2038; x_wconf 87' lang='lat' dir='ltr'><strong>terrae</strong></span> <span class='ocrx_word' id='word_1_260' title='bbox 2203 1979 2365 2050; x_wconf 87' lang='lat' dir='ltr'><strong>centrum,</strong></span> 
     </span>
     <span class='ocr_line' id='line_1_19' title="bbox 367 2053 2365 2138; baseline 0 -16"><span class='ocrx_word' id='word_1_261' title='bbox 367 2059 514 2125; x_wconf 84' lang='lat' dir='ltr'><strong>favorem</strong></span> <span class='ocrx_word' id='word_1_262' title='bbox 537 2064 665 2122; x_wconf 89' lang='lat' dir='ltr'><strong>creatus</strong></span> <span class='ocrx_word' id='word_1_263' title='bbox 686 2067 736 2122; x_wconf 91' lang='lat' dir='ltr'><strong>est</strong></span> <span class='ocrx_word' id='word_1_264' title='bbox 758 2053 908 2122; x_wconf 87' lang='lat' dir='ltr'><strong>mundus.</strong></span> <span class='ocrx_word' id='word_1_265' title='bbox 946 2057 1015 2136; x_wconf 82' lang='lat' dir='ltr'><strong>Nec</strong></span> <span class='ocrx_word' id='word_1_266' title='bbox 1037 2079 1114 2124; x_wconf 83' lang='lat' dir='ltr'><strong>vero</strong></span> <span class='ocrx_word' id='word_1_267' title='bbox 1137 2059 1256 2123; x_wconf 87' lang='lat' dir='ltr'><strong>mirum</strong></span> <span class='ocrx_word' id='word_1_268' title='bbox 1279 2075 1337 2138; x_wconf 88' lang='lat' dir='ltr'><strong>est,</strong></span> <span class='ocrx_word' id='word_1_269' title='bbox 1390 2065 1461 2124; x_wconf 81' lang='lat' dir='ltr'><strong>tunc</strong></span> <span class='ocrx_word' id='word_1_270' title='bbox 1481 2060 1626 2125; x_wconf 72' lang='lat' dir='ltr'><strong>reditium</strong></span> <span class='ocrx_word' id='word_1_271' title='bbox 1646 2080 1750 2126; x_wconf 79' lang='grc' dir='ltr'>ιιιιιιι</span> <span class='ocrx_word' id='word_1_272' title='bbox 1772 2060 1886 2126; x_wconf 82' lang='lat' dir='ltr'><strong>Israel.</strong></span> <span class='ocrx_word' id='word_1_273' title='bbox 1932 2057 1999 2125; x_wconf 84' lang='lat' dir='ltr'><strong>Sed</strong></span> <span class='ocrx_word' id='word_1_274' title='bbox 2017 2057 2109 2124; x_wconf 90' lang='lat' dir='ltr'><strong>Dens</strong></span> <span class='ocrx_word' id='word_1_275' title='bbox 2130 2078 2184 2124; x_wconf 88' lang='lat' dir='ltr'><strong>res</strong></span> <span class='ocrx_word' id='word_1_276' title='bbox 2205 2055 2365 2122; x_wconf 87' lang='lat' dir='ltr'><strong>absurdas</strong></span> 
     </span>
     <span class='ocr_line' id='line_1_20' title="bbox 367 2141 2366 2229; baseline -0.001 -20"><span class='ocrx_word' id='word_1_277' title='bbox 367 2144 507 2210; x_wconf 90' lang='lat' dir='ltr'><strong>salutem</strong></span> <span class='ocrx_word' id='word_1_278' title='bbox 529 2141 684 2208; x_wconf 86' lang='lat' dir='ltr'><strong>ecclesiae</strong></span> <span class='ocrx_word' id='word_1_279' title='bbox 705 2141 757 2206; x_wconf 90' lang='lat' dir='ltr'><strong>hic</strong></span> <span class='ocrx_word' id='word_1_280' title='bbox 779 2141 907 2207; x_wconf 91' lang='lat' dir='ltr'><strong>ostendi</strong></span> <span class='ocrx_word' id='word_1_281' title='bbox 929 2151 994 2208; x_wconf 85' lang='lat' dir='ltr'><strong>tam</strong></span> <span class='ocrx_word' id='word_1_282' title='bbox 1018 2145 1157 2224; x_wconf 84' lang='lat' dir='ltr'><strong>firmam,</strong></span> <span class='ocrx_word' id='word_1_283' title='bbox 1184 2144 1260 2226; x_wconf 87' lang='lat' dir='ltr'><strong>quia</strong></span> <span class='ocrx_word' id='word_1_284' title='bbox 1283 2166 1337 2226; x_wconf 92' lang='lat' dir='ltr'><strong>po·</strong></span> <span class='ocrx_word' id='word_1_285' title='bbox 1391 2153 1425 2209; x_wconf 89' lang='lat' dir='ltr'><strong>et</strong></span> <span class='ocrx_word' id='word_1_286' title='bbox 1456 2145 1674 2229; x_wconf 90' lang='lat' dir='ltr'><strong>impossibiles</strong></span> <span class='ocrx_word' id='word_1_287' title='bbox 1706 2151 1742 2210; x_wconf 93' lang='lat' dir='ltr'><strong>in</strong></span> <span class='ocrx_word' id='word_1_288' title='bbox 1776 2147 1918 2212; x_wconf 90' lang='lat' dir='ltr'><strong>medium</strong></span> <span class='ocrx_word' id='word_1_289' title='bbox 1953 2144 2121 2228; x_wconf 90' lang='lat' dir='ltr'><strong>proponit,</strong></span> <span class='ocrx_word' id='word_1_290' title='bbox 2156 2152 2192 2207; x_wconf 90' lang='lat' dir='ltr'><strong>ut</strong></span> <span class='ocrx_word' id='word_1_291' title='bbox 2223 2143 2366 2208; x_wconf 80' lang='lat' dir='ltr'><strong>sciamus</strong></span> 
     </span>
     <span class='ocr_line' id='line_1_21' title="bbox 368 2226 2365 2314; baseline -0.001 -20"><span class='ocrx_word' id='word_1_292' title='bbox 368 2239 432 2296; x_wconf 91' lang='lat' dir='ltr'><strong>test</strong></span> <span class='ocrx_word' id='word_1_293' title='bbox 454 2229 571 2294; x_wconf 91' lang='lat' dir='ltr'><strong>merito</strong></span> <span class='ocrx_word' id='word_1_294' title='bbox 594 2226 749 2308; x_wconf 78' lang='lat' dir='ltr'><strong>praeferri</strong></span> <span class='ocrx_word' id='word_1_295' title='bbox 772 2227 870 2292; x_wconf 90' lang='lat' dir='ltr'><strong>etiam</strong></span> <span class='ocrx_word' id='word_1_296' title='bbox 893 2237 928 2294; x_wconf 85' lang='lat' dir='ltr'><strong>et</strong></span> <span class='ocrx_word' id='word_1_297' title='bbox 948 2230 1058 2294; x_wconf 91' lang='lat' dir='ltr'><strong>cursui</strong></span> <span class='ocrx_word' id='word_1_298' title='bbox 1073 2229 1161 2305; x_wconf 86' lang='lat' dir='ltr'><strong>solis,</strong></span> <span class='ocrx_word' id='word_1_299' title='bbox 1182 2242 1216 2294; x_wconf 89' lang='lat' dir='ltr'><strong>et</strong></span> <span class='ocrx_word' id='word_1_300' title='bbox 1230 2230 1338 2313; x_wconf 86' lang='lat' dir='ltr'><strong>lunae,</strong></span> <span class='ocrx_word' id='word_1_301' title='bbox 1391 2228 1524 2295; x_wconf 90' lang='lat' dir='ltr'><strong>tandem</strong></span> <span class='ocrx_word' id='word_1_302' title='bbox 1547 2231 1616 2295; x_wconf 86' lang='lat' dir='ltr'><strong>lore</strong></span> <span class='ocrx_word' id='word_1_303' title='bbox 1637 2231 1757 2314; x_wconf 90' lang='lat' dir='ltr'><strong>populo</strong></span> <span class='ocrx_word' id='word_1_304' title='bbox 1778 2251 1837 2297; x_wconf 90' lang='lat' dir='ltr'><strong>suo</strong></span> <span class='ocrx_word' id='word_1_305' title='bbox 1860 2230 2060 2296; x_wconf 86' lang='lat' dir='ltr'><strong>exorabilem</strong></span> <span class='ocrx_word' id='word_1_306' title='bbox 2088 2229 2144 2294; x_wconf 89' lang='lat' dir='ltr'><strong>ubi</strong></span> <span class='ocrx_word' id='word_1_307' title='bbox 2166 2229 2269 2294; x_wconf 89' lang='lat' dir='ltr'><strong>iustas</strong></span> <span class='ocrx_word' id='word_1_308' title='bbox 2291 2247 2365 2310; x_wconf 88' lang='lat' dir='ltr'><strong>poe·</strong></span> 
     </span>
     <span class='ocr_line' id='line_1_22' title="bbox 369 2311 2367 2400; baseline -0.002 -20"><span class='ocrx_word' id='word_1_309' title='bbox 369 2321 402 2380; x_wconf 91' lang='lat' dir='ltr'><strong>ct</strong></span> <span class='ocrx_word' id='word_1_310' title='bbox 424 2313 498 2380; x_wconf 92' lang='lat' dir='ltr'><strong>aliis</strong></span> <span class='ocrx_word' id='word_1_311' title='bbox 519 2321 659 2378; x_wconf 89' lang='lat' dir='ltr'><strong>naturae</strong></span> <span class='ocrx_word' id='word_1_312' title='bbox 680 2311 856 2377; x_wconf 89' lang='lat' dir='ltr'><strong>ordinibus.</strong></span> <span class='ocrx_word' id='word_1_313' title='bbox 891 2311 958 2379; x_wconf 85' lang='lat' dir='ltr'><strong>Sed</strong></span> <span class='ocrx_word' id='word_1_314' title='bbox 978 2312 1071 2381; x_wconf 91' lang='lat' dir='ltr'><strong>Deus</strong></span> <span class='ocrx_word' id='word_1_315' title='bbox 1092 2314 1153 2382; x_wconf 91' lang='lat' dir='ltr'><strong>hoc</strong></span> <span class='ocrx_word' id='word_1_316' title='bbox 1171 2314 1241 2381; x_wconf 89' lang='lat' dir='ltr'><strong>loon</strong></span> <span class='ocrx_word' id='word_1_317' title='bbox 1261 2335 1339 2381; x_wconf 90' lang='lat' dir='ltr'><strong>con·</strong></span> <span class='ocrx_word' id='word_1_318' title='bbox 1392 2335 1451 2380; x_wconf 87' lang='lat' dir='ltr'><strong>nas</strong></span> <span class='ocrx_word' id='word_1_319' title='bbox 1473 2317 1659 2398; x_wconf 89' lang='lat' dir='ltr'><strong>sumpserit.</strong></span> <span class='ocrx_word' id='word_1_320' title='bbox 1705 2317 1930 2383; x_wconf 75' lang='lat' dir='ltr'><strong>Haerentem</strong></span> <span class='ocrx_word' id='word_1_321' title='bbox 1960 2313 2132 2400; x_wconf 84' lang='lat' dir='ltr'><strong>promissio</strong></span> <span class='ocrx_word' id='word_1_322' title='bbox 2162 2334 2228 2378; x_wconf 91' lang='lat' dir='ltr'><strong>non</strong></span> <span class='ocrx_word' id='word_1_323' title='bbox 2256 2313 2367 2398; x_wconf 88' lang='lat' dir='ltr'><strong>potnit</strong></span> 
     </span>
     <span class='ocr_line' id='line_1_23' title="bbox 370 2396 2365 2486; baseline -0.001 -21"><span class='ocrx_word' id='word_1_324' title='bbox 370 2409 482 2465; x_wconf 89' lang='lat' dir='ltr'><strong>tentus</strong></span> <span class='ocrx_word' id='word_1_325' title='bbox 504 2397 564 2462; x_wconf 85' lang='lat' dir='ltr'><strong>luit</strong></span> <span class='ocrx_word' id='word_1_326' title='bbox 586 2397 648 2463; x_wconf 86' lang='lat' dir='ltr'><strong>hac</strong></span> <span class='ocrx_word' id='word_1_327' title='bbox 673 2396 902 2464; x_wconf 86' lang='lat' dir='ltr'><strong>similitudine:</strong></span> <span class='ocrx_word' id='word_1_328' title='bbox 937 2398 1209 2481; x_wconf 90' lang='lat' dir='ltr'><strong>quemadmodum</strong></span> <span class='ocrx_word' id='word_1_329' title='bbox 1239 2401 1337 2466; x_wconf 88' lang='lat' dir='ltr'><strong>etiam</strong></span> <span class='ocrx_word' id='word_1_330' title='bbox 1390 2400 1567 2483; x_wconf 87' lang='lat' dir='ltr'><strong>quidquam</strong></span> <span class='ocrx_word' id='word_1_331' title='bbox 1591 2401 1707 2468; x_wconf 85' lang='lat' dir='ltr'><strong>afferre</strong></span> <span class='ocrx_word' id='word_1_332' title='bbox 1729 2402 1836 2468; x_wconf 88' lang='lat' dir='ltr'><strong>solatii</strong></span> <span class='ocrx_word' id='word_1_333' title='bbox 1857 2401 2054 2486; x_wconf 80' lang='lat' dir='ltr'><strong>hypocritis,</strong></span> <span class='ocrx_word' id='word_1_334' title='bbox 2084 2399 2162 2482; x_wconf 87' lang='lat' dir='ltr'><strong>quia</strong></span> <span class='ocrx_word' id='word_1_335' title='bbox 2184 2397 2277 2464; x_wconf 90' lang='lat' dir='ltr'><strong>Deus</strong></span> <span class='ocrx_word' id='word_1_336' title='bbox 2298 2417 2365 2464; x_wconf 89' lang='lat' dir='ltr'><strong>non</strong></span> 
     </span>
     <span class='ocr_line' id='line_1_24' title="bbox 370 2479 2364 2570; baseline -0.001 -20"><span class='ocrx_word' id='word_1_337' title='bbox 370 2484 489 2552; x_wconf 90' lang='lat' dir='ltr'><strong>dicitnr</strong></span> <span class='ocrx_word' id='word_1_338' title='bbox 511 2483 546 2548; x_wconf 91' lang='lat' dir='ltr'><strong>in</strong></span> <span class='ocrx_word' id='word_1_339' title='bbox 568 2482 699 2549; x_wconf 88' lang='lat' dir='ltr'><strong>Psalmo</strong></span> <span class='ocrx_word' id='word_1_340' title='bbox 720 2479 785 2566; x_wconf 84' lang='grc'><strong>(89,</strong></span> <span class='ocrx_word' id='word_1_341' title='bbox 808 2481 882 2567; x_wconf 87' lang='grc'><strong>38),</strong></span> <span class='ocrx_word' id='word_1_342' title='bbox 910 2491 1009 2550; x_wconf 88' lang='lat' dir='ltr'><strong>testes</strong></span> <span class='ocrx_word' id='word_1_343' title='bbox 1038 2485 1071 2550; x_wconf 91' lang='lat' dir='ltr'><strong>in</strong></span> <span class='ocrx_word' id='word_1_344' title='bbox 1102 2485 1190 2551; x_wconf 93' lang='lat' dir='ltr'><strong>coelo</strong></span> <span class='ocrx_word' id='word_1_345' title='bbox 1217 2484 1339 2564; x_wconf 83' lang='lat' dir='ltr'><strong>fideles,</strong></span> <span class='ocrx_word' id='word_1_346' title='bbox 1391 2486 1616 2570; x_wconf 88' lang='lat' dir='ltr'><strong>complectitur</strong></span> <span class='ocrx_word' id='word_1_347' title='bbox 1633 2493 1738 2553; x_wconf 88' lang='lat' dir='ltr'><strong>totum</strong></span> <span class='ocrx_word' id='word_1_348' title='bbox 1758 2508 1870 2553; x_wconf 90' lang='lat' dir='ltr'><strong>semen</strong></span> <span class='ocrx_word' id='word_1_349' title='bbox 1888 2486 2051 2564; x_wconf 86' lang='lat' dir='ltr'><strong>Abrshas,</strong></span> <span class='ocrx_word' id='word_1_350' title='bbox 2072 2484 2129 2551; x_wconf 91' lang='lat' dir='ltr'><strong>sed</strong></span> <span class='ocrx_word' id='word_1_351' title='bbox 2147 2483 2226 2550; x_wconf 90' lang='lat' dir='ltr'><strong>dicit</strong></span> <span class='ocrx_word' id='word_1_352' title='bbox 2243 2505 2279 2548; x_wconf 88' lang='lat' dir='ltr'><strong>se</strong></span> <span class='ocrx_word' id='word_1_353' title='bbox 2299 2504 2364 2549; x_wconf 90' lang='lat' dir='ltr'><strong>non</strong></span> 
     </span>
     <span class='ocr_line' id='line_1_25' title="bbox 370 2567 2366 2654; baseline -0.002 -18"><span class='ocrx_word' id='word_1_354' title='bbox 370 2589 489 2652; x_wconf 88' lang='lat' dir='ltr'><strong>nempe</strong></span> <span class='ocrx_word' id='word_1_355' title='bbox 518 2568 598 2634; x_wconf 85' lang='lat' dir='ltr'><strong>luna</strong></span> <span class='ocrx_word' id='word_1_356' title='bbox 626 2579 660 2632; x_wconf 90' lang='lat' dir='ltr'><strong>et</strong></span> <span class='ocrx_word' id='word_1_357' title='bbox 682 2567 740 2634; x_wconf 92' lang='lat' dir='ltr'><strong>sol.</strong></span> <span class='ocrx_word' id='word_1_358' title='bbox 786 2569 908 2651; x_wconf 78' lang='lat' dir='ltr'><strong>Agitur</strong></span> <span class='ocrx_word' id='word_1_359' title='bbox 936 2579 1046 2634; x_wconf 88' lang='lat' dir='ltr'><strong>autem</strong></span> <span class='ocrx_word' id='word_1_360' title='bbox 1074 2570 1173 2635; x_wconf 90' lang='lat' dir='ltr'><strong>etiam</strong></span> <span class='ocrx_word' id='word_1_361' title='bbox 1203 2571 1270 2637; x_wconf 93' lang='lat' dir='ltr'><strong>illio</strong></span> <span class='ocrx_word' id='word_1_362' title='bbox 1299 2572 1339 2634; x_wconf 91' lang='lat' dir='ltr'><strong>da</strong></span> <span class='ocrx_word' id='word_1_363' title='bbox 1392 2591 1580 2654; x_wconf 87' lang='lat' dir='ltr'><strong>passurum,</strong></span> <span class='ocrx_word' id='word_1_364' title='bbox 1610 2580 1646 2637; x_wconf 90' lang='lat' dir='ltr'><strong>ut</strong></span> <span class='ocrx_word' id='word_1_365' title='bbox 1667 2581 1771 2639; x_wconf 89' lang='lat' dir='ltr'><strong>totum</strong></span> <span class='ocrx_word' id='word_1_366' title='bbox 1793 2593 1904 2640; x_wconf 90' lang='lat' dir='ltr'><strong>semen</strong></span> <span class='ocrx_word' id='word_1_367' title='bbox 1927 2573 2080 2638; x_wconf 88' lang='lat' dir='ltr'><strong>Abrahae</strong></span> <span class='ocrx_word' id='word_1_368' title='bbox 2102 2570 2260 2648; x_wconf 86' lang='lat' dir='ltr'><strong>intereat,</strong></span> <span class='ocrx_word' id='word_1_369' title='bbox 2312 2570 2366 2633; x_wconf 87' lang='lat' dir='ltr'><strong>uis</strong></span> 
     </span>
     <span class='ocr_line' id='line_1_26' title="bbox 370 2589 2365 2739; baseline -0.001 -19"><span class='ocrx_word' id='word_1_370' title='bbox 370 2651 515 2734; x_wconf 84' lang='lat' dir='ltr'><strong>loedere,</strong></span> <span class='ocrx_word' id='word_1_371' title='bbox 548 2651 634 2736; x_wconf 88' lang='lat' dir='ltr'><strong>quod</strong></span> <span class='ocrx_word' id='word_1_372' title='bbox 661 2650 752 2718; x_wconf 91' lang='lat' dir='ltr'><strong>Deus</strong></span> <span class='ocrx_word' id='word_1_373' title='bbox 782 2673 994 2736; x_wconf 86' lang='lat' dir='ltr'><strong>percussurus</strong></span> <span class='ocrx_word' id='word_1_374' title='bbox 1021 2663 1092 2719; x_wconf 90' lang='lat' dir='ltr'><strong>erat</strong></span> <span class='ocrx_word' id='word_1_375' title='bbox 1119 2674 1191 2720; x_wconf 90' lang='lat' dir='ltr'><strong>eum</strong></span> <span class='ocrx_word' id='word_1_376' title='bbox 1221 2655 1340 2739; x_wconf 92' lang='lat' dir='ltr'><strong>populo</strong></span> <span class='ocrx_word' id='word_1_377' title='bbox 1391 2657 1515 2723; x_wconf 90' lang='lat' dir='ltr'><strong>scilicet</strong></span> <span class='ocrx_word' id='word_1_378' title='bbox 1547 2657 1695 2723; x_wconf 87' lang='lat' dir='ltr'><strong>manebit</strong></span> <span class='ocrx_word' id='word_1_379' title='bbox 1722 2658 1766 2724; x_wconf 88' lang='lat' dir='ltr'><strong>ali</strong></span> <span class='ocrx_word' id='word_1_380' title='bbox 1790 2658 1843 2723; x_wconf 93' lang='lat' dir='ltr'><strong>uid</strong></span> <span class='ocrx_word' id='word_1_381' title='bbox 1875 2657 2058 2724; x_wconf 91' lang='lat' dir='ltr'><strong>residuum:</strong></span> <span class='ocrx_word' id='word_1_382' title='bbox 2091 2589 2365 2738; x_wconf 65' lang='lat' dir='ltr'><strong>quemadmodum</strong></span> 
     </span>
     <span class='ocr_line' id='line_1_27' title="bbox 370 2680 2366 2829; baseline -0.002 -23"><span class='ocrx_word' id='word_1_383' title='bbox 370 2762 430 2806; x_wconf 90' lang='lat' dir='ltr'><strong>suo</strong></span> <span class='ocrx_word' id='word_1_384' title='bbox 452 2739 489 2805; x_wconf 91' lang='lat' dir='ltr'><strong>in</strong></span> <span class='ocrx_word' id='word_1_385' title='bbox 510 2759 612 2804; x_wconf 90' lang='lat' dir='ltr'><strong>manu</strong></span> <span class='ocrx_word' id='word_1_386' title='bbox 636 2736 793 2821; x_wconf 86' lang='lat' dir='ltr'><strong>unigeniti</strong></span> <span class='ocrx_word' id='word_1_387' title='bbox 814 2737 885 2806; x_wconf 90' lang='lat' dir='ltr'><strong>filii.</strong></span> <span class='ocrx_word' id='word_1_388' title='bbox 918 2739 1010 2806; x_wconf 79' lang='lat' dir='ltr'><strong>citat</strong></span> <span class='ocrx_word' id='word_1_389' title='bbox 1031 2738 1143 2805; x_wconf 91' lang='lat' dir='ltr'><strong>lunam</strong></span> <span class='ocrx_word' id='word_1_390' title='bbox 1165 2749 1281 2808; x_wconf 88' lang='lat' dir='ltr'><strong>testem</strong></span> <span class='ocrx_word' id='word_1_391' title='bbox 1303 2740 1339 2806; x_wconf 89' lang='lat' dir='ltr'><strong>in</strong></span> <span class='ocrx_word' id='word_1_392' title='bbox 1392 2742 1510 2808; x_wconf 90' lang='lat' dir='ltr'><strong>dicitur</strong></span> <span class='ocrx_word' id='word_1_393' title='bbox 1528 2742 1615 2823; x_wconf 91' lang='lat' dir='ltr'><strong>apud</strong></span> <span class='ocrx_word' id='word_1_394' title='bbox 1633 2743 1752 2810; x_wconf 82' lang='lat' dir='ltr'><strong>letiam</strong></span> <span class='ocrx_word' id='word_1_395' title='bbox 1768 2680 1837 2829; x_wconf 57' lang='lat' dir='ltr'><strong>ilo,</strong></span> <span class='ocrx_word' id='word_1_396' title='bbox 1856 2743 1925 2829; x_wconf 77' lang='lat'><strong>22),</strong></span> <span class='ocrx_word' id='word_1_397' title='bbox 1947 2742 1985 2810; x_wconf 82' lang='lat' dir='ltr'><strong>si</strong></span> <span class='ocrx_word' id='word_1_398' title='bbox 2008 2739 2145 2825; x_wconf 90' lang='lat' dir='ltr'><strong>populus</strong></span> <span class='ocrx_word' id='word_1_399' title='bbox 2167 2752 2243 2806; x_wconf 90' lang='lat' dir='ltr'><strong>tuus</strong></span> <span class='ocrx_word' id='word_1_400' title='bbox 2267 2739 2366 2806; x_wconf 83' lang='lat' dir='ltr'><strong>fuerit</strong></span> 
     </span>
     <span class='ocr_line' id='line_1_28' title="bbox 370 2819 2366 2912; baseline -0.002 -19"><span class='ocrx_word' id='word_1_401' title='bbox 370 2825 470 2893; x_wconf 83' lang='lat' dir='ltr'><strong>coelo.</strong></span> <span class='ocrx_word' id='word_1_402' title='bbox 514 2823 591 2903; x_wconf 82' lang='lat' dir='ltr'><strong>Sed,</strong></span> <span class='ocrx_word' id='word_1_403' title='bbox 621 2819 895 2906; x_wconf 72' lang='lat' dir='ltr'><strong>quemadmodum</strong></span> <span class='ocrx_word' id='word_1_404' title='bbox 915 2825 982 2890; x_wconf 86' lang='lat' dir='ltr'><strong>ism</strong></span> <span class='ocrx_word' id='word_1_405' title='bbox 1003 2823 1073 2890; x_wconf 89' lang='lat' dir='ltr'><strong>dixi</strong></span> <span class='ocrx_word' id='word_1_406' title='bbox 1102 2825 1188 2904; x_wconf 86' lang='lat' dir='ltr'><strong>alibi,</strong></span> <span class='ocrx_word' id='word_1_407' title='bbox 1219 2825 1341 2892; x_wconf 89' lang='lat' dir='ltr'><strong>attollit</strong></span> <span class='ocrx_word' id='word_1_408' title='bbox 1392 2836 1547 2910; x_wconf 86' lang='lat' dir='ltr'><strong>tanquam</strong></span> <span class='ocrx_word' id='word_1_409' title='bbox 1569 2849 1670 2894; x_wconf 87' lang='lat' dir='ltr'><strong>arena</strong></span> <span class='ocrx_word' id='word_1_410' title='bbox 1691 2831 1801 2910; x_wconf 89' lang='lat' dir='ltr'><strong>maris,</strong></span> <span class='ocrx_word' id='word_1_411' title='bbox 1824 2828 1982 2912; x_wconf 83' lang='lat' dir='ltr'><strong>reliquiae</strong></span> <span class='ocrx_word' id='word_1_412' title='bbox 2004 2827 2115 2893; x_wconf 86' lang='lat' dir='ltr'><strong>salvse</strong></span> <span class='ocrx_word' id='word_1_413' title='bbox 2137 2828 2226 2892; x_wconf 87' lang='lat' dir='ltr'><strong>fient.</strong></span> <span class='ocrx_word' id='word_1_414' title='bbox 2271 2823 2366 2892; x_wconf 87' lang='lat' dir='ltr'><strong>Deus</strong></span> 
     </span>
     <span class='ocr_line' id='line_1_29' title="bbox 371 2908 2366 3013; baseline -0.001 -37"><span class='ocrx_word' id='word_1_415' title='bbox 371 2932 431 3009; x_wconf 77' lang='lat' dir='ltr'><strong>uos</strong></span> <span class='ocrx_word' id='word_1_416' title='bbox 453 2910 551 2993; x_wconf 90' lang='lat' dir='ltr'><strong>longe</strong></span> <span class='ocrx_word' id='word_1_417' title='bbox 572 2908 861 2991; x_wconf 75' lang='lat' dir='ltr'><strong>eupremundum,</strong></span> <span class='ocrx_word' id='word_1_418' title='bbox 883 2919 917 2974; x_wconf 91' lang='lat' dir='ltr'><strong>et</strong></span> <span class='ocrx_word' id='word_1_419' title='bbox 931 2932 1031 3010; x_wconf 77' lang='lat' dir='ltr'><strong>supra</strong></span> <span class='ocrx_word' id='word_1_420' title='bbox 1045 2911 1154 2976; x_wconf 87' lang='lat' dir='ltr'><strong>omniu</strong></span> <span class='ocrx_word' id='word_1_421' title='bbox 1169 2911 1340 3012; x_wconf 75' lang='lat' dir='ltr'><strong>elementa,</strong></span> <span class='ocrx_word' id='word_1_422' title='bbox 1391 2933 1470 2996; x_wconf 90' lang='lat' dir='ltr'><strong>crgo</strong></span> <span class='ocrx_word' id='word_1_423' title='bbox 1491 2911 1545 2977; x_wconf 90' lang='lat' dir='ltr'><strong>hic</strong></span> <span class='ocrx_word' id='word_1_424' title='bbox 1567 2934 1633 2980; x_wconf 90' lang='lat' dir='ltr'><strong>non</strong></span> <span class='ocrx_word' id='word_1_425' title='bbox 1661 2914 1804 3013; x_wconf 76' lang='lat' dir='ltr'><strong>affirmat</strong></span> <span class='ocrx_word' id='word_1_426' title='bbox 1832 2936 1868 2980; x_wconf 91' lang='lat' dir='ltr'><strong>se</strong></span> <span class='ocrx_word' id='word_1_427' title='bbox 1896 2912 2049 3013; x_wconf 80' lang='lat' dir='ltr'><strong>omuibus</strong></span> <span class='ocrx_word' id='word_1_428' title='bbox 2076 2911 2147 2977; x_wconf 83' lang='lat' dir='ltr'><strong>fore</strong></span> <span class='ocrx_word' id='word_1_429' title='bbox 2176 2910 2366 2994; x_wconf 87' lang='lat' dir='ltr'><strong>propitium,</strong></span> 
     </span>
     <span class='ocr_line' id='line_1_30' title="bbox 370 2994 2367 3167; baseline -0.001 -19"><span class='ocrx_word' id='word_1_430' title='bbox 370 2994 679 3148; x_wconf 55' lang='lat' dir='ltr'><strong>herstelle?</strong></span> <span class='ocrx_word' id='word_1_431' title='bbox 701 2994 878 3145; x_wconf 66' lang='lat' dir='ltr'><strong>tlttt</strong></span> <span class='ocrx_word' id='word_1_432' title='bbox 891 2995 1072 3146; x_wconf 61' lang='lat' dir='ltr'><strong>”ilidii</strong></span> <span class='ocrx_word' id='word_1_433' title='bbox 1087 2996 1340 3148; x_wconf 69' lang='lat' dir='ltr'><strong>tttttlt</strong></span> <span class='ocrx_word' id='word_1_434' title='bbox 1392 2998 2030 3167; x_wconf 69' lang='lat' dir='ltr'><strong>tl.tltttt‘t.²¹tttt.⁸?¹&#39;ttldt</strong></span> <span class='ocrx_word' id='word_1_435' title='bbox 2046 3005 2367 3167; x_wconf 65' lang='lat' dir='ltr'><strong>lttttt‘tttu</strong></span> 
     </span>
     <span class='ocr_line' id='line_1_31' title="bbox 372 3164 2367 3254; baseline -0.001 -24"><span class='ocrx_word' id='word_1_436' title='bbox 372 3165 492 3250; x_wconf 89' lang='lat' dir='ltr'><strong>pendet</strong></span> <span class='ocrx_word' id='word_1_437' title='bbox 525 3184 543 3226; x_wconf 88' lang='lat' dir='ltr'><strong>a</strong></span> <span class='ocrx_word' id='word_1_438' title='bbox 576 3173 694 3226; x_wconf 91' lang='lat' dir='ltr'><strong>natura</strong></span> <span class='ocrx_word' id='word_1_439' title='bbox 726 3164 850 3229; x_wconf 91' lang='lat' dir='ltr'><strong>mundi.</strong></span> <span class='ocrx_word' id='word_1_440' title='bbox 896 3166 1027 3232; x_wconf 89' lang='lat' dir='ltr'><strong>Dicitur</strong></span> <span class='ocrx_word' id='word_1_441' title='bbox 1051 3168 1138 3233; x_wconf 92' lang='lat' dir='ltr'><strong>enim</strong></span> <span class='ocrx_word' id='word_1_442' title='bbox 1167 3168 1232 3236; x_wconf 90' lang='lat' dir='ltr'><strong>alio</strong></span> <span class='ocrx_word' id='word_1_443' title='bbox 1260 3167 1339 3247; x_wconf 87' lang='lat' dir='ltr'><strong>loco,</strong></span> <span class='ocrx_word' id='word_1_444' title='bbox 1392 3170 1460 3234; x_wconf 89' lang='lat' dir='ltr'><strong>fore</strong></span> <span class='ocrx_word' id='word_1_445' title='bbox 1481 3169 1660 3248; x_wconf 88' lang='lat' dir='ltr'><strong>ecclesiam,</strong></span> <span class='ocrx_word' id='word_1_446' title='bbox 1682 3169 1740 3235; x_wconf 90' lang='lat' dir='ltr'><strong>sed</strong></span> <span class='ocrx_word' id='word_1_447' title='bbox 1762 3172 1882 3254; x_wconf 88' lang='lat' dir='ltr'><strong>exiguo</strong></span> <span class='ocrx_word' id='word_1_448' title='bbox 1905 3189 2050 3236; x_wconf 91' lang='lat' dir='ltr'><strong>numero.</strong></span> <span class='ocrx_word' id='word_1_449' title='bbox 2095 3167 2191 3234; x_wconf 90' lang='lat' dir='ltr'><strong>Nunc</strong></span> <span class='ocrx_word' id='word_1_450' title='bbox 2215 3175 2367 3232; x_wconf 87' lang='lat' dir='ltr'><strong>tenemus</strong></span> 
     </span>
    </p>
   </div>
   <div class='ocr_carea' id='block_1_3' title="bbox 371 3249 2367 3404">
    <p class='ocr_par' dir='ltr' id='par_1_3' title="bbox 371 3249 2367 3404">
     <span class='ocr_line' id='line_1_32' title="bbox 371 3249 2367 3404; baseline -0.002 -87"><span class='ocrx_word' id='word_1_451' title='bbox 371 3249 441 3333; x_wconf 91' lang='lat' dir='ltr'><strong>Ipsi</strong></span> <span class='ocrx_word' id='word_1_452' title='bbox 473 3257 687 3324; x_wconf 82' lang='lat' dir='ltr'><strong>veterascent,</strong></span> <span class='ocrx_word' id='word_1_453' title='bbox 722 3256 759 3314; x_wconf 92' lang='lat' dir='ltr'><strong>tu</strong></span> <span class='ocrx_word' id='word_1_454' title='bbox 786 3258 894 3314; x_wconf 89' lang='lat' dir='ltr'><strong>autem</strong></span> <span class='ocrx_word' id='word_1_455' title='bbox 921 3251 957 3315; x_wconf 91' lang='lat' dir='ltr'><strong>in</strong></span> <span class='ocrx_word' id='word_1_456' title='bbox 986 3261 1157 3317; x_wconf 86' lang='lat' dir='ltr'><strong>ueternum</strong></span> <span class='ocrx_word' id='word_1_457' title='bbox 1184 3255 1341 3334; x_wconf 87' lang='lat' dir='ltr'><strong>manebis,</strong></span> <span class='ocrx_word' id='word_1_458' title='bbox 1383 3253 1570 3404; x_wconf 41' lang='lat' dir='ltr'><strong>prophetae</strong></span> <span class='ocrx_word' id='word_1_459' title='bbox 1592 3275 1741 3320; x_wconf 74' lang='lat' dir='ltr'><strong>mesum:</strong></span> <span class='ocrx_word' id='word_1_460' title='bbox 1771 3277 1831 3322; x_wconf 89' lang='lat' dir='ltr'><strong>nec</strong></span> <span class='ocrx_word' id='word_1_461' title='bbox 1854 3254 1988 3322; x_wconf 91' lang='lat' dir='ltr'><strong>dubium</strong></span> <span class='ocrx_word' id='word_1_462' title='bbox 2010 3264 2060 3321; x_wconf 86' lang='lat' dir='ltr'><strong>est</strong></span> <span class='ocrx_word' id='word_1_463' title='bbox 2080 3254 2159 3336; x_wconf 91' lang='lat' dir='ltr'><strong>quin</strong></span> <span class='ocrx_word' id='word_1_464' title='bbox 2182 3253 2367 3335; x_wconf 75' lang='lat' dir='ltr'><strong>respexerit</strong></span> 
     </span>
    </p>
   </div>
   <div class='ocr_carea' id='block_1_4' title="bbox 369 3329 2372 5134">
    <p class='ocr_par' dir='ltr' id='par_1_4' title="bbox 369 3329 2372 4794">
     <span class='ocr_line' id='line_1_33' title="bbox 370 3329 2367 3430; baseline 0 -28"><span class='ocrx_word' id='word_1_465' title='bbox 370 3329 812 3430; x_wconf 38' lang='lat' dir='ltr'><strong>Psalm.102·(v.2‘isq.).</strong></span> <span class='ocrx_word' id='word_1_466' title='bbox 856 3335 903 3400; x_wconf 76' lang='lat' dir='ltr'><strong>nt</strong></span> <span class='ocrx_word' id='word_1_467' title='bbox 931 3336 1092 3418; x_wconf 87' lang='lat' dir='ltr'><strong>propheta</strong></span> <span class='ocrx_word' id='word_1_468' title='bbox 1119 3337 1187 3405; x_wconf 91' lang='lat' dir='ltr'><strong>illic</strong></span> <span class='ocrx_word' id='word_1_469' title='bbox 1214 3340 1341 3406; x_wconf 77' lang='lat' dir='ltr'><strong>confert</strong></span> <span class='ocrx_word' id='word_1_470' title='bbox 1418 3338 1514 3418; x_wconf 91' lang='lat' dir='ltr'><strong>deles,</strong></span> <span class='ocrx_word' id='word_1_471' title='bbox 1536 3341 1593 3421; x_wconf 89' lang='lat' dir='ltr'><strong>qui</strong></span> <span class='ocrx_word' id='word_1_472' title='bbox 1616 3349 1766 3421; x_wconf 85' lang='lat' dir='ltr'><strong>poterent</strong></span> <span class='ocrx_word' id='word_1_473' title='bbox 1788 3339 2017 3424; x_wconf 76' lang='lat' dir='ltr'><strong>desperatione</strong></span> <span class='ocrx_word' id='word_1_474' title='bbox 2039 3339 2132 3404; x_wconf 92' lang='lat' dir='ltr'><strong>obrui</strong></span> <span class='ocrx_word' id='word_1_475' title='bbox 2156 3357 2257 3419; x_wconf 91' lang='lat' dir='ltr'><strong>quum</strong></span> <span class='ocrx_word' id='word_1_476' title='bbox 2277 3337 2367 3403; x_wconf 84' lang='lat' dir='ltr'><strong>vide·</strong></span> 
     </span>
     <span class='ocr_line' id='line_1_34' title="bbox 371 3417 2367 3508; baseline 0.001 -21"><span class='ocrx_word' id='word_1_477' title='bbox 371 3419 479 3488; x_wconf 90' lang='lat' dir='ltr'><strong>coelos</strong></span> <span class='ocrx_word' id='word_1_478' title='bbox 512 3417 673 3496; x_wconf 78' lang='lat' dir='ltr'><strong>verubus,</strong></span> <span class='ocrx_word' id='word_1_479' title='bbox 706 3437 788 3500; x_wconf 90' lang='lat' dir='ltr'><strong>qnae</strong></span> <span class='ocrx_word' id='word_1_480' title='bbox 821 3439 883 3484; x_wconf 91' lang='lat' dir='ltr'><strong>usn</strong></span> <span class='ocrx_word' id='word_1_481' title='bbox 913 3430 1116 3501; x_wconf 86' lang='lat' dir='ltr'><strong>atteruntur,</strong></span> <span class='ocrx_word' id='word_1_482' title='bbox 1150 3431 1182 3487; x_wconf 87' lang='lat' dir='ltr'><strong>et</strong></span> <span class='ocrx_word' id='word_1_483' title='bbox 1209 3423 1340 3489; x_wconf 89' lang='lat' dir='ltr'><strong>tandem</strong></span> <span class='ocrx_word' id='word_1_484' title='bbox 1392 3434 1466 3489; x_wconf 91' lang='lat' dir='ltr'><strong>rent</strong></span> <span class='ocrx_word' id='word_1_485' title='bbox 1487 3445 1523 3490; x_wconf 92' lang='lat' dir='ltr'><strong>se</strong></span> <span class='ocrx_word' id='word_1_486' title='bbox 1545 3425 1657 3504; x_wconf 89' lang='lat' dir='ltr'><strong>procul</strong></span> <span class='ocrx_word' id='word_1_487' title='bbox 1679 3425 1859 3493; x_wconf 86' lang='lat' dir='ltr'><strong>abstractos</strong></span> <span class='ocrx_word' id='word_1_488' title='bbox 1881 3447 1901 3491; x_wconf 89' lang='grc' dir='ltr'>ι</span> <span class='ocrx_word' id='word_1_489' title='bbox 1924 3425 2046 3508; x_wconf 82' lang='lat' dir='ltr'><strong>patria,</strong></span> <span class='ocrx_word' id='word_1_490' title='bbox 2076 3434 2108 3488; x_wconf 90' lang='lat' dir='ltr'><strong>et</strong></span> <span class='ocrx_word' id='word_1_491' title='bbox 2138 3423 2263 3488; x_wconf 86' lang='lat' dir='ltr'><strong>nullum</strong></span> <span class='ocrx_word' id='word_1_492' title='bbox 2294 3443 2367 3488; x_wconf 89' lang='lat' dir='ltr'><strong>esse</strong></span> 
     </span>
     <span class='ocr_line' id='line_1_35' title="bbox 372 3501 2368 3595; baseline 0.002 -25"><span class='ocrx_word' id='word_1_493' title='bbox 372 3509 582 3589; x_wconf 89' lang='lat' dir='ltr'><strong>putrescunt:</strong></span> <span class='ocrx_word' id='word_1_494' title='bbox 613 3501 768 3569; x_wconf 85' lang='lat' dir='ltr'><strong>ecclcsiae</strong></span> <span class='ocrx_word' id='word_1_495' title='bbox 790 3513 910 3583; x_wconf 88' lang='lat' dir='ltr'><strong>autem,</strong></span> <span class='ocrx_word' id='word_1_496' title='bbox 932 3506 1048 3589; x_wconf 88' lang='lat' dir='ltr'><strong>inquit,</strong></span> <span class='ocrx_word' id='word_1_497' title='bbox 1072 3505 1222 3586; x_wconf 87' lang='lat' dir='ltr'><strong>conditio,</strong></span> <span class='ocrx_word' id='word_1_498' title='bbox 1243 3508 1341 3592; x_wconf 87' lang='lat' dir='ltr'><strong>louge</strong></span> <span class='ocrx_word' id='word_1_499' title='bbox 1391 3530 1482 3592; x_wconf 89' lang='lat' dir='ltr'><strong>spem</strong></span> <span class='ocrx_word' id='word_1_500' title='bbox 1503 3509 1635 3576; x_wconf 89' lang='lat' dir='ltr'><strong>reditus.</strong></span> <span class='ocrx_word' id='word_1_501' title='bbox 1681 3511 1836 3578; x_wconf 67' lang='lat' dir='ltr'><strong>Testatur</strong></span> <span class='ocrx_word' id='word_1_502' title='bbox 1858 3533 1936 3595; x_wconf 90' lang='lat' dir='ltr'><strong>ergo</strong></span> <span class='ocrx_word' id='word_1_503' title='bbox 1962 3513 2010 3576; x_wconf 86' lang='lat' dir='ltr'><strong>ite</strong></span> <span class='ocrx_word' id='word_1_504' title='bbox 2031 3509 2138 3576; x_wconf 89' lang='lat' dir='ltr'><strong>Deum</strong></span> <span class='ocrx_word' id='word_1_505' title='bbox 2164 3527 2278 3575; x_wconf 86' lang='lat' dir='ltr'><strong>curam</strong></span> <span class='ocrx_word' id='word_1_506' title='bbox 2307 3529 2368 3592; x_wconf 86' lang='lat' dir='ltr'><strong>ge·</strong></span> 
     </span>
     <span class='ocr_line' id='line_1_36' title="bbox 371 3589 2367 3687; baseline 0.003 -33"><span class='ocrx_word' id='word_1_507' title='bbox 371 3589 436 3654; x_wconf 88' lang='lat' dir='ltr'><strong>alia</strong></span> <span class='ocrx_word' id='word_1_508' title='bbox 468 3597 535 3654; x_wconf 83' lang='lat' dir='ltr'><strong>est:</strong></span> <span class='ocrx_word' id='word_1_509' title='bbox 571 3609 639 3687; x_wconf 77' lang='lat' dir='ltr'><strong>non</strong></span> <span class='ocrx_word' id='word_1_510' title='bbox 671 3589 826 3687; x_wconf 80' lang='lat' dir='ltr'><strong>exprimit</strong></span> <span class='ocrx_word' id='word_1_511' title='bbox 857 3589 991 3673; x_wconf 88' lang='lat' dir='ltr'><strong>quidem</strong></span> <span class='ocrx_word' id='word_1_512' title='bbox 1023 3592 1103 3660; x_wconf 85' lang='lat' dir='ltr'><strong>haec</strong></span> <span class='ocrx_word' id='word_1_513' title='bbox 1136 3592 1251 3660; x_wconf 85' lang='lat' dir='ltr'><strong>verba:</strong></span> <span class='ocrx_word' id='word_1_514' title='bbox 1284 3591 1341 3660; x_wconf 87' lang='lat' dir='ltr'><strong>sed</strong></span> <span class='ocrx_word' id='word_1_515' title='bbox 1392 3614 1464 3660; x_wconf 90' lang='lat' dir='ltr'><strong>rere</strong></span> <span class='ocrx_word' id='word_1_516' title='bbox 1486 3595 1602 3662; x_wconf 89' lang='lat' dir='ltr'><strong>salutis</strong></span> <span class='ocrx_word' id='word_1_517' title='bbox 1624 3595 1787 3675; x_wconf 87' lang='lat' dir='ltr'><strong>fidelium,</strong></span> <span class='ocrx_word' id='word_1_518' title='bbox 1817 3608 1854 3662; x_wconf 94' lang='lat' dir='ltr'><strong>ut</strong></span> <span class='ocrx_word' id='word_1_519' title='bbox 1875 3595 2007 3680; x_wconf 84' lang='lat' dir='ltr'><strong>colligat</strong></span> <span class='ocrx_word' id='word_1_520' title='bbox 2033 3595 2218 3678; x_wconf 86' lang='lat' dir='ltr'><strong>dispersum</strong></span> <span class='ocrx_word' id='word_1_521' title='bbox 2240 3614 2367 3660; x_wconf 90' lang='lat' dir='ltr'><strong>semen.</strong></span> 
     </span>
     <span class='ocr_line' id='line_1_37' title="bbox 371 3672 2371 3766; baseline 0.003 -27"><span class='ocrx_word' id='word_1_522' title='bbox 371 3681 545 3757; x_wconf 87' lang='lat' dir='ltr'><strong>postquam</strong></span> <span class='ocrx_word' id='word_1_523' title='bbox 568 3672 668 3750; x_wconf 76' lang='lat' dir='ltr'><strong>dixit,</strong></span> <span class='ocrx_word' id='word_1_524' title='bbox 701 3673 753 3739; x_wconf 82' lang='lat' dir='ltr'><strong>&#39;Pu</strong></span> <span class='ocrx_word' id='word_1_525' title='bbox 782 3673 869 3740; x_wconf 87' lang='lat' dir='ltr'><strong>rdem</strong></span> <span class='ocrx_word' id='word_1_526' title='bbox 892 3697 945 3756; x_wconf 91' lang='lat' dir='ltr'><strong>es,</strong></span> <span class='ocrx_word' id='word_1_527' title='bbox 976 3698 1019 3742; x_wconf 84' lang='lat' dir='ltr'><strong>ex</strong></span> <span class='ocrx_word' id='word_1_528' title='bbox 1047 3678 1239 3744; x_wconf 84' lang='lat' dir='ltr'><strong>aeternitate</strong></span> <span class='ocrx_word' id='word_1_529' title='bbox 1266 3678 1340 3757; x_wconf 88' lang='lat' dir='ltr'><strong>Dei,</strong></span> <span class='ocrx_word' id='word_1_530' title='bbox 1393 3678 1460 3746; x_wconf 84' lang='lat' dir='ltr'><strong>Sed</strong></span> <span class='ocrx_word' id='word_1_531' title='bbox 1483 3680 1660 3747; x_wconf 89' lang='lat' dir='ltr'><strong>tenendum</strong></span> <span class='ocrx_word' id='word_1_532' title='bbox 1683 3682 1839 3766; x_wconf 88' lang='lat' dir='ltr'><strong>estquod</strong></span> <span class='ocrx_word' id='word_1_533' title='bbox 1867 3681 2027 3759; x_wconf 84' lang='lat' dir='ltr'><strong>diximus,</strong></span> <span class='ocrx_word' id='word_1_534' title='bbox 2057 3675 2213 3763; x_wconf 76' lang='lat' dir='ltr'><strong>restringi</strong></span> <span class='ocrx_word' id='word_1_535' title='bbox 2241 3678 2371 3746; x_wconf 86' lang='lat' dir='ltr'><strong>scilicet</strong></span> 
     </span>
     <span class='ocr_line' id='line_1_38' title="bbox 371 3756 2370 3850; baseline 0.004 -26"><span class='ocrx_word' id='word_1_536' title='bbox 371 3769 485 3842; x_wconf 88' lang='lat' dir='ltr'><strong>postea</strong></span> <span class='ocrx_word' id='word_1_537' title='bbox 518 3758 616 3822; x_wconf 89' lang='lat' dir='ltr'><strong>etiam</strong></span> <span class='ocrx_word' id='word_1_538' title='bbox 646 3756 814 3825; x_wconf 90' lang='lat' dir='ltr'><strong>descendit</strong></span> <span class='ocrx_word' id='word_1_539' title='bbox 846 3759 888 3826; x_wconf 85' lang='lat' dir='ltr'><strong>ad</strong></span> <span class='ocrx_word' id='word_1_540' title='bbox 920 3763 1146 3828; x_wconf 84' lang='lat' dir='ltr'><strong>aeternitatem</strong></span> <span class='ocrx_word' id='word_1_541' title='bbox 1177 3763 1341 3842; x_wconf 83' lang='lat' dir='ltr'><strong>ecelesiae,</strong></span> <span class='ocrx_word' id='word_1_542' title='bbox 1392 3766 1477 3833; x_wconf 92' lang='lat' dir='ltr'><strong>hanc</strong></span> <span class='ocrx_word' id='word_1_543' title='bbox 1499 3766 1744 3850; x_wconf 87' lang='lat' dir='ltr'><strong>promissionem</strong></span> <span class='ocrx_word' id='word_1_544' title='bbox 1768 3767 1809 3835; x_wconf 94' lang='lat' dir='ltr'><strong>ad</strong></span> <span class='ocrx_word' id='word_1_545' title='bbox 1831 3766 1918 3833; x_wconf 87' lang='lat' dir='ltr'><strong>solos</strong></span> <span class='ocrx_word' id='word_1_546' title='bbox 1940 3766 2069 3843; x_wconf 84' lang='lat' dir='ltr'><strong>electos,</strong></span> <span class='ocrx_word' id='word_1_547' title='bbox 2093 3765 2171 3849; x_wconf 89' lang='lat' dir='ltr'><strong>quia</strong></span> <span class='ocrx_word' id='word_1_548' title='bbox 2188 3764 2248 3832; x_wconf 90' lang='lat' dir='ltr'><strong>soli</strong></span> <span class='ocrx_word' id='word_1_549' title='bbox 2267 3765 2370 3830; x_wconf 89' lang='lat' dir='ltr'><strong>etiam</strong></span> 
     </span>
     <span class='ocr_line' id='line_1_39' title="bbox 369 3842 2371 3936; baseline 0.003 -27"><span class='ocrx_word' id='word_1_550' title='bbox 369 3842 429 3909; x_wconf 87' lang='lat' dir='ltr'><strong>filii</strong></span> <span class='ocrx_word' id='word_1_551' title='bbox 451 3843 594 3910; x_wconf 90' lang='lat' dir='ltr'><strong>filiorum</strong></span> <span class='ocrx_word' id='word_1_552' title='bbox 617 3851 748 3909; x_wconf 90' lang='lat' dir='ltr'><strong>tuorum</strong></span> <span class='ocrx_word' id='word_1_553' title='bbox 770 3846 959 3912; x_wconf 85' lang='lat' dir='ltr'><strong>manebunt.</strong></span> <span class='ocrx_word' id='word_1_554' title='bbox 1003 3847 1099 3913; x_wconf 90' lang='lat' dir='ltr'><strong>Nunc</strong></span> <span class='ocrx_word' id='word_1_555' title='bbox 1121 3847 1270 3915; x_wconf 85' lang='lat' dir='ltr'><strong>videmus</strong></span> <span class='ocrx_word' id='word_1_556' title='bbox 1289 3872 1341 3918; x_wconf 89' lang='lat' dir='ltr'><strong>ec·</strong></span> <span class='ocrx_word' id='word_1_557' title='bbox 1392 3871 1525 3935; x_wconf 87' lang='lat' dir='ltr'><strong>cupsces</strong></span> <span class='ocrx_word' id='word_1_558' title='bbox 1548 3862 1642 3918; x_wconf 89' lang='lat' dir='ltr'><strong>erant</strong></span> <span class='ocrx_word' id='word_1_559' title='bbox 1672 3852 1768 3918; x_wconf 89' lang='lat' dir='ltr'><strong>huius</strong></span> <span class='ocrx_word' id='word_1_560' title='bbox 1796 3854 1933 3936; x_wconf 85' lang='lat' dir='ltr'><strong>gratiae.</strong></span> <span class='ocrx_word' id='word_1_561' title='bbox 1975 3851 2149 3934; x_wconf 76' lang='lat' dir='ltr'><strong>Quantum</strong></span> <span class='ocrx_word' id='word_1_562' title='bbox 2178 3851 2295 3916; x_wconf 86' lang='lat' dir='ltr'><strong>attinet</strong></span> <span class='ocrx_word' id='word_1_563' title='bbox 2326 3847 2371 3916; x_wconf 85' lang='lat' dir='ltr'><strong>ad</strong></span> 
     </span>
     <span class='ocr_line' id='line_1_40' title="bbox 371 3927 2370 4028; baseline 0.003 -33"><span class='ocrx_word' id='word_1_564' title='bbox 371 3929 503 4028; x_wconf 79' lang='lat' dir='ltr'><strong>ciceiam</strong></span> <span class='ocrx_word' id='word_1_565' title='bbox 525 3948 620 4011; x_wconf 91' lang='lat' dir='ltr'><strong>posse</strong></span> <span class='ocrx_word' id='word_1_566' title='bbox 641 3927 799 4011; x_wconf 77' lang='lat' dir='ltr'><strong>praeferri</strong></span> <span class='ocrx_word' id='word_1_567' title='bbox 819 3931 879 3996; x_wconf 91' lang='lat' dir='ltr'><strong>toti</strong></span> <span class='ocrx_word' id='word_1_568' title='bbox 908 3930 1045 3997; x_wconf 88' lang='lat' dir='ltr'><strong>mundo:</strong></span> <span class='ocrx_word' id='word_1_569' title='bbox 1075 3932 1130 3998; x_wconf 89' lang='lat' dir='ltr'><strong>sed</strong></span> <span class='ocrx_word' id='word_1_570' title='bbox 1153 3935 1243 4002; x_wconf 91' lang='lat' dir='ltr'><strong>Deus</strong></span> <span class='ocrx_word' id='word_1_571' title='bbox 1266 3957 1343 4002; x_wconf 91' lang='lat' dir='ltr'><strong>oon·</strong></span> <span class='ocrx_word' id='word_1_572' title='bbox 1393 3936 1594 4014; x_wconf 85' lang='lat' dir='ltr'><strong>incredulos,</strong></span> <span class='ocrx_word' id='word_1_573' title='bbox 1628 3938 1684 4020; x_wconf 92' lang='lat' dir='ltr'><strong>qui</strong></span> <span class='ocrx_word' id='word_1_574' title='bbox 1715 3938 1871 4004; x_wconf 83' lang='lat' dir='ltr'><strong>obstinati</strong></span> <span class='ocrx_word' id='word_1_575' title='bbox 1902 3940 2040 4004; x_wconf 89' lang='lat' dir='ltr'><strong>fuerunt</strong></span> <span class='ocrx_word' id='word_1_576' title='bbox 2072 3939 2107 4003; x_wconf 90' lang='lat' dir='ltr'><strong>in</strong></span> <span class='ocrx_word' id='word_1_577' title='bbox 2140 3957 2200 4003; x_wconf 90' lang='lat' dir='ltr'><strong>sua</strong></span> <span class='ocrx_word' id='word_1_578' title='bbox 2231 3937 2370 4016; x_wconf 83' lang='lat' dir='ltr'><strong>malitia,</strong></span> 
     </span>
     <span class='ocr_line' id='line_1_41' title="bbox 370 4013 2372 4107; baseline 0.003 -26"><span class='ocrx_word' id='word_1_579' title='bbox 370 4015 475 4081; x_wconf 82' lang='lat' dir='ltr'><strong>sulurt</strong></span> <span class='ocrx_word' id='word_1_580' title='bbox 504 4015 565 4079; x_wconf 93' lang='lat' dir='ltr'><strong>hoo</strong></span> <span class='ocrx_word' id='word_1_581' title='bbox 591 4013 660 4080; x_wconf 90' lang='lat' dir='ltr'><strong>loco</strong></span> <span class='ocrx_word' id='word_1_582' title='bbox 691 4014 802 4098; x_wconf 91' lang='lat' dir='ltr'><strong>populi</strong></span> <span class='ocrx_word' id='word_1_583' title='bbox 832 4016 882 4081; x_wconf 95' lang='lat' dir='ltr'><strong>sui</strong></span> <span class='ocrx_word' id='word_1_584' title='bbox 911 4016 1095 4084; x_wconf 87' lang='lat' dir='ltr'><strong>infirmitati</strong></span> <span class='ocrx_word' id='word_1_585' title='bbox 1126 4040 1227 4101; x_wconf 90' lang='lat' dir='ltr'><strong>quum</strong></span> <span class='ocrx_word' id='word_1_586' title='bbox 1258 4021 1343 4086; x_wconf 85' lang='lat' dir='ltr'><strong>dixit</strong></span> <span class='ocrx_word' id='word_1_587' title='bbox 1392 4021 1485 4088; x_wconf 89' lang='lat' dir='ltr'><strong>Deus</strong></span> <span class='ocrx_word' id='word_1_588' title='bbox 1506 4023 1612 4106; x_wconf 87' lang='lat' dir='ltr'><strong>potnit</strong></span> <span class='ocrx_word' id='word_1_589' title='bbox 1633 4024 1707 4089; x_wconf 90' lang='lat' dir='ltr'><strong>illos</strong></span> <span class='ocrx_word' id='word_1_590' title='bbox 1725 4045 1858 4107; x_wconf 90' lang='lat' dir='ltr'><strong>prorsus</strong></span> <span class='ocrx_word' id='word_1_591' title='bbox 1874 4024 2034 4102; x_wconf 87' lang='lat' dir='ltr'><strong>excidere,</strong></span> <span class='ocrx_word' id='word_1_592' title='bbox 2056 4031 2089 4089; x_wconf 87' lang='lat' dir='ltr'><strong>et</strong></span> <span class='ocrx_word' id='word_1_593' title='bbox 2107 4030 2217 4090; x_wconf 87' lang='lat' dir='ltr'><strong>tamen</strong></span> <span class='ocrx_word' id='word_1_594' title='bbox 2232 4042 2372 4088; x_wconf 86' lang='lat' dir='ltr'><strong>servare</strong></span> 
     </span>
     <span class='ocr_line' id='line_1_42' title="bbox 372 4097 2372 4193; baseline 0.004 -27"><span class='ocrx_word' id='word_1_595' title='bbox 372 4112 441 4166; x_wconf 85' lang='lat' dir='ltr'><strong>tum</strong></span> <span class='ocrx_word' id='word_1_596' title='bbox 474 4097 625 4165; x_wconf 86' lang='lat' dir='ltr'><strong>stabilem</strong></span> <span class='ocrx_word' id='word_1_597' title='bbox 657 4100 726 4164; x_wconf 84' lang='lat' dir='ltr'><strong>lore</strong></span> <span class='ocrx_word' id='word_1_598' title='bbox 758 4101 898 4184; x_wconf 87' lang='lat' dir='ltr'><strong>gratiam</strong></span> <span class='ocrx_word' id='word_1_599' title='bbox 933 4123 1027 4169; x_wconf 87' lang='lat' dir='ltr'><strong>suam</strong></span> <span class='ocrx_word' id='word_1_600' title='bbox 1060 4123 1138 4187; x_wconf 90' lang='lat' dir='ltr'><strong>erga</strong></span> <span class='ocrx_word' id='word_1_601' title='bbox 1173 4105 1341 4188; x_wconf 90' lang='lat' dir='ltr'><strong>populum,</strong></span> <span class='ocrx_word' id='word_1_602' title='bbox 1393 4109 1518 4191; x_wconf 88' lang='lat' dir='ltr'><strong>gratiae</strong></span> <span class='ocrx_word' id='word_1_603' title='bbox 1550 4129 1628 4175; x_wconf 86' lang='lat' dir='ltr'><strong>suae</strong></span> <span class='ocrx_word' id='word_1_604' title='bbox 1664 4109 1827 4192; x_wconf 87' lang='lat' dir='ltr'><strong>reliquiss.</strong></span> <span class='ocrx_word' id='word_1_605' title='bbox 1877 4110 1951 4180; x_wconf 81' lang='lat' dir='ltr'><strong>lion</strong></span> <span class='ocrx_word' id='word_1_606' title='bbox 1981 4118 2030 4176; x_wconf 91' lang='lat' dir='ltr'><strong>est</strong></span> <span class='ocrx_word' id='word_1_607' title='bbox 2060 4113 2170 4174; x_wconf 90' lang='lat' dir='ltr'><strong>autem</strong></span> <span class='ocrx_word' id='word_1_608' title='bbox 2202 4109 2255 4174; x_wconf 91' lang='lat' dir='ltr'><strong>hic</strong></span> <span class='ocrx_word' id='word_1_609' title='bbox 2284 4129 2372 4193; x_wconf 91' lang='lat' dir='ltr'><strong>opus</strong></span> 
     </span>
     <span class='ocr_line' id='line_1_43' title="bbox 371 4184 2370 4283; baseline 0.005 -35"><span class='ocrx_word' id='word_1_610' title='bbox 371 4206 469 4267; x_wconf 89' lang='lat' dir='ltr'><strong>quam</strong></span> <span class='ocrx_word' id='word_1_611' title='bbox 491 4184 589 4248; x_wconf 88' lang='lat' dir='ltr'><strong>firma</strong></span> <span class='ocrx_word' id='word_1_612' title='bbox 610 4195 659 4283; x_wconf 82' lang='lat' dir='ltr'><strong>cst</strong></span> <span class='ocrx_word' id='word_1_613' title='bbox 681 4185 765 4251; x_wconf 86' lang='lat' dir='ltr'><strong>ratio</strong></span> <span class='ocrx_word' id='word_1_614' title='bbox 787 4189 887 4252; x_wconf 90' lang='lat' dir='ltr'><strong>totius</strong></span> <span class='ocrx_word' id='word_1_615' title='bbox 910 4197 1055 4254; x_wconf 87' lang='lat' dir='ltr'><strong>naturae.</strong></span> <span class='ocrx_word' id='word_1_616' title='bbox 1092 4189 1188 4267; x_wconf 77' lang='lat' dir='ltr'><strong>Quod</strong></span> <span class='ocrx_word' id='word_1_617' title='bbox 1209 4191 1342 4272; x_wconf 86' lang='lat' dir='ltr'><strong>quidam</strong></span> <span class='ocrx_word' id='word_1_618' title='bbox 1393 4193 1505 4258; x_wconf 89' lang='lat' dir='ltr'><strong>subtili</strong></span> <span class='ocrx_word' id='word_1_619' title='bbox 1527 4192 1766 4276; x_wconf 87' lang='lat' dir='ltr'><strong>disputatione,</strong></span> <span class='ocrx_word' id='word_1_620' title='bbox 1798 4217 1839 4261; x_wconf 87' lang='lat' dir='ltr'><strong>uu</strong></span> <span class='ocrx_word' id='word_1_621' title='bbox 1869 4195 1972 4278; x_wconf 89' lang='lat' dir='ltr'><strong>possit</strong></span> <span class='ocrx_word' id='word_1_622' title='bbox 1999 4194 2191 4278; x_wconf 80' lang='lat' dir='ltr'><strong>investigari</strong></span> <span class='ocrx_word' id='word_1_623' title='bbox 2217 4205 2370 4260; x_wconf 86' lang='lat' dir='ltr'><strong>centrum</strong></span> 
     </span>
     <span class='ocr_line' id='line_1_44' title="bbox 371 4267 2370 4363; baseline 0.005 -29"><span class='ocrx_word' id='word_1_624' title='bbox 371 4270 520 4335; x_wconf 78' lang='lat' dir='ltr'><strong>referunt</strong></span> <span class='ocrx_word' id='word_1_625' title='bbox 541 4267 735 4352; x_wconf 78' lang='lat' dir='ltr'><strong>particulam</strong></span> <span class='ocrx_word' id='word_1_626' title='bbox 762 4285 945 4338; x_wconf 86' lang='lat' dir='ltr'><strong>extremam</strong></span> <span class='ocrx_word' id='word_1_627' title='bbox 975 4295 1086 4340; x_wconf 85' lang='lat' dir='ltr'><strong>versus</strong></span> <span class='ocrx_word' id='word_1_628' title='bbox 1108 4273 1150 4340; x_wconf 84' lang='lat'><strong>35</strong></span> <span class='ocrx_word' id='word_1_629' title='bbox 1180 4275 1221 4342; x_wconf 84' lang='lat' dir='ltr'><strong>ad</strong></span> <span class='ocrx_word' id='word_1_630' title='bbox 1252 4297 1342 4342; x_wconf 89' lang='lat' dir='ltr'><strong>marc</strong></span> <span class='ocrx_word' id='word_1_631' title='bbox 1394 4289 1509 4344; x_wconf 89' lang='lat' dir='ltr'><strong>terrae.</strong></span> <span class='ocrx_word' id='word_1_632' title='bbox 1543 4278 1730 4363; x_wconf 93' lang='lat' dir='ltr'><strong>Philosophi</strong></span> <span class='ocrx_word' id='word_1_633' title='bbox 1754 4281 1842 4346; x_wconf 91' lang='lat' dir='ltr'><strong>enim</strong></span> <span class='ocrx_word' id='word_1_634' title='bbox 1860 4282 2005 4346; x_wconf 76' lang='lat' dir='ltr'><strong>redonen</strong></span> <span class='ocrx_word' id='word_1_635' title='bbox 2024 4278 2206 4362; x_wconf 87' lang='lat' dir='ltr'><strong>probabiles</strong></span> <span class='ocrx_word' id='word_1_636' title='bbox 2223 4279 2370 4345; x_wconf 78' lang='lat' dir='ltr'><strong>afferunt</strong></span> 
     </span>
     <span class='ocr_line' id='line_1_45' title="bbox 372 4352 2371 4453; baseline 0.005 -33"><span class='ocrx_word' id='word_1_637' title='bbox 372 4353 523 4434; x_wconf 89' lang='lat' dir='ltr'><strong>rubrum,</strong></span> <span class='ocrx_word' id='word_1_638' title='bbox 556 4353 642 4453; x_wconf 81' lang='lat' dir='ltr'><strong>quod</strong></span> <span class='ocrx_word' id='word_1_639' title='bbox 663 4352 755 4420; x_wconf 91' lang='lat' dir='ltr'><strong>Deus</strong></span> <span class='ocrx_word' id='word_1_640' title='bbox 787 4357 921 4424; x_wconf 84' lang='lat' dir='ltr'><strong>eciderit</strong></span> <span class='ocrx_word' id='word_1_641' title='bbox 953 4380 1044 4425; x_wconf 89' lang='lat' dir='ltr'><strong>mare</strong></span> <span class='ocrx_word' id='word_1_642' title='bbox 1075 4359 1228 4436; x_wconf 83' lang='lat' dir='ltr'><strong>rubrum,</strong></span> <span class='ocrx_word' id='word_1_643' title='bbox 1261 4361 1341 4428; x_wconf 94' lang='lat' dir='ltr'><strong>illud</strong></span> <span class='ocrx_word' id='word_1_644' title='bbox 1394 4362 1433 4428; x_wconf 94' lang='lat' dir='ltr'><strong>de</strong></span> <span class='ocrx_word' id='word_1_645' title='bbox 1461 4364 1688 4448; x_wconf 85' lang='lat' dir='ltr'><strong>mugnitndiue</strong></span> <span class='ocrx_word' id='word_1_646' title='bbox 1716 4367 1901 4433; x_wconf 89' lang='lat' dir='ltr'><strong>coelorum:</strong></span> <span class='ocrx_word' id='word_1_647' title='bbox 1934 4366 2093 4432; x_wconf 89' lang='lat' dir='ltr'><strong>dimensio</strong></span> <span class='ocrx_word' id='word_1_648' title='bbox 2125 4367 2226 4430; x_wconf 90' lang='lat' dir='ltr'><strong>etiam</strong></span> <span class='ocrx_word' id='word_1_649' title='bbox 2261 4378 2371 4430; x_wconf 87' lang='lat' dir='ltr'><strong>terrae</strong></span> 
     </span>
     <span class='ocr_line' id='line_1_46' title="bbox 372 4440 2370 4538; baseline 0.005 -35"><span class='ocrx_word' id='word_1_650' title='bbox 372 4459 506 4538; x_wconf 74' lang='lat' dir='ltr'><strong>prorsus</strong></span> <span class='ocrx_word' id='word_1_651' title='bbox 528 4451 579 4504; x_wconf 88' lang='lat' dir='ltr'><strong>est</strong></span> <span class='ocrx_word' id='word_1_652' title='bbox 599 4440 744 4538; x_wconf 78' lang='lat' dir='ltr'><strong>alienum</strong></span> <span class='ocrx_word' id='word_1_653' title='bbox 761 4462 781 4506; x_wconf 93' lang='lat' dir='ltr'><strong>a</strong></span> <span class='ocrx_word' id='word_1_654' title='bbox 797 4443 976 4525; x_wconf 89' lang='lat' dir='ltr'><strong>prophetae</strong></span> <span class='ocrx_word' id='word_1_655' title='bbox 993 4465 1099 4524; x_wconf 87' lang='lat' dir='ltr'><strong>sensu,</strong></span> <span class='ocrx_word' id='word_1_656' title='bbox 1122 4467 1182 4514; x_wconf 92' lang='lat' dir='ltr'><strong>nec</strong></span> <span class='ocrx_word' id='word_1_657' title='bbox 1205 4446 1340 4532; x_wconf 91' lang='lat' dir='ltr'><strong>dignum</strong></span> <span class='ocrx_word' id='word_1_658' title='bbox 1394 4448 1434 4513; x_wconf 87' lang='lat' dir='ltr'><strong>ab</strong></span> <span class='ocrx_word' id='word_1_659' title='bbox 1456 4448 1521 4514; x_wconf 89' lang='lat' dir='ltr'><strong>illis</strong></span> <span class='ocrx_word' id='word_1_660' title='bbox 1542 4449 1717 4532; x_wconf 79' lang='lat' dir='ltr'><strong>colligitur.</strong></span> <span class='ocrx_word' id='word_1_661' title='bbox 1752 4449 1818 4518; x_wconf 80' lang='lat' dir='ltr'><strong>Sed</strong></span> <span class='ocrx_word' id='word_1_662' title='bbox 1840 4452 1914 4517; x_wconf 90' lang='lat' dir='ltr'><strong>rudi</strong></span> <span class='ocrx_word' id='word_1_663' title='bbox 1936 4452 2022 4535; x_wconf 82' lang='lat' dir='ltr'><strong>stylo</strong></span> <span class='ocrx_word' id='word_1_664' title='bbox 2044 4460 2076 4517; x_wconf 92' lang='lat' dir='ltr'><strong>et</strong></span> <span class='ocrx_word' id='word_1_665' title='bbox 2093 4451 2243 4535; x_wconf 89' lang='lat' dir='ltr'><strong>populari</strong></span> <span class='ocrx_word' id='word_1_666' title='bbox 2262 4451 2370 4517; x_wconf 82' lang='lat' dir='ltr'><strong>voluit</strong></span> 
     </span>
     <span class='ocr_line' id='line_1_47' title="bbox 373 4524 2369 4624; baseline 0.006 -34"><span class='ocrx_word' id='word_1_667' title='bbox 373 4533 473 4624; x_wconf 66' lang='lat' dir='ltr'><strong>etrum</strong></span> <span class='ocrx_word' id='word_1_668' title='bbox 495 4524 703 4623; x_wconf 77' lang='lat' dir='ltr'><strong>refutatione:</strong></span> <span class='ocrx_word' id='word_1_669' title='bbox 729 4525 786 4592; x_wconf 90' lang='lat' dir='ltr'><strong>sed</strong></span> <span class='ocrx_word' id='word_1_670' title='bbox 808 4537 917 4593; x_wconf 85' lang='lat' dir='ltr'><strong>tamen</strong></span> <span class='ocrx_word' id='word_1_671' title='bbox 941 4529 1082 4596; x_wconf 83' lang='lat' dir='ltr'><strong>breviter</strong></span> <span class='ocrx_word' id='word_1_672' title='bbox 1104 4533 1264 4615; x_wconf 87' lang='lat' dir='ltr'><strong>attingere</strong></span> <span class='ocrx_word' id='word_1_673' title='bbox 1286 4555 1342 4601; x_wconf 85' lang='lat' dir='ltr'><strong>vo·</strong></span> <span class='ocrx_word' id='word_1_674' title='bbox 1393 4534 1583 4619; x_wconf 84' lang='lat' dir='ltr'><strong>simpliciter</strong></span> <span class='ocrx_word' id='word_1_675' title='bbox 1604 4535 1711 4602; x_wconf 89' lang='lat' dir='ltr'><strong>dicere</strong></span> <span class='ocrx_word' id='word_1_676' title='bbox 1729 4537 1888 4620; x_wconf 85' lang='lat' dir='ltr'><strong>propheta</strong></span> <span class='ocrx_word' id='word_1_677' title='bbox 1904 4550 2071 4604; x_wconf 85' lang='lat' dir='ltr'><strong>aeternam</strong></span> <span class='ocrx_word' id='word_1_678' title='bbox 2090 4539 2159 4602; x_wconf 84' lang='lat' dir='ltr'><strong>lore</strong></span> <span class='ocrx_word' id='word_1_679' title='bbox 2175 4547 2210 4602; x_wconf 92' lang='lat' dir='ltr'><strong>et</strong></span> <span class='ocrx_word' id='word_1_680' title='bbox 2226 4537 2369 4602; x_wconf 88' lang='lat' dir='ltr'><strong>immen-</strong></span> 
     </span>
     <span class='ocr_line' id='line_1_48' title="bbox 373 4609 2371 4707; baseline 0.006 -32"><span class='ocrx_word' id='word_1_681' title='bbox 373 4609 496 4692; x_wconf 89' lang='lat' dir='ltr'><strong>lu1,ne</strong></span> <span class='ocrx_word' id='word_1_682' title='bbox 519 4629 592 4692; x_wconf 77' lang='lat' dir='ltr'><strong>quus</strong></span> <span class='ocrx_word' id='word_1_683' title='bbox 613 4614 748 4677; x_wconf 87' lang='lat' dir='ltr'><strong>erraret.</strong></span> <span class='ocrx_word' id='word_1_684' title='bbox 1393 4639 1461 4687; x_wconf 85' lang='lat' dir='ltr'><strong>sam</strong></span> <span class='ocrx_word' id='word_1_685' title='bbox 1482 4619 1547 4686; x_wconf 93' lang='lat' dir='ltr'><strong>Dei</strong></span> <span class='ocrx_word' id='word_1_686' title='bbox 1577 4621 1833 4689; x_wconf 87' lang='lat' dir='ltr'><strong>misericordiam</strong></span> <span class='ocrx_word' id='word_1_687' title='bbox 1860 4644 1940 4707; x_wconf 89' lang='lat' dir='ltr'><strong>erga</strong></span> <span class='ocrx_word' id='word_1_688' title='bbox 1966 4622 2051 4688; x_wconf 87' lang='lat' dir='ltr'><strong>filios</strong></span> <span class='ocrx_word' id='word_1_689' title='bbox 2072 4622 2240 4702; x_wconf 72' lang='lat' dir='ltr'><strong>Abrahae,</strong></span> <span class='ocrx_word' id='word_1_690' title='bbox 2269 4623 2371 4690; x_wconf 90' lang='lat' dir='ltr'><strong>sicuti</strong></span> 
     </span>
     <span class='ocr_line' id='line_1_49' title="bbox 576 4704 2370 4794; baseline 0.004 -27"><span class='ocrx_word' id='word_1_691' title='bbox 576 4780 583 4793; x_wconf 88' lang='lat'><strong>.</strong></span> <span class='ocrx_word' id='word_1_692' title='bbox 647 4779 653 4794; x_wconf 29' lang='lat'><strong>³</strong></span> <span class='ocrx_word' id='word_1_693' title='bbox 1393 4704 1596 4772; x_wconf 87' lang='lat' dir='ltr'><strong>immensitas</strong></span> <span class='ocrx_word' id='word_1_694' title='bbox 1618 4716 1725 4772; x_wconf 87' lang='lat' dir='ltr'><strong>terrae</strong></span> <span class='ocrx_word' id='word_1_695' title='bbox 1747 4716 1779 4773; x_wconf 92' lang='lat' dir='ltr'><strong>et</strong></span> <span class='ocrx_word' id='word_1_696' title='bbox 1802 4707 1965 4774; x_wconf 91' lang='lat' dir='ltr'><strong>coelorum</strong></span> <span class='ocrx_word' id='word_1_697' title='bbox 1987 4715 2120 4790; x_wconf 89' lang='lat' dir='ltr'><strong>superat</strong></span> <span class='ocrx_word' id='word_1_698' title='bbox 2151 4717 2283 4791; x_wconf 86' lang='lat' dir='ltr'><strong>captum</strong></span> <span class='ocrx_word' id='word_1_699' title='bbox 2307 4707 2370 4774; x_wconf 91' lang='lat' dir='ltr'><strong>hu-</strong></span> 
     </span>
    </p>

    <p class='ocr_par' dir='ltr' id='par_1_5' title="bbox 369 4777 2371 5134">
     <span class='ocr_line' id='line_1_50' title="bbox 460 4777 2370 4879; baseline 0.008 -35"><span class='ocrx_word' id='word_1_700' title='bbox 460 4777 513 4845; x_wconf 80' lang='lat'><strong>37.</strong></span> <span class='ocrx_word' id='word_1_701' title='bbox 545 4777 599 4878; x_wconf 69' lang='lat' dir='ltr'><strong>See</strong></span> <span class='ocrx_word' id='word_1_702' title='bbox 619 4780 696 4879; x_wconf 62' lang='lat' dir='ltr'><strong>decit</strong></span> <span class='ocrx_word' id='word_1_703' title='bbox 717 4779 862 4864; x_wconf 69' lang='lat' dir='ltr'><strong>[edocuit.</strong></span> <span class='ocrx_word' id='word_1_704' title='bbox 886 4781 925 4848; x_wconf 77' lang='lat' dir='ltr'><strong>si</strong></span> <span class='ocrx_word' id='word_1_705' title='bbox 945 4792 1159 4854; x_wconf 74' lang='lat' dir='ltr'><strong>meteweulur</strong></span> <span class='ocrx_word' id='word_1_706' title='bbox 1178 4788 1253 4856; x_wconf 68' lang='lat' dir='ltr'><strong>cosli</strong></span> <span class='ocrx_word' id='word_1_707' title='bbox 1273 4810 1343 4854; x_wconf 80' lang='lat' dir='ltr'><strong>sur·</strong></span> <span class='ocrx_word' id='word_1_708' title='bbox 1393 4793 1482 4856; x_wconf 86' lang='lat' dir='ltr'><strong>mani</strong></span> <span class='ocrx_word' id='word_1_709' title='bbox 1505 4790 1639 4875; x_wconf 90' lang='lat' dir='ltr'><strong>ingenii.</strong></span> <span class='ocrx_word' id='word_1_710' title='bbox 1684 4792 1802 4872; x_wconf 81' lang='lat' dir='ltr'><strong>Addit,</strong></span> <span class='ocrx_word' id='word_1_711' title='bbox 1824 4799 1954 4878; x_wconf 75' lang='lat' dir='ltr'><strong>propter</strong></span> <span class='ocrx_word' id='word_1_712' title='bbox 1981 4795 2086 4860; x_wconf 80' lang='lat' dir='ltr'><strong>cstuic</strong></span> <span class='ocrx_word' id='word_1_713' title='bbox 2110 4813 2192 4876; x_wconf 83' lang='lat' dir='ltr'><strong>quae</strong></span> <span class='ocrx_word' id='word_1_714' title='bbox 2218 4793 2370 4876; x_wconf 71' lang='lat' dir='ltr'><strong>serenent,</strong></span> 
     </span>
     <span class='ocr_line' id='line_1_51' title="bbox 373 4868 2369 4965; baseline 0.008 -37"><span class='ocrx_word' id='word_1_715' title='bbox 373 4884 462 4963; x_wconf 73' lang='lat' dir='ltr'><strong>sum,</strong></span> <span class='ocrx_word' id='word_1_716' title='bbox 501 4869 529 4930; x_wconf 86' lang='lat' dir='ltr'><strong>et</strong></span> <span class='ocrx_word' id='word_1_717' title='bbox 566 4870 787 4965; x_wconf 52' lang='lat' dir='ltr'><strong>causaremur</strong></span> <span class='ocrx_word' id='word_1_718' title='bbox 823 4868 1028 4950; x_wconf 69' lang='lat' dir='ltr'><strong>fundamenta</strong></span> <span class='ocrx_word' id='word_1_719' title='bbox 1049 4876 1157 4950; x_wconf 59' lang='lat' dir='ltr'><strong>‚terroe</strong></span> <span class='ocrx_word' id='word_1_720' title='bbox 1187 4873 1342 4957; x_wconf 77' lang='lat' dir='ltr'><strong>decretus,</strong></span> <span class='ocrx_word' id='word_1_721' title='bbox 1394 4875 1455 4942; x_wconf 92' lang='lat' dir='ltr'><strong>hoc</strong></span> <span class='ocrx_word' id='word_1_722' title='bbox 1477 4886 1537 4953; x_wconf 88' lang='lat' dir='ltr'><strong>est,</strong></span> <span class='ocrx_word' id='word_1_723' title='bbox 1560 4878 1710 4960; x_wconf 83' lang='lat' dir='ltr'><strong>quamvis</strong></span> <span class='ocrx_word' id='word_1_724' title='bbox 1733 4879 1839 4944; x_wconf 89' lang='lat' dir='ltr'><strong>meriti</strong></span> <span class='ocrx_word' id='word_1_725' title='bbox 1863 4880 1929 4945; x_wconf 91' lang='lat' dir='ltr'><strong>sint</strong></span> <span class='ocrx_word' id='word_1_726' title='bbox 1949 4891 2083 4946; x_wconf 71' lang='lat' dir='ltr'><strong>centium</strong></span> <span class='ocrx_word' id='word_1_727' title='bbox 2105 4889 2257 4951; x_wconf 82' lang='lat' dir='ltr'><strong>aeternus</strong></span> <span class='ocrx_word' id='word_1_728' title='bbox 2279 4899 2369 4943; x_wconf 91' lang='lat' dir='ltr'><strong>mor·</strong></span> 
     </span>
     <span class='ocr_line' id='line_1_52' title="bbox 374 4947 2371 5050; baseline 0.006 -32"><span class='ocrx_word' id='word_1_729' title='bbox 374 4954 468 5018; x_wconf 70' lang='lat' dir='ltr'><strong>deam</strong></span> <span class='ocrx_word' id='word_1_730' title='bbox 490 4969 544 5034; x_wconf 76' lang='lat' dir='ltr'><strong>eqo</strong></span> <span class='ocrx_word' id='word_1_731' title='bbox 564 4970 708 5050; x_wconf 65' lang='lat' dir='ltr'><strong>recusem</strong></span> <span class='ocrx_word' id='word_1_732' title='bbox 728 4947 795 5038; x_wconf 84' lang='lat' dir='ltr'><strong>(vel</strong></span> <span class='ocrx_word' id='word_1_733' title='bbox 813 4954 979 5042; x_wconf 86' lang='lat' dir='ltr'><strong>spernam)</strong></span> <span class='ocrx_word' id='word_1_734' title='bbox 1000 4960 1092 5022; x_wconf 70' lang='lat' dir='ltr'><strong>mium</strong></span> <span class='ocrx_word' id='word_1_735' title='bbox 1108 4976 1210 5022; x_wconf 79' lang='lat' dir='ltr'><strong>semen</strong></span> <span class='ocrx_word' id='word_1_736' title='bbox 1227 4957 1341 5042; x_wconf 81' lang='lat' dir='ltr'><strong>Israel,</strong></span> <span class='ocrx_word' id='word_1_737' title='bbox 1394 4969 1451 5037; x_wconf 85' lang='lat' dir='ltr'><strong>tes,</strong></span> <span class='ocrx_word' id='word_1_738' title='bbox 1474 4981 1535 5043; x_wconf 88' lang='lat' dir='ltr'><strong>ego</strong></span> <span class='ocrx_word' id='word_1_739' title='bbox 1558 4973 1668 5028; x_wconf 89' lang='lat' dir='ltr'><strong>tamen</strong></span> <span class='ocrx_word' id='word_1_740' title='bbox 1690 4965 1851 5029; x_wconf 87' lang='lat' dir='ltr'><strong>rationem</strong></span> <span class='ocrx_word' id='word_1_741' title='bbox 1875 4965 1980 5046; x_wconf 87' lang='lat' dir='ltr'><strong>potius</strong></span> <span class='ocrx_word' id='word_1_742' title='bbox 2002 4965 2127 5030; x_wconf 89' lang='lat' dir='ltr'><strong>habebo</strong></span> <span class='ocrx_word' id='word_1_743' title='bbox 2146 4966 2208 5030; x_wconf 89' lang='lat' dir='ltr'><strong>mei</strong></span> <span class='ocrx_word' id='word_1_744' title='bbox 2227 4962 2371 5030; x_wconf 83' lang='lat' dir='ltr'><strong>foederis</strong></span> 
     </span>
     <span class='ocr_line' id='line_1_53' title="bbox 369 5036 2369 5134; baseline 0.007 -33"><span class='ocrx_word' id='word_1_745' title='bbox 369 5040 500 5118; x_wconf 79' lang='lat' dir='ltr'><strong>propter</strong></span> <span class='ocrx_word' id='word_1_746' title='bbox 520 5055 625 5103; x_wconf 78' lang='lat' dir='ltr'><strong>munte</strong></span> <span class='ocrx_word' id='word_1_747' title='bbox 647 5057 727 5120; x_wconf 82' lang='lat' dir='ltr'><strong>quae</strong></span> <span class='ocrx_word' id='word_1_748' title='bbox 747 5036 896 5119; x_wconf 76' lang='lat' dir='ltr'><strong>feceruut,</strong></span> <span class='ocrx_word' id='word_1_749' title='bbox 917 5040 993 5106; x_wconf 80' lang='lat' dir='ltr'><strong>dicit</strong></span> <span class='ocrx_word' id='word_1_750' title='bbox 1013 5039 1157 5108; x_wconf 80' lang='lat' dir='ltr'><strong>Iedocah.</strong></span> <span class='ocrx_word' id='word_1_751' title='bbox 1392 5051 1426 5109; x_wconf 91' lang='lat' dir='ltr'><strong>et</strong></span> <span class='ocrx_word' id='word_1_752' title='bbox 1448 5046 1697 5114; x_wconf 87' lang='lat' dir='ltr'><strong>misericordiae.</strong></span> <span class='ocrx_word' id='word_1_753' title='bbox 1730 5048 1889 5116; x_wconf 87' lang='lat' dir='ltr'><strong>Oensulto</strong></span> <span class='ocrx_word' id='word_1_754' title='bbox 1911 5051 2012 5132; x_wconf 84' lang='lat' dir='ltr'><strong>igitur</strong></span> <span class='ocrx_word' id='word_1_755' title='bbox 2033 5050 2191 5134; x_wconf 86' lang='lat' dir='ltr'><strong>propheta</strong></span> <span class='ocrx_word' id='word_1_756' title='bbox 2214 5049 2268 5116; x_wconf 89' lang='lat' dir='ltr'><strong>hic</strong></span> <span class='ocrx_word' id='word_1_757' title='bbox 2288 5071 2369 5132; x_wconf 86' lang='lat' dir='ltr'><strong>pro·</strong></span> 
     </span>
    </p>
   </div>
   <div class='ocr_carea' id='block_1_5' title="bbox 461 5131 2369 5304">
    <p class='ocr_par' dir='ltr' id='par_1_6' title="bbox 461 5131 2369 5304">
     <span class='ocr_line' id='line_1_54' title="bbox 508 5131 2369 5221; baseline -0.003 -17"><span class='ocrx_word' id='word_1_758' title='bbox 508 5203 515 5220; x_wconf 80' lang='grc'><em>,</em></span> <span class='ocrx_word' id='word_1_759' title='bbox 576 5206 583 5221; x_wconf 66' lang='lat'>‚</span> <span class='ocrx_word' id='word_1_760' title='bbox 623 5205 655 5220; x_wconf 42' lang='grc' dir='ltr'><em>Η</em></span> <span class='ocrx_word' id='word_1_761' title='bbox 1393 5131 1486 5213; x_wconf 91' lang='lat' dir='ltr'><strong>ponit</strong></span> <span class='ocrx_word' id='word_1_762' title='bbox 1511 5132 1633 5198; x_wconf 89' lang='lat' dir='ltr'><strong>scelera</strong></span> <span class='ocrx_word' id='word_1_763' title='bbox 1660 5135 1786 5217; x_wconf 87' lang='lat' dir='ltr'><strong>populi,</strong></span> <span class='ocrx_word' id='word_1_764' title='bbox 1821 5143 1856 5200; x_wconf 88' lang='lat' dir='ltr'><strong>ut</strong></span> <span class='ocrx_word' id='word_1_765' title='bbox 1890 5133 2032 5202; x_wconf 90' lang='lat' dir='ltr'><strong>sciamus</strong></span> <span class='ocrx_word' id='word_1_766' title='bbox 2065 5136 2265 5218; x_wconf 90' lang='lat' dir='ltr'><strong>superiorem</strong></span> <span class='ocrx_word' id='word_1_767' title='bbox 2295 5135 2369 5199; x_wconf 83' lang='lat' dir='ltr'><strong>fore</strong></span> 
     </span>
     <span class='ocr_line' id='line_1_55' title="bbox 461 5203 2369 5304; baseline 0.007 -32"><span class='ocrx_word' id='word_1_768' title='bbox 461 5203 537 5272; x_wconf 85' lang='lat' dir='ltr'><strong>Aha</strong></span> <span class='ocrx_word' id='word_1_769' title='bbox 558 5205 775 5274; x_wconf 82' lang='lat' dir='ltr'><strong>srmthtudine</strong></span> <span class='ocrx_word' id='word_1_770' title='bbox 796 5210 969 5277; x_wconf 86' lang='lat' dir='ltr'><strong>confirmat</strong></span> <span class='ocrx_word' id='word_1_771' title='bbox 990 5210 1123 5278; x_wconf 89' lang='lat' dir='ltr'><strong>eundem</strong></span> <span class='ocrx_word' id='word_1_772' title='bbox 1146 5213 1342 5278; x_wconf 87' lang='lat' dir='ltr'><strong>sententiam</strong></span> <span class='ocrx_word' id='word_1_773' title='bbox 1393 5215 1458 5279; x_wconf 92' lang='lat' dir='ltr'><strong>Dei</strong></span> <span class='ocrx_word' id='word_1_774' title='bbox 1479 5214 1702 5299; x_wconf 86' lang='lat' dir='ltr'><strong>clementium,</strong></span> <span class='ocrx_word' id='word_1_775' title='bbox 1732 5241 1792 5285; x_wconf 90' lang='lat' dir='ltr'><strong>nec</strong></span> <span class='ocrx_word' id='word_1_776' title='bbox 1813 5220 2000 5304; x_wconf 83' lang='lat' dir='ltr'><strong>congeriem</strong></span> <span class='ocrx_word' id='word_1_777' title='bbox 2028 5230 2076 5286; x_wconf 93' lang='lat' dir='ltr'><strong>tot</strong></span> <span class='ocrx_word' id='word_1_778' title='bbox 2102 5220 2263 5286; x_wconf 88' lang='lat' dir='ltr'><strong>melorum</strong></span> <span class='ocrx_word' id='word_1_779' title='bbox 2294 5219 2369 5286; x_wconf 81' lang='lat' dir='ltr'><strong>iore</strong></span> 
     </span>
    </p>
   </div>
   <div class='ocr_carea' id='block_1_6' title="bbox 375 5289 2369 5391">
    <p class='ocr_par' dir='ltr' id='par_1_7' title="bbox 375 5289 2369 5391">
     <span class='ocr_line' id='line_1_56' title="bbox 375 5289 2369 5391; baseline 0.007 -35"><span class='ocrx_word' id='word_1_780' title='bbox 375 5309 474 5374; x_wconf 87' lang='lat' dir='ltr'><strong>quam</strong></span> <span class='ocrx_word' id='word_1_781' title='bbox 497 5289 656 5371; x_wconf 81' lang='lat' dir='ltr'><strong>vidimus,</strong></span> <span class='ocrx_word' id='word_1_782' title='bbox 687 5314 805 5377; x_wconf 88' lang='lat' dir='ltr'><strong>nempe</strong></span> <span class='ocrx_word' id='word_1_783' title='bbox 827 5294 899 5360; x_wconf 87' lang='lat' dir='ltr'><strong>fieri</strong></span> <span class='ocrx_word' id='word_1_784' title='bbox 920 5316 985 5361; x_wconf 89' lang='lat' dir='ltr'><strong>noc</strong></span> <span class='ocrx_word' id='word_1_785' title='bbox 1015 5319 1120 5380; x_wconf 90' lang='lat' dir='ltr'><strong>posse,</strong></span> <span class='ocrx_word' id='word_1_786' title='bbox 1150 5309 1188 5362; x_wconf 95' lang='lat' dir='ltr'><strong>ut</strong></span> <span class='ocrx_word' id='word_1_787' title='bbox 1209 5318 1342 5380; x_wconf 89' lang='lat' dir='ltr'><strong>prorsus</strong></span> <span class='ocrx_word' id='word_1_788' title='bbox 1393 5301 1577 5382; x_wconf 87' lang='lat' dir='ltr'><strong>obstaculo,</strong></span> <span class='ocrx_word' id='word_1_789' title='bbox 1610 5304 1785 5386; x_wconf 89' lang='lat' dir='ltr'><strong>quominus</strong></span> <span class='ocrx_word' id='word_1_790' title='bbox 1814 5304 1909 5370; x_wconf 90' lang='lat' dir='ltr'><strong>Deus</strong></span> <span class='ocrx_word' id='word_1_791' title='bbox 1936 5307 2091 5391; x_wconf 82' lang='lat' dir='ltr'><strong>ignoscet.</strong></span> <span class='ocrx_word' id='word_1_792' title='bbox 2141 5305 2234 5373; x_wconf 89' lang='lat' dir='ltr'><strong>Haeo</strong></span> <span class='ocrx_word' id='word_1_793' title='bbox 2262 5307 2369 5389; x_wconf 88' lang='lat' dir='ltr'><strong>igitur</strong></span> 
     </span>
    </p>
   </div>
   <div class='ocr_carea' id='block_1_7' title="bbox 0 0 2569 6132">
    <p class='ocr_par' dir='ltr' id='par_1_8' title="bbox 0 0 2569 6132">
     <span class='ocr_line' id='line_1_57' title="bbox 0 0 2569 6132; baseline 0 0"><span class='ocrx_word' id='word_1_794' title='bbox 0 0 2569 6132; x_wconf 95' lang='lat' dir='ltr'><strong> </strong></span> 
     </span>
    </p>
   </div>
  </div>
 </body>
</html>
