5118 6136
192 453 255 518 533
880 457 929 521 IN
954 455 1200 522 tultutflstt.
1245 455 1345 521 csP.
1368 456 1499 524 XXVI.
2129 468 2194 534 534

192 642 316 709 Dilatie
351 643 453 726 igitur
487 643 649 710 vindiutae
682 645 742 708 Dei
782 655 917 710 voustur
953 642 1164 724 poenitentia,
1217 648 1244 707 et
1276 643 1408 726 proruit
1447 645 1579 710 cadauer
1617 647 1685 712 eiua
1723 648 1758 713 io
1796 648 1940 732 seprdore
1976 653 2087 735 papali
2123 653 2192 740 (vel

192 729 343 812 queniam
373 751 438 794 non
464 740 619 812 expertus
640 739 692 795 ost
714 730 871 796 anohiss
893 727 979 811 quod
1001 729 1164 808 timuerat,
1217 729 1321 809 plebis
1343 730 1472 816 petius).

193 814 404 898 nequeenim
427 814 510 880 vidit
533 815 644 880 ruinas
667 816 765 894 urbis,
786 824 820 878 et
842 817 936 880 triste
958 835 995 881 ae
1012 812 1165 880 horribile

192 900 274 966 illud
296 900 529 981 speutaeulum,
551 899 591 964 de
614 920 677 980 quo
700 901 897 966 vatieinatus
920 901 1027 966 fuerat
1042 899 1163 965 Miolre.
1301 899 1487 966 Addueitur
1519 903 1608 967 aliud
1638 903 1824 987 exemplum
1859 907 1977 987 partim
2011 907 2188 993 diversum,

192 985 263 1052 Iam
297 985 359 1051 beu
390 985 491 1051 etiam
523 985 701 1050 notandum
734 999 799 1062 est,
841 987 932 1068 pium
965 1006 1075 1068 regom
1110 985 1164 1048 bie
1216 987 1335 1069 partim
1357 987 1478 1051 simile:
1502 986 1676 1068 diversum,
1694 988 1803 1071 quoad
1822 1011 1943 1073 regem,
1962 993 2069 1059 simile
2083 997 2188 1076 quoad

192 1070 319 1136 laudari
348 1091 368 1134 a
395 1071 513 1154 spiritu
543 1086 670 1146 saneto,
704 1070 789 1153 quod
819 1091 934 1152 passus
963 1071 1063 1136 luerit
1093 1091 1164 1136 sose
1218 1070 1425 1154 prophetam:
1448 1071 1563 1138 Uriam
1580 1075 1666 1138 enim
1683 1075 1774 1141 ouius
1790 1075 1842 1141 bie
1857 1077 1894 1139 fit
1910 1079 2040 1156 mentio,
2057 1080 2189 1147 fonetus

193 1171 259 1222 tam
289 1156 414 1222 duriter
442 1156 618 1238 obiurgari,
646 1177 746 1238 quum
773 1166 881 1222 tamon
905 1155 966 1222 sibi
991 1178 1055 1222 nen
1079 1155 1163 1220 male
1216 1167 1266 1221 est
1288 1177 1346 1221 sue
1369 1156 1532 1241 legatione
1553 1159 1708 1225 fideliter:
1738 1181 1803 1226 non
1829 1161 1937 1242 potuit
1959 1163 2093 1229 liberam
2117 1165 2188 1231 eius

192 1252 278 1308 esset
298 1242 454 1320 ooosuius,
478 1241 749 1325 quemadmodum
773 1263 875 1324 nuper
891 1242 1053 1308 diuebam:
1077 1255 1164 1307 uerte
1217 1243 1489 1323 praedieationem
1515 1243 1598 1308 lerre
1620 1244 1758 1323 Ioalrim,
1786 1247 1894 1329 itaque
1917 1267 1992 1312 sum
2014 1249 2186 1318 interierit.

191 1340 280 1394 totns
301 1327 455 1411 flagravit
476 1337 589 1393 saneto
612 1327 691 1410 nelo,
714 1336 747 1392 et
769 1340 902 1409 paratus
921 1329 983 1393 fuit
1001 1327 1164 1407 susoipers
1217 1328 1358 1409 Quidam
1390 1341 1559 1410 exponent
1597 1350 1663 1394 eno
1699 1342 1871 1406 metente,
1916 1334 2007 1414 quasi
2046 1338 2189 1403 seniores

191 1413 353 1496 quoslibet
395 1412 558 1477 molestias
601 1433 661 1494 pro
696 1412 759 1478 Dei
797 1414 888 1479 oeltu
928 1413 1162 1496 promovendo:
1217 1413 1380 1478 voluerint
1403 1414 1574 1480 ostendere
1597 1416 1713 1497 impios
1740 1415 1823 1480 nihil
1854 1419 2016 1500 profluere,
2047 1421 2102 1486 ubi
2128 1422 2186 1488 ad·

193 1512 301 1565 tamen
324 1499 478 1564 sustinuit
502 1498 628 1580 plaeide
650 1509 682 1562 et
704 1519 808 1581 aequo
829 1500 939 1564 auimo
960 1499 1162 1580 prophetam,
1216 1507 1392 1564 versantur
1415 1500 1477 1564 Dei
1499 1501 1679 1584 prophetis,
1706 1503 1769 1568 nisi
1792 1503 1878 1585 quod
1900 1504 2059 1588 litigando
2081 1510 2187 1592 magis

191 1605 292 1667 quum
323 1583 363 1650 de
386 1583 491 1649 ruinis
512 1583 600 1648 urbis
623 1595 655 1648 et
679 1585 793 1666 templi
815 1585 969 1667 loquutus
992 1595 1059 1650 est:
1088 1585 1164 1665 quia
1216 1606 1253 1651 ao
1277 1587 1379 1667 magis
1408 1607 1443 1649 se
1473 1589 1710 1670 eonstringunt.
1755 1587 1823 1652 Alii
1853 1600 1961 1654 autem
1992 1593 2187 1658 existimant

191 1671 316 1738 seiliuet
345 1669 477 1734 videbat
504 1671 565 1735 sibi
595 1691 676 1752 opus
705 1691 776 1735 esse
798 1671 854 1734 tali
877 1670 1033 1736 adiutore.
1078 1670 1163 1734 Nam
1216 1690 1399 1736 sermonem
1430 1672 1518 1737 boue
1548 1673 1647 1737 feisse
1676 1673 1845 1738 induerem
1866 1695 1885 1736 e
1908 1687 2002 1757 porte
2034 1677 2186 1744 adversa:

190 1755 404 1839 quantumvis
431 1756 561 1819 eordate
591 1756 695 1820 saneti
727 1756 890 1838 principes
917 1756 1025 1820 studia
1054 1756 1163 1820 omnia
1216 1771 1246 1822 et
1267 1754 1397 1821 videtur
1419 1757 1484 1822 illis
1501 1758 1676 1840 suffragari
1692 1759 1851 1841 porticula
1873 1771 1938 1838 nrt,
1961 1773 2058 1843 atque
2075 1764 2185 1829 etiam.

191 1861 250 1906 sua
271 1841 440 1908 uenierunt
459 1840 499 1904 ad
523 1840 777 1922 promovendam
796 1841 860 1905 Dei
883 1841 1030 1924 gloriam,
1052 1847 1160 1904 mmen
1215 1843 1299 1908 Nam
1324 1847 1429 1923 potest
1451 1844 1534 1907 sumi
1554 1845 1769 1922 adversative,
1792 1847 1884 1925 quasi
1904 1845 2059 1919 diuerent.
2085 1849 2185 1931 Atqui

192 1925 295 1994 Satan
328 1926 394 1991 illis
426 1927 570 1992 obsistit:
611 1947 690 2010 ergo
722 1947 851 2009 semper
883 1929 1033 2009 eupiunt,
1066 1927 1162 1991 sieuti
1214 1929 1275 1992 fuit
1296 1926 1381 1991 alter
1404 1929 1568 2010 propbeta,
1592 1930 1648 2011 qoi
1669 1951 1733 1994 neo
1752 1931 1887 2012 impune
1905 1933 2115 1999 eonuionates
2134 1945 2197 2000 est'

190 2012 367 2095 optandum
398 2023 463 2095 est,
496 2010 615 2077 hebere
646 2033 740 2077 veros
769 2023 802 2077 et
834 2014 977 2078 sineeros
1005 2013 1160 2088 deuteres,
1215 2013 1255 2078 de
1277 2012 1368 2079 elude
1390 2013 1479 2078 urbis
1511 2026 1544 2078 et
1576 2014 1710 2079 interitu
1744 2015 1866 2096 templi.
1912 2015 2052 2082 Videtur
2084 2020 2183 2084 etiem

190 2099 245 2180 qui
274 2099 443 2181 porrigant
469 2096 534 2162 illis
563 2118 707 2180 manum,
737 2106 770 2162 et
799 2099 854 2180 qui
883 2099 971 2178 ipsos
994 2095 1161 2174 adiuvent,
1214 2100 1409 2166 eenfirmare
1442 2099 1527 2164 hane
1555 2101 1751 2165 sententiam
1782 2102 1868 2182 quod
1899 2103 2046 2184 sequitur
2071 2103 2184 2169 ultimo

191 2193 223 2248 et
251 2183 306 2266 qui
335 2184 538 2256 uenfirment‚
568 2194 600 2247 et
626 2204 699 2248 seso
720 2193 890 2265 opponant
912 2205 1021 2248 eorum
1045 2183 1161 2247 adver·
1216 2207 1311 2250 versu
1338 2205 1407 2267 oap.
1441 2196 1544 2257 netur<
1570 2200 1601 2252 't’
1628 2199 1681 2275 'tte
1732 2185 1817 2250 Nam
1847 2199 1891 2275 'itt
1921 2189 2050 2269 proprie
2083 2189 2185 2272 signi·

191 2269 296 2334 soriis.
340 2267 424 2332 Nam
454 2269 482 2333 si
504 2266 653 2332 deuteros
675 2269 794 2333 sileant
816 2279 848 2332 et
871 2269 1087 2348 dissimulent,
1118 2269 1162 2333 its
1215 2272 1292 2336 fiuat
1316 2280 1551 2349 verumtamen,
1585 2269 1759 2352 aliquando
1792 2274 1931 2336 sumitur
1964 2293 2023 2354 pro
2056 2273 2183 2354 saltem,

190 2353 440 2419 maiorinvidia
462 2353 679 2418 redundatio
702 2353 802 2420 bonos
825 2356 988 2437 prinoipes
1009 2367 1041 2418 et
1059 2353 1161 2436 magi·
1214 2357 1267 2421 vel
1291 2365 1428 2421 tentum.
1466 2355 1532 2421 Sed
1555 2355 1616 2422 heo
1640 2356 1717 2434 loeo,
1739 2357 1833 2422 sieuti
1851 2358 1970 2421 iterum
1994 2359 2186 2442 paulopost

190 2447 321 2505 stratus.
366 2439 451 2503 Nam
482 2439 508 2502 si
539 2453 667 2503 exserto
689 2438 797 2523 gladio
821 2440 985 2504 vindinent
1007 2439 1070 2504 Dei
1093 2440 1162 2522 glo·
1213 2440 1328 2518 diuam,
1352 2443 1476 2506 retineo
1499 2443 1665 2524 preprium
1684 2463 1826 2517 sensum,
1848 2443 1933 2524 quod
1952 2442 2077 2507 seilicet
2098 2447 2185 2510 affir·

191 2525 272 2590 riam
304 2533 338 2588 et
371 2523 512 2600 uultum,
554 2525 702 2589 deuteres
734 2534 842 2588 autem
878 2527 938 2607 ipsi
968 2526 1034 2590 sint
1066 2545 1163 2590 uanus
1214 2538 1280 2591 met
1303 2527 1467 2608 prophete,
1490 2529 1640 2608 quamvis
1662 2538 1746 2592 esset
1772 2528 1806 2591 in
1837 2548 1956 2610 magno
1986 2528 2183 2612 disurimiue,

192 2611 286 2684 muti,
317 2630 430 2674 omnes
460 2610 692 2685 venderentur,
723 2609 763 2687 Ο,
797 2610 873 2692 quid
904 2611 964 2675 eibi
995 2610 1067 2675 vult
1099 2612 1162 2674 ista
1215 2623 1323 2676 tamen
1348 2611 1503 2678 Auhiuam
1537 2613 1663 2676 sortiter
1697 2632 1870 2694 pugnasse,
1903 2613 1948 2676 ita
1981 2625 2018 2677 ut
2051 2614 2183 2679 tandem

191 2696 372 2761 severitas?
412 2703 551 2776 pereunt
585 2695 718 2760 auribus
751 2696 872 2760 nostris
904 2698 1067 2762 deuteres:
1105 2695 1160 2760 isti
1215 2697 1313 2762 fuerit
1342 2717 1438 2762 eausa
1464 2698 1623 2778 superior.
1669 2697 1836 2778 Quantum
1859 2719 1935 2762 vero
1967 2701 2110 2779 pertinet
2143 2700 2185 2766 ad

191 2793 396 2846 autemnon
427 2792 566 2861 pareunt
595 2782 693 2844 etiam
719 2782 875 2864 sanguini
897 2791 1016 2847 nostro.
1060 2780 1160 2863 Opta·
1215 2793 1419 2864 praesentem
1441 2782 1557 2861 leoum,
1580 2794 1718 2865 utraque
1740 2784 1902 2865 expositio
1925 2784 2102 2866 probabilis
2124 2797 2182 2863 est,

190 2866 255 2930 bile
276 2865 378 2949 igitur
400 2886 529 2948 sempor
551 2867 612 2931 erit
636 2867 726 2932 bonis
751 2880 785 2931 et
805 2867 926 2932 sanetis
949 2867 1079 2950 regibus
1104 2867 1160 2930 ba·
1215 2869 1267 2933 vel
1289 2867 1372 2950 quod
1401 2868 1539 2950 improbi
1571 2867 1747 2933 obieeerint
1775 2881 1911 2932 mortem
1935 2867 2043 2948 Uriae,
2073 2880 2110 2934 ut
2137 2871 2185 2936 ita

191 2952 267 3016 bere
287 2954 385 3015 fortes
404 2963 436 3016 et
452 2955 613 3016 animosos
632 2952 788 3031 deuteres,
808 2953 861 3034 qui
876 2952 1044 3017 elamiteot
1066 2953 1161 3034 pleno
1213 2955 1433 3036 opprimerent
1455 2953 1634 3030 leremium,
1657 2952 1710 3017 vel
1734 2952 1818 3035 quod
1836 2953 1898 3016 Dei
1917 2954 2058 3019 uultures
2076 2965 2184 3020 osteu-

189 3047 340 3120 gutture,
363 3045 397 3100 et
417 3038 613 3102 eoufirmoot
634 3037 776 3102 studium
800 3039 943 3118 ipsorum
967 3039 1160 3119 prinoipem.
1214 3039 1323 3104 derint
1352 3060 1415 3103 non
1447 3059 1517 3103 esse
1549 3038 1631 3103 bane
1661 3037 1780 3121 agendi
1813 3039 1989 3102 rationem:
2023 3041 2100 3120 quia
2131 3061 2184 3106 res

189 3123 279 3188 Talis
308 3123 409 3204 igiter
431 3122 493 3187 tuit
519 3123 654 3188 effeetus
682 3125 785 3188 saneti
815 3123 984 3199 Eusebiae,
1009 3123 1162 3204 quemad·
1214 3125 1323 3207 lapsae
1345 3125 1466 3188 sintin
1490 3124 1641 3200 deterius,
1672 3143 1799 3205 exque
1829 3131 1897 3187 tem
1927 3124 2101 3190 erudeliter
2130 3146 2184 3191 oo·

189 3209 324 3274 modum
340 3208 492 3292 uelligere
508 3207 585 3272 lieet
599 3229 640 3273 ex
656 3208 717 3273 hoe
733 3208 811 3274 loeo.
846 3209 986 3291 Reliqua
1002 3208 1160 3273 differam.
1213 3209 1336 3275 uiderat
1358 3230 1490 3274 servum
1516 3209 1581 3274 Dei
1606 3231 1662 3274 rex
1686 3206 1878 3272 Iohoioklm.
1925 3207 1991 3276 Sed
2013 3210 2047 3274 in
2070 3212 2185 3293 primis

1215 3294 1394 3360 notandum
1428 3306 1478 3360 est
1510 3304 1647 3377 tempus.
1699 3293 1852 3358 Vidimus
1887 3295 1974 3360 enim
2010 3296 2071 3360 hee
2100 3299 2184 3362 vati·

275 3379 359 3443 Heri
385 3378 528 3444 vidimus
556 3378 741 3460 exemplum
772 3378 856 3461 quod
883 3379 1090 3461 protulerunt
1111 3400 1160 3445 se·
1213 3383 1310 3446 einim
1341 3381 1499 3464 prinuipio
1527 3381 1619 3464 regni
1647 3378 1832 3444 lehoiakim
1859 3380 1959 3444 tuisse
1990 3379 2184 3447 mandatum

189 3465 308 3542 niores,
330 3475 368 3529 ut
389 3467 554 3546 eriperent
571 3463 746 3528 Ieremism
769 3485 789 3528 a
811 3475 923 3543 morte,
945 3484 1062 3546 nempe
1085 3465 1162 3546 quia
1213 3467 1380 3546 Ieremias,
1402 3479 1435 3531 et
1457 3467 1554 3531 simul
1579 3465 1834 3548 promulgatum.
1879 3465 2080 3550 Prioeipium
2104 3487 2183 3532 vero

189 3571 255 3616 non
278 3551 385 3615 fuerat
408 3549 534 3632 primus
556 3551 611 3631 qui
635 3559 701 3614 tam
726 3548 878 3616 atrooiter
896 3551 1041 3616 minatus
1056 3552 1161 3616 fuerat
1212 3553 1293 3618 illud
1327 3573 1392 3617 non
1425 3552 1520 3617 debet
1554 3552 1706 3634 restringi
1736 3550 1787 3615 vel
1817 3547 1857 3614 ad
1888 3551 2029 3632 primum
2061 3551 2111 3616 vel
2142 3551 2184 3618 ad

189 3637 264 3701 urbi
286 3645 319 3700 et
342 3635 480 3717 templo:
504 3637 659 3717 quoniam
683 3633 744 3699 sub
766 3656 867 3717 regne
891 3636 1052 3702 Ezechiae
1074 3637 1160 3701 idem
1212 3639 1389 3704 seeundum
1414 3655 1553 3702 annum:
1583 3637 1639 3701 sod
1669 3638 1746 3718 quia
1776 3635 1881 3701 faetus
1911 3645 1961 3700 est
1991 3636 2183 3704 tributarius

190 3722 312 3788 ieoerat
340 3721 464 3804 Mioha,
498 3720 554 3802 qui
590 3731 698 3785 tamen
731 3741 795 3785 non
825 3721 933 3786 fuerat
961 3723 1160 3787 interluetes.
1213 3726 1282 3808 regi
1302 3723 1485 3806 babylonio.
1510 3731 1624 3806 postea
1646 3728 1783 3787 uenatus
1805 3733 1854 3786 est
1881 3720 1995 3804 iugem
2019 3731 2184 3802 exuetere,

191 3807 286 3872 Nune
315 3806 514 3873 uonoluduut
547 3805 608 3872 heo
637 3826 709 3871 esse
737 3827 837 3889 grave
860 3807 966 3873 seelus
988 3808 1016 3872 si
1040 3809 1162 3874 oeeide·
1213 3820 1245 3875 et
1276 3809 1406 3874 tandem
1441 3807 1505 3872 fuit
1536 3807 1654 3872 misere
1688 3807 1845 3872 deieetus:
1879 3805 1954 3870 ideo
1987 3807 2184 3890 prineipium

192 3893 261 3956 rint
282 3891 466 3969 Ieremiem,
488 3892 573 3973 quod
597 3913 662 3956 nen
687 3892 831 3957 manebit
852 3893 1061 3974 impunitum.
1101 3893 1161 3957 Di·
1214 3896 1307 3978 regui
1340 3893 1497 3975 eouipitur
1530 3914 1589 3976 pro
1622 3903 1708 3958 statu
1743 3891 1850 3956 adhue
1878 3893 2015 3975 integro.
2071 3891 2183 3972 Quum

191 3987 272 4040 eunt
292 3998 369 4058 ergo
385 3977 539 4060 populum
559 3976 748 4042 obstrictum
767 3977 834 4041 fore
850 3979 1042 4059 gravissime
1057 3987 1162 4058 reatu,
1214 3982 1324 4060 itaque
1345 3979 1500 4042 retineret
1522 3999 1614 4043 suam
1638 3977 1829 4060 dignitatem
1854 3976 2047 4055 Iehoiulrim,
2077 3980 2185 4045 iussus

190 4062 220 4126 si
243 4062 415 4126 Ieremiam
444 4061 612 4137 eooiderit,
643 4072 676 4127 et
704 4062 800 4126 simul
830 4062 1013 4146 adiungunt
1041 4065 1163 4129 instare
1214 4074 1264 4129 est
1285 4064 1365 4128 haee
1388 4064 1543 4129 mandata
1569 4065 1714 4146 perterre
1735 4063 1900 4128 Ieremias.
1943 4061 2110 4145 Quidquid
2133 4065 2186 4143 eit,

191 4146 359 4224 ultionem,
382 4149 458 4228 quia
473 4148 636 4212 Dominus
652 4147 954 4231 rependetdignam
971 4149 1162 4222 meroedem
1216 4171 1273 4214 rex
1308 4148 1491 4214 lehoialrim
1532 4159 1612 4214 tune
1643 4168 1744 4233 regno
1781 4147 1958 4230 tranquillo
1990 4147 2186 4230 potiebatur,

190 4232 883 4315 siitasaevierintinseoutumprophetam.
902 4233 1161 4316 Nueesequitur,
1214 4246 1285 4300 erat
1312 4235 1547 4318 lerosolymue:
1576 4233 1649 4298 ideo
1678 4234 1730 4298 hie
1758 4255 1822 4298 non
1855 4233 1975 4299 dieitur
2004 4234 2118 4299 Uriam
2151 4236 2185 4301 in

1215 4322 1328 4386 diebus
1338 4322 1408 4386 eius
1422 4322 1577 4386 minatum
1594 4321 1692 4384 luisse
1707 4318 1795 4384 urbi:
1813 4317 1869 4383 sed
1885 4329 2038 4384 narratur
2050 4320 2187 4386 historia

276 4406 328 4471 20.
352 4405 457 4486 Atque
483 4405 576 4469 atium
603 4407 655 4468 eir
678 4404 742 4484 fait
767 4404 957 4486 prophetans
984 4406 1020 4470 ia
1040 4408 1163 4472 aomina
1216 4419 1369 4488 unquam
1393 4404 1433 4470 de
1456 4426 1491 4471 re
1514 4406 1685 4489 praesenti,
1709 4403 1770 4469 hou
1791 4405 1893 4487 igitur
1915 4425 2018 4468 unum
2037 4417 2096 4482 est,
2119 4427 2186 4471 ser·

192 4489 322 4556 Ielsouae
358 4490 454 4556 Urius
482 4489 572 4570 tiliae
603 4489 732 4555 Semeolv
763 4510 803 4554 ee
833 4489 1103 4575 umet-tarta,
1137 4497 1164 4557 et
1215 4513 1340 4557 monem
1377 4490 1464 4557 buno
1497 4491 1596 4555 luisse
1636 4488 1797 4563 habitum,
1838 4509 1938 4570 quum
1973 4511 2040 4555 oon
2074 4492 2186 4573 prooul

186 4576 387 4658 &mutauit
406 4580 513 4640 eontra
533 4576 639 4640 arbem
660 4575 748 4657 boec,
776 4581 804 4640 et
824 4582 927 4641 oerore
949 4583 1064 4642 tamum
1084 4579 1164 4643 boam
1214 4579 1341 4642 abesset
1370 4598 1429 4640 rex
1449 4576 1642 4641 Ioboialrim.
1689 4575 1769 4638 Erat
1796 4576 1883 4638 enim
1914 4576 2070 4657 palatium
2099 4578 2186 4661 regis

191 4663 359 4728 sewardum
380 4681 535 4726 semones
557 4661 721 4726 Iererniae.
1214 4664 1404 4745 contiguum
1430 4661 1566 4743 templo:
1597 4659 1733 4725 aderant
1755 4660 1824 4724 eius
1846 4660 2032 4738 consiliarii,
2055 4661 2110 4743 qui
2133 4661 2185 4726 de-

277 4748 329 4814 21.
353 4747 396 4812 Et
423 4749 545 4813 audivit
572 4767 630 4812 ree
657 4748 790 4828 Ieatim,
820 4753 848 4812 et
874 4767 977 4813 maneo
1005 4753 1164 4830 raeparator
1214 4749 1418 4824 resederant,
1448 4745 1717 4830 quemadmodum
1748 4745 1898 4824 vidimus,
1928 4749 1968 4811 ob
1998 4747 2185 4812 tumultum.

191 4835 268 4913 aias,
291 4839 320 4897 et
337 4853 478 4914 procoss
499 4852 655 4899 somenae
676 4834 756 4909 elas,
776 4839 803 4897 et
824 4834 977 4913 quaesiuit
995 4855 1051 4898 ree
1068 4835 1164 4898 iater-
1214 4833 1298 4898 Nam
1329 4855 1382 4898 res
1409 4853 1473 4897 non
1504 4841 1633 4912 poterat
1662 4851 1732 4896 esse
1764 4831 1899 4908 eueulta,
1934 4853 2033 4914 quum
2068 4832 2185 4913 ubique

189 4921 279 5000 ficere
300 4920 415 5000 ipsam,
445 4920 614 4984 etoadiuit
642 4917 747 4994 Urias,
775 4923 804 4983 ut
823 4919 934 4997 timuit,
966 4925 995 4984 et
1014 4920 1104 5002 sapit,
1136 4925 1164 4984 et
1215 4916 1431 4985 eueenderent
1453 4917 1564 5000 populi
1586 4917 1707 4981 rabiem
1735 4917 1919 4981 saeerdotes
1949 4927 1981 4978 et
2010 4915 2082 4981 falsi
2112 4937 2185 4998 pro·

191 5005 337 5070 tros-uiuit
358 5002 423 5088 (vel
447 5003 616 5090 oeneessit)
638 5005 672 5068 in
694 5003 880 5086 Aeppptum.
1216 5004 1342 5086 phetae.
1386 5004 1476 5085 Ergo
1499 5013 1657 5068 venerant
1686 5003 1772 5084 regis
1801 5002 1978 5067 consiliarii
2008 5001 2049 5065 ad
2072 5002 2185 5068 turbes

278 5091 329 5154 22.
360 5089 404 5154 Er
435 5090 521 5154 mter
553 5111 608 5154 rea
641 5088 767 5156 Iooltim
796 5089 879 5154 vireo
910 5091 945 5153 in
976 5088 1162 5172 Aapyptam,
1215 5091 1294 5154 istas
1323 5088 1491 5155 sedandas.
1541 5087 1580 5152 Si
1612 5089 1691 5153 haee
1716 5088 1820 5152 oratio
1851 5085 2005 5152 tribuitur
2027 5086 2186 5152 Ieremias

192 5175 355 5242 Elaotboa
369 5175 471 5254 tiliam
486 5173 637 5252 Advobor,
656 5176 783 5240 etoiroe
796 5194 866 5240 eum
883 5173 1165 5257 eoiadepyptam:
1216 5175 1456 5252 defensoribus,
1497 5183 1584 5240 uerte
1625 5174 1770 5256 oportuit
1802 5172 1874 5237 illes
1907 5173 2081 5238 instruotes
2114 5195 2186 5238 esse

278 5261 329 5326 23.
353 5259 397 5323 Et
417 5259 589 5324 eduam
618 5259 728 5326 Urium
750 5281 789 5326 aa
811 5262 958 5345 Aepyplo,
981 5266 1008 5325 et
1029 5261 1166 5327 adduxe-
1216 5280 1336 5344 magna
1382 5259 1571 5324 fortitudine
1619 5260 1720 5324 animi
1767 5268 1799 5322 et
1846 5258 2051 5333 constantia,
2099 5261 2186 5344 qood

192 5353 266 5411 rarat
285 5367 356 5411 eam
378 5343 420 5410 ud
441 5363 541 5426 repam
561 5345 692 5425 leoltim,
714 5347 769 5427 pai
787 5348 943 5428 perussit
959 5367 1030 5412 eam
1046 5347 1164 5428 plodio,
1216 5345 1391 5412 obiieerent
1424 5345 1495 5428 regi
1528 5345 1703 5410 nefandam
1737 5343 1883 5426 eaedem,
1918 5353 1951 5408 et
1980 5344 2077 5409 simul
2110 5365 2186 5411 eum

1928 5445 1979 5498 34*
