5140 6118
357 432 421 499 299
1166 425 1552 494 Pueuauoulortus
2294 429 2360 496 300

345 620 496 704 pedum:
526 617 587 685 hoo
608 629 669 698 εει,
692 618 791 683 etiam
814 618 870 700 qui
893 615 1048 682 videntur
1074 616 1137 681 sibi
1165 635 1235 682 ussa
1264 617 1326 680 im·
1380 616 1504 682 autoris
1526 625 1770 698 oontemptum:
1800 616 1954 700 quoniam
1981 624 2088 698 potest
2108 615 2202 683 Deus
2230 617 2357 700 eripere

349 726 466 772 munes
496 703 536 769 ab
561 704 652 770 omni
681 702 838 786 perieulo,
868 702 1012 768 sentient
1041 721 1075 766 se
1105 721 1178 766 meo
1207 700 1327 768 iudioio
1378 703 1464 785 quod
1487 700 1584 767 dedit.
1628 701 1694 767 Hie
1723 712 1773 768 est
1802 703 1905 786 igitur
1936 702 2100 785 pauninus
2133 722 2259 782 seusus,
2291 724 2357 769 non

349 811 421 858 esee
442 789 611 870 obnoxios,
635 788 700 856 Sed·
718 789 749 855 ei
768 808 853 873 quae,
880 789 996 871 inquit,
1019 807 1166 853 corvem
1186 787 1327 868 fussala
1378 808 1473 869 posse
1495 787 1592 854 aliter
1621 809 1681 853 nos
1710 787 1775 854 lrui
1797 787 1862 853 Dei
1892 788 2069 866 benefieiis,
2098 789 2218 872 quibus
2247 791 2356 855 ornati

348 877 474 943 molitio
495 896 566 960 usu,
588 881 693 941 watra
714 895 809 958 quom
827 875 972 956 loquutus
989 893 1060 938 urm
1078 873 1229 940 adrasus
1246 893 1325 951 sum,
1378 894 1501 950 snmus,
1524 874 1587 939 nisi
1611 894 1858 957 perseveremus
1879 874 1915 938 in
1937 872 2010 954 fide,
2033 882 2066 940 et
2088 874 2124 939 in
2142 875 2259 941 timore
2276 876 2355 942 eius.

348 969 420 1030 tuuc
440 961 607 1044 poenitebit
627 981 676 1026 me
696 981 792 1042 super
820 961 949 1026 mulum
992 959 1069 1026 Non
1100 958 1234 1024 dubium
1264 969 1324 1037 est,
1378 960 1514 1026 Certum
1537 959 1668 1044 quidem
1692 971 1750 1038 est,
1782 980 1849 1026 non
1871 957 2014 1043 pendere
2036 960 2101 1025 Dei
2130 959 2288 1026 benolioia
2315 961 2355 1026 ab

349 1051 428 1134 quin
462 1049 623 1132 propbeta
653 1047 793 1113 voluerit
825 1066 861 1111 os
890 1043 1022 1111 Iudaeis
1050 1044 1235 1123 obstruere,
1268 1047 1324 1127 qui
1377 1045 1546 1111 homiuum
1576 1044 1753 1131 dignitate:
1787 1047 1844 1112 sed
1877 1066 1943 1111 nou
1973 1045 2046 1111 vult
2074 1056 2186 1111 tamen
2215 1045 2356 1114 ludibrio

349 1134 479 1201 assidue
512 1133 687 1216 litigabant
719 1152 794 1198 oum
828 1133 908 1210 Deo,
942 1128 1215 1214 quemadmodum
1248 1136 1325 1196 aute
1376 1151 1448 1196 esse
1470 1151 1563 1197 suam
1586 1131 1827 1211 liberalitatem,
1849 1129 2123 1213 quemadmodum
2142 1131 2268 1198 laetum
2289 1132 2355 1198 luit

350 1221 503 1287 vidimus.
549 1221 632 1284 Nam
656 1217 844 1303 persuaderi
866 1217 932 1282 illis
960 1238 1025 1282 uon
1055 1224 1190 1300 poterat,
1220 1216 1324 1281 iustas
1377 1215 1464 1300 apud
1485 1216 1636 1298 Iudaeos,
1658 1222 1692 1282 et
1716 1216 1812 1282 hodie
1833 1219 1933 1282 otiam
1954 1217 2014 1283 boo
2031 1217 2151 1284 vitium
2169 1219 2267 1284 nimis
2284 1220 2355 1285 vul-

349 1326 420 1372 esse
443 1324 563 1389 poenas
585 1304 756 1385 scelerum,
779 1325 879 1387 quum
899 1302 1061 1369 Dominus
1078 1323 1133 1368 eos
1153 1303 1323 1388 affligeret.
1377 1325 1455 1387 gare
1477 1312 1528 1370 εει
1549 1303 1584 1368 in
1608 1302 1742 1369 mundo.
1787 1303 1861 1369 Iam
1883 1303 2045 1385 sequitur,

351 1392 514 1475 Quoniam
537 1411 615 1476 ergo
637 1391 684 1456 ita
707 1399 777 1455 erat
805 1389 962 1455 obstinati
990 1390 1026 1452 iu
1047 1409 1107 1454 sua
1128 1389 1261 1464 malitia,
1292 1398 1325 1451 ει

350 1477 535 1562 hypoarisis
565 1477 663 1543 etiam
691 1478 778 1559 ipsos
806 1477 912 1559 magis
944 1473 1134 1550 obdurabat,
1164 1473 1243 1538 diait
1271 1472 1324 1539 bio
1464 1476 1513 1540 11.
1544 1473 1588 1540 Et
1615 1494 1697 1539 aune
1726 1474 1894 1562 (agedum)
1925 1474 1977 1541 dit
2006 1475 2048 1540 od
2075 1475 2180 1541 vuum
2209 1476 2354 1544 Ieludoli

349 1564 510 1648 propbeta
532 1561 596 1629 Dei
618 1563 758 1640 nomine,
783 1561 820 1627 Si
844 1562 987 1644 loquatru
1010 1560 1099 1643 fuero
1122 1565 1229 1626 εεεινε
1248 1579 1323 1643 peu·
1375 1558 1452 1710 Shno
1475 1571 1532 1638 εει,
1568 1558 1608 1626 ad
1643 1560 1934 1711 unumquemque?
1962 1564 1990 1626 el
2018 1560 2137 1626 tamus
2167 1562 2352 1648 romaum,

349 1655 409 1716 tou
436 1670 544 1729 urum,
579 1653 607 1713 el
635 1649 774 1714 miramus
797 1648 888 1728 suero
916 1647 1064 1712 ultimum
1092 1647 1263 1729 laudum,
1293 1646 1324 1710 ei
1396 1646 1503 1712 lorado
1525 1645 1703 1733 (alloquere
1725 1669 1839 1713 omues
1857 1647 1897 1712 Iu
1920 1667 2004 1726 aeos,
2027 1651 2061 1712 ot
2077 1647 2203 1715 inoolas
2221 1648 2353 1715 Ierusa-

348 1737 525 1820 rreiplsoul,
553 1736 660 1800 statim
685 1732 908 1800 reooaoillubor
930 1735 977 1797 ei:
1007 1733 1068 1798 hoo
1096 1739 1155 1808 εει,
1188 1741 1325 1796 nonest
1376 1731 1470 1817 lem):
1506 1731 1560 1797 Sia
1588 1732 1665 1798 dioit
1694 1733 1841 1808 Iobooula
1876 1731 1957 1800 Eece
1984 1753 2037 1817 eqo
2063 1731 2147 1816 dopo
2175 1755 2272 1818 ευμεν
2299 1756 2353 1800 uos

348 1822 433 1905 quod
454 1821 664 1904 expostulent
682 1840 809 1886 meeum
827 1818 950 1898 Iudaei,
974 1818 1065 1900 quasi
1083 1817 1182 1882 nimis
1199 1814 1325 1882 duriter
1375 1817 1503 1896 molum
1532 1824 1561 1883 el
1586 1819 1683 1902 copilo
1705 1839 1801 1903 super
1819 1840 1876 1886 ooe
1901 1819 2130 1904 mpiwlioneu:
2157 1822 2354 1887 revertimini

347 1927 423 1974 oum
444 1909 524 1991 ipsis
547 1927 651 1991 agam.
684 1905 865 1990 Reperient
883 1904 972 1970 euim
994 1925 1048 1969 me
1070 1902 1272 1987 plaoabilem,
1295 1903 1323 1968 si
1375 1905 1474 1988 iqitur
1501 1905 1632 1987 quisquo
1652 1924 1674 1969 a
1694 1905 1749 1970 oio
1769 1925 1830 1971 usu
1856 1905 1952 1986 mulo,
1980 1911 2008 1970 ει
2036 1909 2137 1971 restas
2161 1906 2256 1988 [εείιε
2283 1907 2353 1972 olus

348 1994 543 2077 resipisoant
565 2014 605 2058 ex
628 1992 746 2057 auimo.
792 1989 950 2073 Sequitur
972 2010 1060 2075 ergo,
1088 2009 1201 2054 eorum
1224 1988 1323 2054 obsti·
1376 1995 1497 2056 uestros
1519 1996 1548 2055 ει
1568 1991 1675 2056 dudio
1697 1998 1809 2057 εεεινε.

349 2080 517 2144 nationem
547 2079 582 2144 in
612 2097 710 2144 eausa
737 2097 818 2156 esse,
852 2089 890 2143 ut
919 2076 1012 2141 Dans
1044 2083 1160 2160 pergat
1191 2075 1224 2139 in
1255 2075 1324 2140 suis
1463 2075 1876 2159 mutuaenutuae
1892 2082 1953 2144 eal:
1973 2077 2051 2160 qut‘o
2067 2081 2141 2159 post
2156 2077 2353 2161 aequasse

348 2164 487 2232 iudieiis.
525 2163 610 2230 Nam
633 2163 835 2247 poenitentia
852 2163 915 2227 Dei
935 2163 1017 2227 nihil
1041 2161 1129 2226 aliud
1151 2161 1323 2244 signifieat,
1376 2166 1500 2228 melros
1521 2161 1759 2246 ambulabimus,
1780 2169 1810 2229 et
1826 2165 1957 2248 quisque
1974 2165 2163 2247 prooitolun
2178 2165 2282 2230 sordis
2298 2165 2353 2229 sui

348 2272 448 2334 quam
470 2249 554 2335 quod
578 2250 655 2315 alibi
678 2249 758 2316 diait
778 2248 951 2331 seriptum,
973 2248 1081 2331 ipsum
1103 2267 1174 2312 esse
1197 2246 1324 2312 miseri-
1376 2248 1454 2313 muli
1474 2248 1637 2329 faciemus.

348 2336 480 2405 sordem
503 2345 536 2402 et
558 2335 690 2402 tardum
709 2334 865 2414 adirem,
887 2345 921 2400 et
943 2334 1071 2399 laoilem
1089 2333 1129 2398 ad
1153 2333 1323 2416 ignoscen-

348 2419 437 2489 dum.
471 2422 538 2488 Hio
559 2442 638 2505 ergo
661 2429 800 2487 testatur
821 2420 905 2484 nihil
928 2418 1016 2485 aliud
1038 2418 1165 2484 obstare
1184 2416 1323 2497 Iudaeis,
1461 2419 1533 2484 Iam
1555 2421 1716 2503 propbeta
1737 2419 1870 2486 iubetur
1891 2440 2078 2487 sermonem
2095 2428 2287 2486 eonvertere
2310 2418 2352 2486 ad

348 2529 447 2591 quam
481 2508 731 2574 obstinationem
765 2507 946 2591 propriam,
986 2506 1071 2589 qnod
1108 2524 1174 2568 non
1208 2504 1324 2569 melius
1377 2504 1533 2587 Iudaeos,
1566 2515 1604 2571 nt
1626 2507 1809 2572 doetrinam
1842 2507 2079 2590 poenitentiae,
2113 2527 2210 2591 quam
2246 2526 2352 2589 nuper

349 2593 502 2660 habeant.
546 2592 819 2676 Quandoquidem
846 2593 988 2658 alfirmat
1010 2613 1051 2656 ex
1074 2590 1230 2674 opposito,
1251 2610 1324 2673 per·
1375 2591 1494 2675 attigit,
1518 2592 1583 2657 illis
1606 2591 1835 2658 aooommodet.
1881 2592 2055 2659 Generalis
2084 2594 2173 2658 euim
2203 2592 2353 2658 doctriua

349 2679 435 2746 ditos
457 2679 585 2746 restitui
601 2679 637 2744 in
656 2678 781 2758 melius,
803 2677 857 2744 ulti
874 2683 996 2760 reperta
1013 2677 1150 2759 loquitur
1163 2675 1324 2742 Dominm
1375 2677 1485 2742 miuus
1508 2677 1619 2755 allicit,
1640 2677 1913 2762 quemadmodum
1935 2680 2015 2744 satis
2033 2687 2147 2745 uotum
2165 2685 2226 2744 εει.
2262 2678 2352 2762 Ergo

348 2786 444 2848 uapor
462 2771 581 2851 putem
602 2771 630 2830 el
650 2783 789 2849 reprom,
811 2770 847 2830 at
867 2764 1012 2845 aedificet,
1033 2767 1061 2828 al
1075 2762 1214 2844 plorslel:
1236 2783 1273 2828 aa
1295 2761 1323 2826 ai
1376 2764 1430 2827 bio
1451 2763 1544 2846 quasi
1566 2773 1716 2829 oonsorta
1738 2785 1837 2829 mauu
1859 2764 1929 2848 agit
1947 2786 2021 2831 oum
2039 2766 2108 2830 suis
2128 2762 2351 2848 popularibus.

349 2852 474 2918 dietum
501 2859 597 2930 esset,
630 2851 703 2916 Non
735 2859 864 2914 tautum
894 2852 1070 2933 ignosoam,
1103 2845 1160 2913 sed
1189 2857 1323 2929 paratus
1375 2847 1439 2914 Dia
1461 2869 1540 2932 ergo
1561 2849 1605 2916 od
1625 2848 1762 2916 Iudaeae
1782 2855 1810 2914 ει
1829 2849 1949 2916 incolae
1969 2849 2185 2935 lerosolpmos,
2208 2850 2265 2933 qui
2289 2852 2351 2916 sei·

347 2958 404 3004 ero
435 2938 599 3004 benefieiis
630 2938 779 3020 prosequi
810 2956 891 3018 quos
923 2936 1013 3018 prius
1045 2935 1222 3000 reieceram
1250 2945 1322 2998 tau·
1375 2935 1452 3001 lieet
1473 2935 1547 3000 aliie
1569 2934 1749 3000 debuerant
1772 2937 1858 3002 viam
1882 2943 2074 3015 monstrare,
2104 2944 2139 3001 et
2166 2945 2261 3000 erant
2282 2955 2353 3000 om·

348 3045 446 3107 quam
469 3024 553 3089 mibi
574 3023 732 3087 inimicos.
768 3022 958 3106 Amplifioat
979 3020 1083 3105 igitur
1100 3019 1163 3083 Dei
1185 3019 1323 3084 elemeu·
1376 3021 1469 3086 nium
1500 3021 1641 3104 pessimi.
1694 3020 1909 3104 Revertimim‘,
1939 3023 2054 3106 inquit,
2084 3021 2230 3104 quisquis
2255 3041 2276 3086 o
2298 3021 2353 3087 oio

351 3112 430 3176 tium
467 3129 569 3192 quum
603 3107 682 3174 dioit
715 3129 780 3173 non
818 3115 947 3173 tantum
979 3105 1121 3188 pennatis
1152 3103 1322 3170 hominum
1375 3127 1437 3172 suo
1456 3107 1552 3173 malo.
1585 3107 1651 3172 Hie
1668 3108 1812 3174 ostendit
1826 3106 1919 3174 Deua
1934 3107 2145 3191 pesuliariter
2163 3109 2198 3171 in
2213 3106 2353 3174 Iudaeos

348 3196 529 3280 ignosoere,
557 3203 594 3260 ut
617 3214 754 3277 poenam
778 3194 934 3269 remittat,
965 3191 1022 3258 sed
1045 3193 1145 3256 etiam
1168 3209 1203 3255 ee
1232 3211 1324 3274 para·
1376 3201 1562 3277 oompeters
1595 3193 1681 3276 quod
1709 3194 1745 3257 in
1778 3213 1899 3277 genere
1932 3215 2039 3278 nuper
2071 3194 2351 3277 pronuntiaverat,

349 3293 421 3346 tum
444 3300 516 3346 esse
538 3279 580 3344 ad
602 3281 713 3345 omnia
736 3277 892 3345 benefida
914 3277 1093 3362 largienda,
1123 3277 1150 3342 si
1174 3277 1324 3342 homiues
1377 3299 1494 3362 nempe
1515 3277 1623 3361 ipsum
1647 3278 1716 3345 lore
1734 3281 1942 3358 exorabilem,
1965 3280 1995 3346 si
2012 3289 2162 3364 psooator
2179 3278 2221 3344 ad
2241 3279 2353 3363 ipsum

349 3366 391 3433 ad
413 3366 709 3434 reoonoiliationam
732 3387 767 3431 ss
788 3366 938 3430 offerant,
982 3364 1080 3430 Nune
1102 3363 1248 3446 sequitur
1270 3383 1324 3445 op·
1376 3363 1503 3430 redeat:
1531 3385 1586 3430 eos
1608 3370 1729 3443 antem,
1759 3368 1816 3448 qui
1838 3365 1979 3431 illudunt
2007 3368 2077 3432 eius
2107 3364 2254 3443 bonitati,
2284 3384 2351 3429 non

348 3454 491 3537 positum
521 3453 723 3529 membrum,
761 3451 850 3533 qood
882 3452 912 3516 ei
936 3449 1046 3532 feeerit
1070 3450 1191 3515 nullum
1218 3468 1324 3514 coruos
1376 3471 1470 3533 posse
1493 3453 1627 3534 impune
1648 3452 1803 3535 effugere.
1844 3451 2060 3534 Rweduniui,
2083 3453 2199 3534 inquit,
2221 3451 2353 3533 quisque

348 3539 447 3606 oeulis
473 3541 561 3622 meis,
595 3543 630 3603 ul
657 3557 720 3603 uon
748 3537 862 3603 audiat
889 3536 955 3602 ooos'
982 3555 1084 3601 meae:
1117 3555 1236 3617 nempe
1269 3533 1324 3598 ubi
1376 3538 1472 3603 oola
1492 3557 1552 3603 soso
1577 3537 1673 3620 molo,
1702 3542 1802 3603 reatos
1830 3538 1924 3619 fosite
1948 3539 2021 3604 vioe
2041 3543 2173 3604 oestrus.
2215 3535 2351 3617 Quare?

347 3625 499 3707 plantata
516 3625 615 3689 luerit
632 3644 713 3707 gens
734 3643 807 3688 meo
830 3622 986 3689 benefioio
1008 3619 1055 3706 (id
1074 3621 1161 3686 euim
1180 3620 1325 3704 postulat
1378 3623 1465 3688 Nom
1486 3642 1549 3688 eoos
1578 3643 1631 3707 eqo
1657 3623 1757 3707 dopo,
1787 3625 1909 3707 inquit,
1941 3644 2039 3706 super
2070 3644 2124 3690 vos
2153 3623 2292 3706 molum,
2324 3626 2353 3686 et

348 3709 535 3796 oontextus)
563 3714 648 3789 luno,
680 3710 833 3790 inquam,
861 3707 1029 3790 poenitebit
1048 3727 1114 3791 me,
1137 3713 1198 3773 eto.
1249 3705 1323 3788 Qua
1375 3709 1468 3794 sopito
1489 3729 1584 3790 super
1603 3728 1658 3775 voe
1679 3710 1898 3792 oopilutioueus,
1921 3710 1983 3774 hoo
2002 3718 2061 3788 εει,
2085 3712 2152 3775 iam
2170 3717 2284 3792 parata
2301 3716 2354 3773 est

350 3796 596 3862 denuntiatione
629 3795 808 3880 signifieat,
849 3793 957 3858 Deum
990 3814 1070 3876 quos
1103 3791 1324 3876 singularibus
1376 3795 1532 3878 vindieta,
1554 3804 1588 3860 et
1611 3797 1729 3861 restria
1750 3795 1910 3878 eapitibus
1932 3796 2103 3879 inoumbit,
2134 3795 2199 3860 nisi
2220 3803 2351 3858 mature

348 3881 444 3948 donis
466 3890 642 3949 ornaverat
663 3879 883 3965 pessumdare,
906 3888 1038 3962 propter
1055 3877 1227 3964 indignum
1247 3878 1324 3945 abu·
1375 3881 1622 3946 eonvertamini.
1666 3880 1768 3964 Atqui
1798 3883 1827 3947 si
1855 3901 1933 3946 vere
1963 3891 1996 3946 ει
2026 3903 2068 3946 ex
2097 3882 2207 3946 animo
2236 3880 2351 3962 resipi-

348 3988 440 4033 sum:
467 3988 506 4034 ao
527 3969 555 4032 si
578 3967 707 4043 ditaret,
732 3965 769 4031 Si
793 3966 883 4049 large
905 3974 939 4031 ει
961 3964 1139 4031 liberaliter
1161 3964 1325 4047 pollioitus
1375 3968 1484 4047 statis,
1506 3988 1567 4050 ego
1585 3968 1651 4032 iam
1670 3976 1804 4050 paratus
1821 3987 1894 4032 sum
1912 3988 1973 4034 vos
1992 3967 2154 4050 empleoti.
2189 3965 2352 4031 Videmus

346 4054 440 4119 luero
463 4053 562 4137 genti,
593 4061 650 4118 aut
671 4072 773 4136 regno
796 4051 956 4135 quidquid
977 4053 1083 4134 optari
1113 4059 1230 4134 potest,
1259 4049 1323 4114 nisi
1375 4062 1411 4118 ut
1436 4054 1525 4118 Deus
1548 4064 1722 4136 utrumque
1746 4053 1929 4118 membrum
1957 4053 2056 4118 simul
2085 4050 2351 4136 eomprehendat.

347 4139 491 4222 reperiat
513 4139 620 4204 locum
639 4139 747 4223 gratia
764 4159 837 4202 mea
854 4147 887 4203 st
905 4138 1044 4221 bouitas,
1066 4141 1138 4202 luae
1152 4135 1323 4218 poenitebit
1374 4137 1517 4204 Dixerat
1550 4140 1655 4221 prius,
1690 4137 1726 4206 Si
1759 4139 1915 4221 loquutus
1949 4139 2040 4204 luero
2069 4149 2184 4205 eontra
2217 4145 2351 4221 gentem

346 4246 396 4291 mo
422 4245 517 4306 super
544 4223 631 4289 douo.
675 4223 767 4288 Ηεεε
797 4231 847 4288 εει
876 4243 1022 4301 summa,
1056 4244 1186 4305 semper
1214 4222 1321 4286 looum
1375 4244 1486 4307 unam,
1509 4233 1542 4288 et
1564 4245 1724 4290 enuversa
1743 4224 1844 4290 fuerit
1866 4245 1885 4289 a
1907 4226 1976 4290 suis
1999 4224 2185 4308 sceleribus,
2207 4243 2260 4288 me
2282 4231 2350 4288 sta-

348 4311 463 4377 veniae
485 4319 604 4393 patere,
635 4308 691 4374 ubi
713 4331 747 4374 ee
770 4319 920 4392 peooator
942 4309 981 4374 ad
1007 4309 1113 4374 Deum
1142 4307 1321 4374 convertit:
1375 4311 1434 4374 tim
1463 4309 1651 4393 poenitebit.
1697 4308 1793 4391 Quod
1823 4311 1853 4376 si
1882 4311 2046 4393 pollioitus
2076 4312 2167 4376 luero
2197 4329 2250 4375 me
2279 4308 2350 4374 lore

348 4417 480 4464 rursum
514 4395 638 4460 frustra
668 4394 801 4479 gloriari
830 4395 980 4460 homines
1008 4395 1074 4460 Dei
1102 4393 1323 4478 promissioni·
1375 4407 1502 4480 patrem
1525 4397 1615 4479 genti
1640 4404 1697 4460 aut
1726 4416 1836 4479 regno,
1866 4415 1934 4462 nou
1961 4396 2068 4481 patiar
2097 4417 2149 4460 me
2178 4405 2212 4460 ει
2242 4414 2351 4460 msam

348 4483 417 4561 bus,
442 4481 505 4549 nisi
526 4503 600 4550 oum
622 4481 740 4546 timore
762 4490 795 4544 et
813 4480 998 4546 obedientia
1015 4501 1050 4546 se
1073 4481 1119 4545 illi
1139 4479 1320 4546 eubiioiant.
1375 4481 1604 4547 liberalitatem
1617 4482 1662 4545 ita
1673 4483 1793 4565 sperui,
1806 4483 1834 4548 ei
1851 4481 2000 4549 homines
2017 4482 2079 4566 ipsi
2097 4482 2246 4548 reiioiant
2263 4479 2351 4563 quod

347 4568 534 4651 Utrumque
558 4567 618 4632 luit
640 4566 871 4650 necessarium,
895 4587 1013 4651 nempe
1035 4576 1072 4630 ut
1091 4575 1323 4650 eognoscorent
1374 4568 1485 4634 offero.
1536 4567 1632 4633 Nuuo
1664 4575 1775 4633 autem
1808 4567 1904 4644 dioit,
1937 4569 2016 4636 Eoos
2047 4569 2152 4652 ooqt'lo.
2204 4567 2278 4632 Ηοε
2307 4566 2351 4630 ad

346 4653 462 4721 Iudaei
485 4653 546 4719 sibi
569 4653 678 4718 Deum
702 4655 769 4718 lore
792 4653 1002 4732 exorabilem,
1028 4653 1056 4718 si
1079 4653 1321 4735 resipiscerent:
1375 4655 1465 4737 prins
1488 4653 1670 4718 membrum
1694 4653 1843 4736 pertinet,
1872 4675 1990 4736 nempe
2013 4655 2054 4718 ad
2075 4653 2199 4719 minas:
2230 4650 2351 4718 deinde

348 4739 467 4806 deiude
500 4739 730 4823 promissiones
763 4739 833 4804 sius
864 4760 930 4804 non
964 4739 1081 4805 debere
1116 4738 1248 4803 extendi
1281 4739 1322 4804 ad
1373 4760 1474 4823 quum
1512 4738 1618 4819 addit,
1663 4739 1869 4805 Reoerdt‘ms'ui
1904 4743 2051 4823 quisque,
2095 4739 2149 4806 hio
2188 4737 2351 4824 promittit

347 4847 493 4893 crassum
512 4823 605 4889 illum
627 4823 775 4908 abusum,
797 4833 835 4889 ut
850 4845 909 4906 pro
924 4824 1027 4891 nihilo
1042 4823 1197 4890 durarent
1216 4824 1321 4909 legem
1375 4826 1525 4892 veniam:
1546 4825 1624 4908 quia
1647 4836 1682 4889 ut
1704 4825 1782 4890 alibi
1804 4827 1927 4893 dietum
1949 4827 2019 4903 fuit,
2043 4833 2075 4890 et
2094 4827 2233 4910 saepius,
2258 4823 2351 4890 nulla

347 4921 381 4978 et
410 4911 595 4994 prophetas.
645 4910 788 4975 Mediam
818 4911 921 4994 igitur
951 4913 1110 4977 rationem
1145 4909 1198 4976 bio
1231 4911 1323 4993 ponit
1373 4932 1445 4978 esse
1479 4920 1587 4995 posset
1619 4912 1805 4976 exhortatio
1838 4911 1880 4978 ad
1908 4912 2152 4996 poenitentiam,
2182 4911 2245 4976 nisi
2277 4927 2352 4992 pro-

347 4997 516 5080 prophsta,
543 5016 661 5079 nempe
684 4995 783 5062 simul
812 5007 910 5079 atque
939 4998 1133 5080 resipiscunt
1163 4997 1323 5078 homines,
1374 4998 1480 5082 posita
1502 5019 1559 5080 spe
1581 4998 1716 5081 gratiae.
1761 4997 1854 5064 Deus
1882 4998 1970 5063 enim
2001 4998 2110 5062 timeri
2137 5018 2204 5064 non
2231 5005 2348 5080 potest,

347 5103 444 5166 posse
467 5093 538 5147 tuto
561 5091 593 5148 ει
616 5081 779 5164 intrepide
801 5103 933 5166 sperare
957 5085 1066 5149 omnia
1089 5103 1107 5146 a
1129 5081 1212 5164 Deo,
1247 5085 1323 5166 quia
1374 5084 1437 5149 nisi
1461 5081 1547 5166 apud
1574 5083 1682 5166 ipsum
1712 5084 1755 5149 sit
1783 5083 1978 5168 propitiatio,
2012 5083 2286 5166 quemadmodum
2314 5082 2349 5144 in

348 5168 390 5234 ad
412 5168 617 5234 elementiam
640 5187 821 5253 propensus
843 5175 911 5234 est:
935 5168 1052 5234 deiude
1070 5171 1220 5250 quamvis
1242 5191 1322 5253 gens
1372 5169 1505 5235 Psalmo
1527 5167 1614 5254 (130,
1637 5169 1671 5256 4)
1693 5169 1821 5236 dieitur.
1865 5169 1938 5236 Ηοε
1961 5169 2062 5254 igitur
2085 5191 2181 5236 versu
2204 5165 2349 5234 ostendit

348 5275 415 5320 una
436 5255 577 5320 excellat
599 5254 711 5321 multis
732 5254 803 5319 eius
834 5253 936 5333 donis,
966 5275 1032 5320 non
1064 5254 1180 5320 debere
1212 5264 1321 5321 tamen
1375 5257 1464 5321 Dens
1486 5277 1521 5322 ss
1538 5256 1604 5320 iam
1623 5263 1774 5338 paratum
1795 5276 1866 5321 esre
1885 5255 1927 5321 ad
1945 5253 2181 5338 amplexandos
2199 5253 2349 5336 Iudaeos,

348 5341 448 5408 stulte
468 5339 640 5420 ooulidere,
671 5354 704 5406 et
731 5341 862 5406 trahere
884 5351 1089 5424 praesentem
1113 5341 1250 5426 gloriam
1280 5342 1323 5407 ad
1372 5342 1401 5406 si
1423 5342 1625 5425 resipiscant.
1671 5341 1847 5408 Caeterum
1875 5343 1904 5407 si
1934 5343 2150 5426 pervioaoiter
2176 5353 2289 5424 agant,
2312 5351 2348 5404 ut
