<?xml version="1.0" encoding="UTF-8"?>
<!DOCTYPE html PUBLIC "-//W3C//DTD XHTML 1.0 Transitional//EN"
    "http://www.w3.org/TR/xhtml1/DTD/xhtml1-transitional.dtd">
<html xmlns="http://www.w3.org/1999/xhtml" xml:lang="en" lang="en">
 <head>
  <title>
</title>
<meta http-equiv="Content-Type" content="text/html;charset=utf-8" />
  <meta name='ocr-system' content='tesseract 3.04.00' />
  <meta name='ocr-capabilities' content='ocr_page ocr_carea ocr_par ocr_line ocrx_word'/>
</head>
<body>
  <div class='ocr_page' id='page_1' title='image "./corpusreformato14melagoog_0161.png"; bbox 0 0 5134 6124; ppageno 0'>
   <div class='ocr_carea' id='block_1_1' title="bbox 384 433 2366 507">
    <p class='ocr_par' dir='ltr' id='par_1_1' title="bbox 384 433 2366 507">
     <span class='ocr_line' id='line_1_1' title="bbox 384 433 2366 507; baseline -0.002 0"><span class='ocrx_word' id='word_1_1' title='bbox 384 441 446 507; x_wconf 87' lang='grc'>291</span> <span class='ocrx_word' id='word_1_2' title='bbox 1190 433 1578 502; x_wconf 75' lang='lat' dir='ltr'>PRAELEGPIONES</span> <span class='ocrx_word' id='word_1_3' title='bbox 2312 438 2366 504; x_wconf 88' lang='grc'>292</span> 
     </span>
    </p>
   </div>
   <div class='ocr_carea' id='block_1_2' title="bbox 383 622 2391 5438">
    <p class='ocr_par' dir='ltr' id='par_1_2' title="bbox 383 622 2391 5438">
     <span class='ocr_line' id='line_1_2' title="bbox 383 622 2366 712; baseline -0.003 -16"><span class='ocrx_word' id='word_1_4' title='bbox 383 631 458 697; x_wconf 90' lang='lat' dir='ltr'>ideo</span> <span class='ocrx_word' id='word_1_5' title='bbox 488 628 705 698; x_wconf 87' lang='lat' dir='ltr'>communiter</span> <span class='ocrx_word' id='word_1_6' title='bbox 735 635 803 692; x_wconf 91' lang='lat' dir='ltr'>tam</span> <span class='ocrx_word' id='word_1_7' title='bbox 833 627 902 712; x_wconf 84' lang='lat' dir='ltr'>regi</span> <span class='ocrx_word' id='word_1_8' title='bbox 933 647 1030 709; x_wconf 87' lang='lat' dir='ltr'>quam</span> <span class='ocrx_word' id='word_1_9' title='bbox 1065 626 1136 690; x_wconf 89' lang='lat' dir='ltr'>eius</span> <span class='ocrx_word' id='word_1_10' title='bbox 1165 623 1360 692; x_wconf 88' lang='lat' dir='ltr'>consiliariis</span> <span class='ocrx_word' id='word_1_11' title='bbox 1413 623 1509 692; x_wconf 88' lang='lat' dir='ltr'>simul</span> <span class='ocrx_word' id='word_1_12' title='bbox 1545 623 1694 710; x_wconf 77' lang='lat' dir='ltr'>adiungit</span> <span class='ocrx_word' id='word_1_13' title='bbox 1730 632 1833 692; x_wconf 89' lang='lat' dir='ltr'>totam</span> <span class='ocrx_word' id='word_1_14' title='bbox 1868 623 2023 689; x_wconf 89' lang='lat' dir='ltr'>Iudaeam</span> <span class='ocrx_word' id='word_1_15' title='bbox 2056 625 2125 689; x_wconf 87' lang='lat' dir='ltr'>tore</span> <span class='ocrx_word' id='word_1_16' title='bbox 2151 622 2366 691; x_wconf 67' lang='lat' dir='ltr'><strong>habitabilem:</strong></span> 
     </span>
     <span class='ocr_line' id='line_1_3' title="bbox 384 709 2368 800; baseline -0.001 -20"><span class='ocrx_word' id='word_1_17' title='bbox 384 717 511 800; x_wconf 90' lang='lat' dir='ltr'>tribuit,</span> <span class='ocrx_word' id='word_1_18' title='bbox 541 734 683 782; x_wconf 82' lang='lat' dir='ltr'>sesamae</span> <span class='ocrx_word' id='word_1_19' title='bbox 711 733 777 780; x_wconf 81' lang='lat' dir='ltr'>erae</span> <span class='ocrx_word' id='word_1_20' title='bbox 805 733 901 796; x_wconf 76' lang='lat' dir='ltr'>super</span> <span class='ocrx_word' id='word_1_21' title='bbox 929 712 1042 778; x_wconf 82' lang='lat' dir='ltr'>solium</span> <span class='ocrx_word' id='word_1_22' title='bbox 1063 711 1214 778; x_wconf 78' lang='lat' dir='ltr'>Doridis.</span> <span class='ocrx_word' id='word_1_23' title='bbox 1259 710 1359 790; x_wconf 88' lang='lat' dir='ltr'>Dicit,</span> <span class='ocrx_word' id='word_1_24' title='bbox 1412 710 1566 794; x_wconf 90' lang='lat' dir='ltr'>quoniam</span> <span class='ocrx_word' id='word_1_25' title='bbox 1590 711 1667 779; x_wconf 90' lang='lat' dir='ltr'>binc</span> <span class='ocrx_word' id='word_1_26' title='bbox 1688 709 1765 778; x_wconf 91' lang='lat' dir='ltr'>iude</span> <span class='ocrx_word' id='word_1_27' title='bbox 1787 711 1822 777; x_wconf 92' lang='lat' dir='ltr'>in</span> <span class='ocrx_word' id='word_1_28' title='bbox 1841 710 2000 795; x_wconf 91' lang='lat' dir='ltr'>templum</span> <span class='ocrx_word' id='word_1_29' title='bbox 2023 709 2208 788; x_wconf 84' lang='lat' dir='ltr'>ascendent,</span> <span class='ocrx_word' id='word_1_30' title='bbox 2231 710 2283 793; x_wconf 90' lang='lat' dir='ltr'>qui</span> <span class='ocrx_word' id='word_1_31' title='bbox 2302 711 2368 778; x_wconf 84' lang='lat' dir='ltr'>offe·</span> 
     </span>
     <span class='ocr_line' id='line_1_4' title="bbox 392 796 2367 882; baseline -0.003 -12"><span class='ocrx_word' id='word_1_32' title='bbox 392 804 545 870; x_wconf 76' lang='lat' dir='ltr'>Veientur</span> <span class='ocrx_word' id='word_1_33' title='bbox 566 821 663 869; x_wconf 84' lang='lat' dir='ltr'>curru</span> <span class='ocrx_word' id='word_1_34' title='bbox 685 801 818 882; x_wconf 83' lang='lat' dir='ltr'>etoquia</span> <span class='ocrx_word' id='word_1_35' title='bbox 839 799 1010 882; x_wconf 79' lang='lat' dir='ltr'>ipsirepee</span> <span class='ocrx_word' id='word_1_36' title='bbox 1032 803 1220 880; x_wconf 82' lang='lat' dir='ltr'>etproeeree</span> <span class='ocrx_word' id='word_1_37' title='bbox 1241 817 1360 862; x_wconf 86' lang='lat' dir='ltr'>eorum:</span> <span class='ocrx_word' id='word_1_38' title='bbox 1414 805 1488 862; x_wconf 93' lang='lat' dir='ltr'>rent</span> <span class='ocrx_word' id='word_1_39' title='bbox 1510 798 1677 864; x_wconf 85' lang='lat' dir='ltr'>sacrificia.</span> <span class='ocrx_word' id='word_1_40' title='bbox 1721 797 1903 879; x_wconf 90' lang='lat' dir='ltr'>Postquam</span> <span class='ocrx_word' id='word_1_41' title='bbox 1929 796 2084 880; x_wconf 82' lang='lat' dir='ltr'>loquutus</span> <span class='ocrx_word' id='word_1_42' title='bbox 2106 805 2155 861; x_wconf 93' lang='lat' dir='ltr'>cst</span> <span class='ocrx_word' id='word_1_43' title='bbox 2176 797 2216 862; x_wconf 91' lang='lat' dir='ltr'>do</span> <span class='ocrx_word' id='word_1_44' title='bbox 2237 797 2367 878; x_wconf 87' lang='lat' dir='ltr'>circuitu,</span> 
     </span>
     <span class='ocr_line' id='line_1_5' title="bbox 386 881 2368 972; baseline -0.002 -18"><span class='ocrx_word' id='word_1_45' title='bbox 386 889 502 955; x_wconf 90' lang='lat' dir='ltr'>deinde</span> <span class='ocrx_word' id='word_1_46' title='bbox 532 888 700 972; x_wconf 84' lang='lat' dir='ltr'>adiungit,</span> <span class='ocrx_word' id='word_1_47' title='bbox 733 885 794 952; x_wconf 87' lang='lat' dir='ltr'>Vir</span> <span class='ocrx_word' id='word_1_48' title='bbox 822 883 976 950; x_wconf 81' lang='lat' dir='ltr'>Iebudab.</span> <span class='ocrx_word' id='word_1_49' title='bbox 1025 883 1187 950; x_wconf 80' lang='lat' dir='ltr'>Extendit</span> <span class='ocrx_word' id='word_1_50' title='bbox 1216 883 1358 950; x_wconf 83' lang='lat' dir='ltr'>fructum</span> <span class='ocrx_word' id='word_1_51' title='bbox 1414 883 1565 969; x_wconf 78' lang='lat' dir='ltr'>adiungit</span> <span class='ocrx_word' id='word_1_52' title='bbox 1600 887 1717 949; x_wconf 72' lang='lat' dir='ltr'>meram</span> <span class='ocrx_word' id='word_1_53' title='bbox 1749 883 1940 966; x_wconf 72' lang='lat' dir='ltr'><strong><em>Beniamin,</em></strong></span> <span class='ocrx_word' id='word_1_54' title='bbox 1976 881 2069 949; x_wconf 90' lang='lat' dir='ltr'>cuius</span> <span class='ocrx_word' id='word_1_55' title='bbox 2101 881 2233 948; x_wconf 88' lang='lat' dir='ltr'>dimidia</span> <span class='ocrx_word' id='word_1_56' title='bbox 2266 882 2368 962; x_wconf 90' lang='lat' dir='ltr'>tribus,</span> 
     </span>
     <span class='ocr_line' id='line_1_6' title="bbox 384 968 2368 1056; baseline -0.003 -14"><span class='ocrx_word' id='word_1_57' title='bbox 384 975 484 1042; x_wconf 87' lang='lat' dir='ltr'>buius</span> <span class='ocrx_word' id='word_1_58' title='bbox 513 973 739 1056; x_wconf 76' lang='lat' dir='ltr'>promissionis</span> <span class='ocrx_word' id='word_1_59' title='bbox 761 971 801 1038; x_wconf 89' lang='lat' dir='ltr'>ad</span> <span class='ocrx_word' id='word_1_60' title='bbox 825 981 928 1036; x_wconf 89' lang='lat' dir='ltr'>totum</span> <span class='ocrx_word' id='word_1_61' title='bbox 958 991 1091 1053; x_wconf 84' lang='lat' dir='ltr'>corpus:</span> <span class='ocrx_word' id='word_1_62' title='bbox 1125 979 1296 1055; x_wconf 78' lang='lat' dir='ltr'>postquam</span> <span class='ocrx_word' id='word_1_63' title='bbox 1319 969 1359 1034; x_wconf 95' lang='lat' dir='ltr'>de</span> <span class='ocrx_word' id='word_1_64' title='bbox 1413 968 1685 1052; x_wconf 91' lang='lat' dir='ltr'>quemadmodum</span> <span class='ocrx_word' id='word_1_65' title='bbox 1716 971 1796 1035; x_wconf 89' lang='lat' dir='ltr'>satis</span> <span class='ocrx_word' id='word_1_66' title='bbox 1821 979 1935 1034; x_wconf 87' lang='lat' dir='ltr'>notum</span> <span class='ocrx_word' id='word_1_67' title='bbox 1958 981 2016 1048; x_wconf 92' lang='lat' dir='ltr'>cst,</span> <span class='ocrx_word' id='word_1_68' title='bbox 2046 969 2233 1052; x_wconf 82' lang='lat' dir='ltr'>perstiterat</span> <span class='ocrx_word' id='word_1_69' title='bbox 2253 971 2286 1034; x_wconf 92' lang='lat' dir='ltr'>in</span> <span class='ocrx_word' id='word_1_70' title='bbox 2306 971 2368 1051; x_wconf 89' lang='lat' dir='ltr'>lide,</span> 
     </span>
     <span class='ocr_line' id='line_1_7' title="bbox 384 1053 2369 1146; baseline -0.002 -21"><span class='ocrx_word' id='word_1_71' title='bbox 384 1061 574 1146; x_wconf 89' lang='lat' dir='ltr'>proceribus</span> <span class='ocrx_word' id='word_1_72' title='bbox 595 1059 750 1142; x_wconf 77' lang='lat' dir='ltr'>loquutus</span> <span class='ocrx_word' id='word_1_73' title='bbox 769 1068 827 1136; x_wconf 90' lang='lat' dir='ltr'>cst,</span> <span class='ocrx_word' id='word_1_74' title='bbox 850 1056 945 1124; x_wconf 90' lang='lat' dir='ltr'>simul</span> <span class='ocrx_word' id='word_1_75' title='bbox 968 1055 1117 1140; x_wconf 82' lang='lat' dir='ltr'>adiungit</span> <span class='ocrx_word' id='word_1_76' title='bbox 1139 1055 1265 1141; x_wconf 89' lang='lat' dir='ltr'>plcbcm</span> <span class='ocrx_word' id='word_1_77' title='bbox 1284 1075 1361 1138; x_wconf 88' lang='lat' dir='ltr'>quo-</span> <span class='ocrx_word' id='word_1_78' title='bbox 1413 1075 1474 1121; x_wconf 92' lang='lat' dir='ltr'>nec</span> <span class='ocrx_word' id='word_1_79' title='bbox 1504 1056 1688 1122; x_wconf 85' lang='lat' dir='ltr'>desciverat</span> <span class='ocrx_word' id='word_1_80' title='bbox 1715 1079 1735 1121; x_wconf 93' lang='lat' dir='ltr'>a</span> <span class='ocrx_word' id='word_1_81' title='bbox 1763 1055 1889 1120; x_wconf 87' lang='lat' dir='ltr'>familia</span> <span class='ocrx_word' id='word_1_82' title='bbox 1910 1053 2065 1121; x_wconf 82' lang='lat' dir='ltr'>Davidis:</span> <span class='ocrx_word' id='word_1_83' title='bbox 2094 1055 2161 1120; x_wconf 91' lang='lat' dir='ltr'>imo</span> <span class='ocrx_word' id='word_1_84' title='bbox 2192 1075 2264 1138; x_wconf 87' lang='lat' dir='ltr'>pare</span> <span class='ocrx_word' id='word_1_85' title='bbox 2291 1055 2369 1122; x_wconf 89' lang='lat' dir='ltr'>urbis</span> 
     </span>
     <span class='ocr_line' id='line_1_8' title="bbox 384 1141 2369 1230; baseline -0.004 -17"><span class='ocrx_word' id='word_1_86' title='bbox 384 1168 447 1230; x_wconf 90' lang='lat' dir='ltr'>que</span> <span class='ocrx_word' id='word_1_87' title='bbox 470 1148 539 1212; x_wconf 85' lang='lat' dir='ltr'>lore</span> <span class='ocrx_word' id='word_1_88' title='bbox 560 1147 681 1212; x_wconf 89' lang='lat' dir='ltr'>sociam</span> <span class='ocrx_word' id='word_1_89' title='bbox 704 1143 803 1210; x_wconf 76' lang='lat' dir='ltr'>hunius</span> <span class='ocrx_word' id='word_1_90' title='bbox 825 1142 1069 1221; x_wconf 87' lang='lat' dir='ltr'>benedictionis,</span> <span class='ocrx_word' id='word_1_91' title='bbox 1093 1146 1127 1207; x_wconf 88' lang='lat' dir='ltr'>et</span> <span class='ocrx_word' id='word_1_92' title='bbox 1144 1142 1269 1226; x_wconf 81' lang='lat' dir='ltr'>gratiae</span> <span class='ocrx_word' id='word_1_93' title='bbox 1286 1142 1359 1208; x_wconf 88' lang='lat' dir='ltr'>Dei.</span> <span class='ocrx_word' id='word_1_94' title='bbox 1414 1142 1477 1206; x_wconf 84' lang='lat' dir='ltr'>sita</span> <span class='ocrx_word' id='word_1_95' title='bbox 1506 1150 1577 1208; x_wconf 89' lang='lat' dir='ltr'>erat</span> <span class='ocrx_word' id='word_1_96' title='bbox 1598 1142 1632 1206; x_wconf 92' lang='lat' dir='ltr'>in</span> <span class='ocrx_word' id='word_1_97' title='bbox 1656 1142 1742 1208; x_wconf 85' lang='lat' dir='ltr'>tribu</span> <span class='ocrx_word' id='word_1_98' title='bbox 1766 1142 1951 1207; x_wconf 90' lang='lat' dir='ltr'>Beniamin.</span> <span class='ocrx_word' id='word_1_99' title='bbox 1995 1141 2115 1206; x_wconf 87' lang='lat' dir='ltr'>Postea</span> <span class='ocrx_word' id='word_1_100' title='bbox 2140 1141 2286 1224; x_wconf 84' lang='lat' dir='ltr'>adiungit</span> <span class='ocrx_word' id='word_1_101' title='bbox 2307 1143 2369 1226; x_wconf 82' lang='lat' dir='ltr'>plo-</span> 
     </span>
     <span class='ocr_line' id='line_1_9' title="bbox 384 1227 2369 1318; baseline -0.002 -19"><span class='ocrx_word' id='word_1_102' title='bbox 384 1233 540 1318; x_wconf 80' lang='lat' dir='ltr'>chuum</span> <span class='ocrx_word' id='word_1_103' title='bbox 564 1231 650 1296; x_wconf 92' lang='lat' dir='ltr'>enim</span> <span class='ocrx_word' id='word_1_104' title='bbox 673 1229 744 1296; x_wconf 90' lang='lat' dir='ltr'>idco</span> <span class='ocrx_word' id='word_1_105' title='bbox 767 1245 911 1296; x_wconf 88' lang='lat' dir='ltr'>ereetum</span> <span class='ocrx_word' id='word_1_106' title='bbox 935 1239 1014 1307; x_wconf 90' lang='lat' dir='ltr'>erat,</span> <span class='ocrx_word' id='word_1_107' title='bbox 1044 1237 1082 1292; x_wconf 94' lang='lat' dir='ltr'>ut</span> <span class='ocrx_word' id='word_1_108' title='bbox 1104 1239 1192 1294; x_wconf 88' lang='lat' dir='ltr'>totus</span> <span class='ocrx_word' id='word_1_109' title='bbox 1220 1227 1360 1312; x_wconf 91' lang='lat' dir='ltr'>populus</span> <span class='ocrx_word' id='word_1_110' title='bbox 1413 1229 1523 1293; x_wconf 87' lang='lat' dir='ltr'>nitiem</span> <span class='ocrx_word' id='word_1_111' title='bbox 1550 1232 1579 1294; x_wconf 85' lang='lat' dir='ltr'>et</span> <span class='ocrx_word' id='word_1_112' title='bbox 1604 1232 1736 1294; x_wconf 81' lang='lat' dir='ltr'>montes:</span> <span class='ocrx_word' id='word_1_113' title='bbox 1768 1228 1861 1310; x_wconf 91' lang='lat' dir='ltr'>quasi</span> <span class='ocrx_word' id='word_1_114' title='bbox 1890 1227 2012 1294; x_wconf 90' lang='lat' dir='ltr'>diceret</span> <span class='ocrx_word' id='word_1_115' title='bbox 2045 1247 2085 1292; x_wconf 83' lang='lat' dir='ltr'>ex</span> <span class='ocrx_word' id='word_1_116' title='bbox 2113 1230 2182 1292; x_wconf 88' lang='lat' dir='ltr'>tote</span> <span class='ocrx_word' id='word_1_117' title='bbox 2204 1229 2306 1294; x_wconf 84' lang='lat' dir='ltr'>vicina</span> <span class='ocrx_word' id='word_1_118' title='bbox 2326 1251 2369 1295; x_wconf 89' lang='lat' dir='ltr'>re·</span> 
     </span>
     <span class='ocr_line' id='line_1_10' title="bbox 386 1312 2370 1403; baseline -0.003 -18"><span class='ocrx_word' id='word_1_119' title='bbox 386 1328 596 1403; x_wconf 82' lang='lat' dir='ltr'>cognosceret</span> <span class='ocrx_word' id='word_1_120' title='bbox 617 1337 651 1382; x_wconf 93' lang='lat' dir='ltr'>se</span> <span class='ocrx_word' id='word_1_121' title='bbox 675 1337 770 1402; x_wconf 83' lang='lat' dir='ltr'>agere</span> <span class='ocrx_word' id='word_1_122' title='bbox 793 1315 853 1382; x_wconf 93' lang='lat' dir='ltr'>sub</span> <span class='ocrx_word' id='word_1_123' title='bbox 874 1315 949 1394; x_wconf 88' lang='lat' dir='ltr'>fide,</span> <span class='ocrx_word' id='word_1_124' title='bbox 973 1325 1005 1380; x_wconf 89' lang='lat' dir='ltr'>ct</span> <span class='ocrx_word' id='word_1_125' title='bbox 1027 1315 1130 1380; x_wconf 89' lang='lat' dir='ltr'>tutela</span> <span class='ocrx_word' id='word_1_126' title='bbox 1153 1312 1226 1379; x_wconf 78' lang='lat' dir='ltr'>Dei,</span> <span class='ocrx_word' id='word_1_127' title='bbox 1269 1313 1359 1396; x_wconf 80' lang='lat' dir='ltr'>Ergo</span> <span class='ocrx_word' id='word_1_128' title='bbox 1413 1315 1511 1398; x_wconf 76' lang='lat' dir='ltr'>gione</span> <span class='ocrx_word' id='word_1_129' title='bbox 1540 1313 1681 1380; x_wconf 88' lang='lat' dir='ltr'>cultores</span> <span class='ocrx_word' id='word_1_130' title='bbox 1703 1313 1768 1380; x_wconf 93' lang='lat' dir='ltr'>Dei</span> <span class='ocrx_word' id='word_1_131' title='bbox 1790 1321 1958 1392; x_wconf 84' lang='lat' dir='ltr'>venturos,</span> <span class='ocrx_word' id='word_1_132' title='bbox 1988 1313 2044 1397; x_wconf 93' lang='lat' dir='ltr'>qui</span> <span class='ocrx_word' id='word_1_133' title='bbox 2075 1312 2144 1379; x_wconf 88' lang='lat' dir='ltr'>dios</span> <span class='ocrx_word' id='word_1_134' title='bbox 2173 1313 2271 1380; x_wconf 81' lang='lat' dir='ltr'>festos</span> <span class='ocrx_word' id='word_1_135' title='bbox 2298 1316 2370 1381; x_wconf 89' lang='lat' dir='ltr'>cele·</span> 
     </span>
     <span class='ocr_line' id='line_1_11' title="bbox 384 1398 2370 1486; baseline -0.003 -15"><span class='ocrx_word' id='word_1_136' title='bbox 384 1426 453 1471; x_wconf 90' lang='lat' dir='ltr'>non</span> <span class='ocrx_word' id='word_1_137' title='bbox 476 1402 534 1470; x_wconf 89' lang='lat' dir='ltr'>abs</span> <span class='ocrx_word' id='word_1_138' title='bbox 557 1425 591 1469; x_wconf 89' lang='lat' dir='ltr'>re</span> <span class='ocrx_word' id='word_1_139' title='bbox 614 1403 771 1469; x_wconf 88' lang='lat' dir='ltr'>Ieremias</span> <span class='ocrx_word' id='word_1_140' title='bbox 792 1401 846 1467; x_wconf 91' lang='lat' dir='ltr'>hic</span> <span class='ocrx_word' id='word_1_141' title='bbox 869 1402 1032 1486; x_wconf 84' lang='lat' dir='ltr'>significat</span> <span class='ocrx_word' id='word_1_142' title='bbox 1059 1421 1265 1466; x_wconf 90' lang='lat' dir='ltr'>communem</span> <span class='ocrx_word' id='word_1_143' title='bbox 1289 1399 1359 1465; x_wconf 89' lang='lat' dir='ltr'>fore</span> <span class='ocrx_word' id='word_1_144' title='bbox 1413 1399 1523 1480; x_wconf 89' lang='lat' dir='ltr'>brent,</span> <span class='ocrx_word' id='word_1_145' title='bbox 1561 1410 1594 1466; x_wconf 90' lang='lat' dir='ltr'>ct</span> <span class='ocrx_word' id='word_1_146' title='bbox 1626 1401 1768 1465; x_wconf 87' lang='lat' dir='ltr'>offerant</span> <span class='ocrx_word' id='word_1_147' title='bbox 1800 1398 1960 1466; x_wconf 90' lang='lat' dir='ltr'>sacrificia</span> <span class='ocrx_word' id='word_1_148' title='bbox 1992 1420 2052 1482; x_wconf 96' lang='lat' dir='ltr'>pro</span> <span class='ocrx_word' id='word_1_149' title='bbox 2085 1419 2183 1466; x_wconf 91' lang='lat' dir='ltr'>more.</span> <span class='ocrx_word' id='word_1_150' title='bbox 2239 1399 2370 1466; x_wconf 77' lang='lat' dir='ltr'>Pandam</span> 
     </span>
     <span class='ocr_line' id='line_1_12' title="bbox 385 1484 2373 1571; baseline -0.002 -15"><span class='ocrx_word' id='word_1_151' title='bbox 385 1490 470 1558; x_wconf 92' lang='lat' dir='ltr'>banc</span> <span class='ocrx_word' id='word_1_152' title='bbox 492 1488 728 1556; x_wconf 91' lang='lat' dir='ltr'>beatitudinem</span> <span class='ocrx_word' id='word_1_153' title='bbox 752 1489 811 1553; x_wconf 89' lang='lat' dir='ltr'>toti</span> <span class='ocrx_word' id='word_1_154' title='bbox 836 1487 964 1571; x_wconf 92' lang='lat' dir='ltr'>populo.</span> <span class='ocrx_word' id='word_1_155' title='bbox 1009 1487 1053 1552; x_wconf 78' lang='lat' dir='ltr'>Er</span> <span class='ocrx_word' id='word_1_156' title='bbox 1079 1485 1278 1567; x_wconf 74' lang='lat' dir='ltr'>habitabitur,</span> <span class='ocrx_word' id='word_1_157' title='bbox 1309 1487 1359 1550; x_wconf 90' lang='lat' dir='ltr'>in·</span> <span class='ocrx_word' id='word_1_158' title='bbox 1413 1485 1566 1571; x_wconf 81' lang='lat' dir='ltr'>adiungit</span> <span class='ocrx_word' id='word_1_159' title='bbox 1587 1486 1741 1563; x_wconf 88' lang='lat' dir='ltr'>medium,</span> <span class='ocrx_word' id='word_1_160' title='bbox 1772 1486 1865 1569; x_wconf 87' lang='lat' dir='ltr'>ponit</span> <span class='ocrx_word' id='word_1_161' title='bbox 1889 1484 2109 1565; x_wconf 75' lang='lat' dir='ltr'>holacaustum,</span> <span class='ocrx_word' id='word_1_162' title='bbox 2136 1485 2373 1570; x_wconf 75' lang='lat' dir='ltr'>sacrifitiumet</span> 
     </span>
     <span class='ocr_line' id='line_1_13' title="bbox 386 1571 2372 1672; baseline -0.002 -30"><span class='ocrx_word' id='word_1_163' title='bbox 386 1578 466 1660; x_wconf 91' lang='lat' dir='ltr'>quit,</span> <span class='ocrx_word' id='word_1_164' title='bbox 495 1576 569 1643; x_wconf 82' lang='lat' dir='ltr'>baec</span> <span class='ocrx_word' id='word_1_165' title='bbox 597 1573 673 1640; x_wconf 86' lang='lat' dir='ltr'>urbe</span> <span class='ocrx_word' id='word_1_166' title='bbox 695 1575 730 1639; x_wconf 88' lang='lat' dir='ltr'>in</span> <span class='ocrx_word' id='word_1_167' title='bbox 756 1579 949 1656; x_wconf 80' lang='lat' dir='ltr'>perpetuum.</span> <span class='ocrx_word' id='word_1_168' title='bbox 995 1572 1119 1638; x_wconf 81' lang='lat' dir='ltr'>Eadem</span> <span class='ocrx_word' id='word_1_169' title='bbox 1150 1572 1276 1672; x_wconf 78' lang='lat' dir='ltr'>ratione</span> <span class='ocrx_word' id='word_1_170' title='bbox 1298 1573 1359 1636; x_wconf 86' lang='lat' dir='ltr'>hoo</span> <span class='ocrx_word' id='word_1_171' title='bbox 1413 1585 1514 1652; x_wconf 72' lang='lat' dir='ltr'>mma,</span> <span class='ocrx_word' id='word_1_172' title='bbox 1553 1592 1638 1672; x_wconf 82' lang='lat' dir='ltr'>quae</span> <span class='ocrx_word' id='word_1_173' title='bbox 1672 1582 1739 1638; x_wconf 88' lang='lat' dir='ltr'>tres</span> <span class='ocrx_word' id='word_1_174' title='bbox 1771 1583 1866 1672; x_wconf 79' lang='lat' dir='ltr'>crant</span> <span class='ocrx_word' id='word_1_175' title='bbox 1898 1571 2089 1671; x_wconf 88' lang='lat' dir='ltr'>praecipuae</span> <span class='ocrx_word' id='word_1_176' title='bbox 2125 1572 2257 1654; x_wconf 89' lang='lat' dir='ltr'>species.</span> <span class='ocrx_word' id='word_1_177' title='bbox 2314 1572 2372 1639; x_wconf 78' lang='lat' dir='ltr'>sod</span> 
     </span>
     <span class='ocr_line' id='line_1_14' title="bbox 384 1655 2373 1829; baseline -0.002 -14"><span class='ocrx_word' id='word_1_178' title='bbox 384 1658 1359 1829; x_wconf 59' lang='lat' dir='ltr'>tilllmllltl·,lettittllttllttttlttttlt</span> <span class='ocrx_word' id='word_1_179' title='bbox 1413 1655 2373 1828; x_wconf 51' lang='lat' dir='ltr'>&#39;ttltttl,ittttllttttlttpltslttttltlt</span> 
     </span>
     <span class='ocr_line' id='line_1_15' title="bbox 384 1766 2372 1917; baseline -0.002 -17"><span class='ocrx_word' id='word_1_180' title='bbox 384 1846 417 1900; x_wconf 92' lang='lat' dir='ltr'>et</span> <span class='ocrx_word' id='word_1_181' title='bbox 439 1834 528 1899; x_wconf 93' lang='lat' dir='ltr'>omni</span> <span class='ocrx_word' id='word_1_182' title='bbox 550 1854 590 1900; x_wconf 85' lang='lat' dir='ltr'>ex</span> <span class='ocrx_word' id='word_1_183' title='bbox 613 1844 706 1917; x_wconf 89' lang='lat' dir='ltr'>parte</span> <span class='ocrx_word' id='word_1_184' title='bbox 735 1840 807 1898; x_wconf 90' lang='lat' dir='ltr'>erat</span> <span class='ocrx_word' id='word_1_185' title='bbox 833 1830 999 1897; x_wconf 92' lang='lat' dir='ltr'>horribilis</span> <span class='ocrx_word' id='word_1_186' title='bbox 1021 1832 1173 1897; x_wconf 82' lang='lat' dir='ltr'>vastitas:</span> <span class='ocrx_word' id='word_1_187' title='bbox 1206 1831 1358 1914; x_wconf 91' lang='lat' dir='ltr'>quoniam</span> <span class='ocrx_word' id='word_1_188' title='bbox 1414 1829 1492 1896; x_wconf 92' lang='lat' dir='ltr'>dum</span> <span class='ocrx_word' id='word_1_189' title='bbox 1524 1842 1609 1896; x_wconf 91' lang='lat' dir='ltr'>ante.</span> <span class='ocrx_word' id='word_1_190' title='bbox 1662 1766 1837 1897; x_wconf 63' lang='lat' dir='ltr'>(iacturum</span> <span class='ocrx_word' id='word_1_191' title='bbox 1871 1841 2041 1912; x_wconf 91' lang='lat' dir='ltr'>postquam</span> <span class='ocrx_word' id='word_1_192' title='bbox 2075 1829 2231 1913; x_wconf 83' lang='lat' dir='ltr'>loquutus</span> <span class='ocrx_word' id='word_1_193' title='bbox 2263 1841 2310 1898; x_wconf 92' lang='lat' dir='ltr'>est</span> <span class='ocrx_word' id='word_1_194' title='bbox 2338 1831 2372 1897; x_wconf 89' lang='lat' dir='ltr'>de</span> 
     </span>
     <span class='ocr_line' id='line_1_16' title="bbox 383 1915 2374 2001; baseline -0.002 -16"><span class='ocrx_word' id='word_1_195' title='bbox 383 1919 498 1987; x_wconf 91' lang='lat' dir='ltr'>multis</span> <span class='ocrx_word' id='word_1_196' title='bbox 520 1919 667 1987; x_wconf 78' lang='lat' dir='ltr'>cladibus</span> <span class='ocrx_word' id='word_1_197' title='bbox 689 1919 798 1984; x_wconf 86' lang='lat' dir='ltr'>fuerat</span> <span class='ocrx_word' id='word_1_198' title='bbox 819 1920 934 1982; x_wconf 89' lang='lat' dir='ltr'>attrita</span> <span class='ocrx_word' id='word_1_199' title='bbox 953 1928 1019 1982; x_wconf 88' lang='lat' dir='ltr'>totu</span> <span class='ocrx_word' id='word_1_200' title='bbox 1038 1918 1136 2001; x_wconf 81' lang='lat' dir='ltr'>regio.</span> <span class='ocrx_word' id='word_1_201' title='bbox 1167 1917 1263 1982; x_wconf 90' lang='lat' dir='ltr'>Nunc</span> <span class='ocrx_word' id='word_1_202' title='bbox 1281 1935 1359 2000; x_wconf 81' lang='lat' dir='ltr'>crgo</span> <span class='ocrx_word' id='word_1_203' title='bbox 1413 1928 1550 1982; x_wconf 86' lang='lat' dir='ltr'>externo</span> <span class='ocrx_word' id='word_1_204' title='bbox 1567 1915 1667 1994; x_wconf 89' lang='lat' dir='ltr'>cultu,</span> <span class='ocrx_word' id='word_1_205' title='bbox 1686 1918 1786 1982; x_wconf 89' lang='lat' dir='ltr'>finem</span> <span class='ocrx_word' id='word_1_206' title='bbox 1805 1915 1903 1982; x_wconf 90' lang='lat' dir='ltr'>simul</span> <span class='ocrx_word' id='word_1_207' title='bbox 1921 1915 2080 2000; x_wconf 76' lang='lat' dir='ltr'>designat,</span> <span class='ocrx_word' id='word_1_208' title='bbox 2102 1916 2253 1999; x_wconf 78' lang='lat' dir='ltr'>Afferertt,</span> <span class='ocrx_word' id='word_1_209' title='bbox 2273 1917 2374 2000; x_wconf 85' lang='lat' dir='ltr'>inquit,</span> 
     </span>
     <span class='ocr_line' id='line_1_17' title="bbox 383 2001 2375 2090; baseline -0.002 -18"><span class='ocrx_word' id='word_1_210' title='bbox 383 2006 541 2072; x_wconf 89' lang='lat' dir='ltr'>Ieremias</span> <span class='ocrx_word' id='word_1_211' title='bbox 568 2005 728 2090; x_wconf 88' lang='lat' dir='ltr'>promittit</span> <span class='ocrx_word' id='word_1_212' title='bbox 755 2003 840 2088; x_wconf 90' lang='lat' dir='ltr'>quod</span> <span class='ocrx_word' id='word_1_213' title='bbox 864 2014 935 2069; x_wconf 89' lang='lat' dir='ltr'>crat</span> <span class='ocrx_word' id='word_1_214' title='bbox 957 2002 1193 2087; x_wconf 89' lang='lat' dir='ltr'>quodammodo</span> <span class='ocrx_word' id='word_1_215' title='bbox 1220 2002 1359 2067; x_wconf 88' lang='lat' dir='ltr'>incredi·</span> <span class='ocrx_word' id='word_1_216' title='bbox 1413 2002 1644 2086; x_wconf 70' lang='lat' dir='ltr'>confestim,</span> <span class='ocrx_word' id='word_1_217' title='bbox 1674 2004 1725 2068; x_wconf 89' lang='lat' dir='ltr'>vel</span> <span class='ocrx_word' id='word_1_218' title='bbox 1748 2001 1893 2080; x_wconf 91' lang='lat' dir='ltr'>laudem,</span> <span class='ocrx_word' id='word_1_219' title='bbox 1923 2015 2020 2082; x_wconf 65' lang='lat' dir='ltr'>nult,</span> <span class='ocrx_word' id='word_1_220' title='bbox 2050 2003 2084 2067; x_wconf 90' lang='lat' dir='ltr'>in</span> <span class='ocrx_word' id='word_1_221' title='bbox 2107 2001 2278 2085; x_wconf 90' lang='lat' dir='ltr'>templum.</span> <span class='ocrx_word' id='word_1_222' title='bbox 2318 2003 2375 2068; x_wconf 88' lang='lat' dir='ltr'>Hie</span> 
     </span>
     <span class='ocr_line' id='line_1_18' title="bbox 384 2087 2374 2172; baseline -0.002 -14"><span class='ocrx_word' id='word_1_223' title='bbox 384 2093 459 2170; x_wconf 88' lang='lat' dir='ltr'>bile,</span> <span class='ocrx_word' id='word_1_224' title='bbox 483 2093 597 2158; x_wconf 89' lang='lat' dir='ltr'>urbem</span> <span class='ocrx_word' id='word_1_225' title='bbox 616 2092 683 2157; x_wconf 86' lang='lat' dir='ltr'>lora</span> <span class='ocrx_word' id='word_1_226' title='bbox 701 2089 836 2170; x_wconf 86' lang='lat' dir='ltr'>salvam,</span> <span class='ocrx_word' id='word_1_227' title='bbox 859 2091 887 2156; x_wconf 91' lang='lat' dir='ltr'>si</span> <span class='ocrx_word' id='word_1_228' title='bbox 905 2110 982 2156; x_wconf 87' lang='lat' dir='ltr'>uere</span> <span class='ocrx_word' id='word_1_229' title='bbox 1000 2100 1033 2155; x_wconf 91' lang='lat' dir='ltr'>et</span> <span class='ocrx_word' id='word_1_230' title='bbox 1050 2089 1103 2171; x_wconf 92' lang='lat' dir='ltr'>pie</span> <span class='ocrx_word' id='word_1_231' title='bbox 1121 2087 1359 2166; x_wconf 88' lang='lat' dir='ltr'>colantDeum,</span> <span class='ocrx_word' id='word_1_232' title='bbox 1413 2110 1480 2154; x_wconf 90' lang='lat' dir='ltr'>una</span> <span class='ocrx_word' id='word_1_233' title='bbox 1514 2108 1591 2154; x_wconf 88' lang='lat' dir='ltr'>voce</span> <span class='ocrx_word' id='word_1_234' title='bbox 1627 2089 1855 2172; x_wconf 89' lang='lat' dir='ltr'>complectitur</span> <span class='ocrx_word' id='word_1_235' title='bbox 1890 2088 2047 2154; x_wconf 81' lang='lat' dir='ltr'>Ieremias</span> <span class='ocrx_word' id='word_1_236' title='bbox 2085 2088 2170 2172; x_wconf 91' lang='lat' dir='ltr'>quod</span> <span class='ocrx_word' id='word_1_237' title='bbox 2208 2090 2374 2154; x_wconf 82' lang='lat' dir='ltr'>marimum</span> 
     </span>
     <span class='ocr_line' id='line_1_19' title="bbox 384 2173 2375 2263; baseline -0.003 -19"><span class='ocrx_word' id='word_1_238' title='bbox 384 2178 482 2263; x_wconf 89' lang='lat' dir='ltr'>idque</span> <span class='ocrx_word' id='word_1_239' title='bbox 505 2183 668 2244; x_wconf 86' lang='lat' dir='ltr'>testentur</span> <span class='ocrx_word' id='word_1_240' title='bbox 693 2175 922 2243; x_wconf 83' lang='lat' dir='ltr'>observatione</span> <span class='ocrx_word' id='word_1_241' title='bbox 949 2175 1085 2242; x_wconf 86' lang='lat' dir='ltr'>sabbati.</span> <span class='ocrx_word' id='word_1_242' title='bbox 1131 2173 1270 2241; x_wconf 84' lang='lat' dir='ltr'>Summa</span> <span class='ocrx_word' id='word_1_243' title='bbox 1299 2183 1361 2256; x_wconf 91' lang='lat' dir='ltr'>est,</span> <span class='ocrx_word' id='word_1_244' title='bbox 1414 2184 1486 2240; x_wconf 88' lang='lat' dir='ltr'>erat</span> <span class='ocrx_word' id='word_1_245' title='bbox 1514 2174 1550 2240; x_wconf 92' lang='lat' dir='ltr'>in</span> <span class='ocrx_word' id='word_1_246' title='bbox 1577 2175 1760 2252; x_wconf 89' lang='lat' dir='ltr'>sacrificiis,</span> <span class='ocrx_word' id='word_1_247' title='bbox 1793 2173 2068 2258; x_wconf 90' lang='lat' dir='ltr'>quemadmodum</span> <span class='ocrx_word' id='word_1_248' title='bbox 2099 2175 2197 2240; x_wconf 90' lang='lat' dir='ltr'>etiam</span> <span class='ocrx_word' id='word_1_249' title='bbox 2226 2175 2375 2259; x_wconf 82' lang='lat' dir='ltr'>colligitur</span> 
     </span>
     <span class='ocr_line' id='line_1_20' title="bbox 385 2258 2376 2348; baseline -0.002 -19"><span class='ocrx_word' id='word_1_250' title='bbox 385 2285 514 2348; x_wconf 87' lang='lat' dir='ltr'>percos</span> <span class='ocrx_word' id='word_1_251' title='bbox 530 2272 627 2343; x_wconf 87' lang='lat' dir='ltr'>stare,</span> <span class='ocrx_word' id='word_1_252' title='bbox 646 2264 819 2347; x_wconf 88' lang='lat' dir='ltr'>quominus</span> <span class='ocrx_word' id='word_1_253' title='bbox 838 2263 1050 2345; x_wconf 83' lang='lat' dir='ltr'>experiantur</span> <span class='ocrx_word' id='word_1_254' title='bbox 1070 2261 1149 2327; x_wconf 91' lang='lat' dir='ltr'>satis</span> <span class='ocrx_word' id='word_1_255' title='bbox 1167 2261 1228 2327; x_wconf 90' lang='lat' dir='ltr'>sibi</span> <span class='ocrx_word' id='word_1_256' title='bbox 1246 2261 1359 2326; x_wconf 83' lang='lat' dir='ltr'>auxilii</span> <span class='ocrx_word' id='word_1_257' title='bbox 1414 2281 1456 2326; x_wconf 81' lang='lat' dir='ltr'>ex</span> <span class='ocrx_word' id='word_1_258' title='bbox 1480 2260 1613 2327; x_wconf 78' lang='lat' dir='ltr'>Psalmo</span> <span class='ocrx_word' id='word_1_259' title='bbox 1635 2260 1678 2326; x_wconf 85' lang='lat'>50</span> <span class='ocrx_word' id='word_1_260' title='bbox 1708 2259 1752 2347; x_wconf 80' lang='lat' dir='ltr'>(a.</span> <span class='ocrx_word' id='word_1_261' title='bbox 1778 2261 1847 2341; x_wconf 88' lang='lat'>14),</span> <span class='ocrx_word' id='word_1_262' title='bbox 1881 2260 1936 2326; x_wconf 91' lang='lat' dir='ltr'>ubi</span> <span class='ocrx_word' id='word_1_263' title='bbox 1967 2258 2095 2338; x_wconf 88' lang='lat' dir='ltr'>dicitur,</span> <span class='ocrx_word' id='word_1_264' title='bbox 2130 2259 2286 2327; x_wconf 82' lang='lat' dir='ltr'>Sacrifica</span> <span class='ocrx_word' id='word_1_265' title='bbox 2313 2259 2376 2325; x_wconf 91' lang='lat' dir='ltr'>Dec</span> 
     </span>
     <span class='ocr_line' id='line_1_21' title="bbox 384 2345 2375 2433; baseline -0.002 -18"><span class='ocrx_word' id='word_1_266' title='bbox 384 2352 419 2415; x_wconf 95' lang='lat' dir='ltr'>in</span> <span class='ocrx_word' id='word_1_267' title='bbox 439 2351 518 2429; x_wconf 89' lang='lat' dir='ltr'>Deo,</span> <span class='ocrx_word' id='word_1_268' title='bbox 543 2351 620 2433; x_wconf 88' lang='lat' dir='ltr'>quia</span> <span class='ocrx_word' id='word_1_269' title='bbox 641 2353 740 2415; x_wconf 88' lang='lat' dir='ltr'>etiam</span> <span class='ocrx_word' id='word_1_270' title='bbox 763 2349 790 2415; x_wconf 87' lang='lat' dir='ltr'>si</span> <span class='ocrx_word' id='word_1_271' title='bbox 809 2349 952 2432; x_wconf 91' lang='lat' dir='ltr'>undiquc</span> <span class='ocrx_word' id='word_1_272' title='bbox 974 2347 1185 2414; x_wconf 81' lang='lat' dir='ltr'>obsideantur</span> <span class='ocrx_word' id='word_1_273' title='bbox 1202 2347 1241 2412; x_wconf 90' lang='lat' dir='ltr'>ab</span> <span class='ocrx_word' id='word_1_274' title='bbox 1260 2349 1360 2413; x_wconf 89' lang='lat' dir='ltr'>boeti·</span> <span class='ocrx_word' id='word_1_275' title='bbox 1414 2347 1557 2413; x_wconf 89' lang='lat' dir='ltr'>laudem.</span> <span class='ocrx_word' id='word_1_276' title='bbox 1603 2346 1693 2412; x_wconf 84' lang='lat' dir='ltr'>Deus</span> <span class='ocrx_word' id='word_1_277' title='bbox 1715 2346 1783 2412; x_wconf 89' lang='lat' dir='ltr'>illic</span> <span class='ocrx_word' id='word_1_278' title='bbox 1803 2347 1954 2430; x_wconf 89' lang='lat' dir='ltr'>repudiat</span> <span class='ocrx_word' id='word_1_279' title='bbox 1976 2345 2144 2423; x_wconf 87' lang='lat' dir='ltr'>sacrificia,</span> <span class='ocrx_word' id='word_1_280' title='bbox 2168 2366 2251 2429; x_wconf 89' lang='lat' dir='ltr'>quae</span> <span class='ocrx_word' id='word_1_281' title='bbox 2272 2347 2375 2412; x_wconf 85' lang='lat' dir='ltr'>offere·</span> 
     </span>
     <span class='ocr_line' id='line_1_22' title="bbox 385 2431 2377 2516; baseline -0.003 -13"><span class='ocrx_word' id='word_1_282' title='bbox 385 2436 456 2512; x_wconf 92' lang='lat' dir='ltr'>bus,</span> <span class='ocrx_word' id='word_1_283' title='bbox 487 2443 598 2501; x_wconf 92' lang='lat' dir='ltr'>tamen</span> <span class='ocrx_word' id='word_1_284' title='bbox 622 2436 729 2502; x_wconf 90' lang='lat' dir='ltr'>Deum</span> <span class='ocrx_word' id='word_1_285' title='bbox 753 2435 819 2500; x_wconf 89' lang='lat' dir='ltr'>illis</span> <span class='ocrx_word' id='word_1_286' title='bbox 848 2435 916 2500; x_wconf 81' lang='lat' dir='ltr'>sore</span> <span class='ocrx_word' id='word_1_287' title='bbox 943 2443 1067 2500; x_wconf 91' lang='lat' dir='ltr'>certum</span> <span class='ocrx_word' id='word_1_288' title='bbox 1098 2433 1279 2516; x_wconf 87' lang='lat' dir='ltr'>praesidem</span> <span class='ocrx_word' id='word_1_289' title='bbox 1309 2453 1359 2498; x_wconf 88' lang='lat' dir='ltr'>sa·</span> <span class='ocrx_word' id='word_1_290' title='bbox 1414 2434 1536 2498; x_wconf 91' lang='lat' dir='ltr'>bantur</span> <span class='ocrx_word' id='word_1_291' title='bbox 1553 2452 1573 2498; x_wconf 91' lang='lat' dir='ltr'>a</span> <span class='ocrx_word' id='word_1_292' title='bbox 1590 2431 1720 2498; x_wconf 90' lang='lat' dir='ltr'>Iudaeis</span> <span class='ocrx_word' id='word_1_293' title='bbox 1743 2433 1813 2500; x_wconf 89' lang='lat' dir='ltr'>sinc</span> <span class='ocrx_word' id='word_1_294' title='bbox 1830 2441 1919 2498; x_wconf 90' lang='lat' dir='ltr'>recto</span> <span class='ocrx_word' id='word_1_295' title='bbox 1942 2433 2072 2499; x_wconf 83' lang='lat' dir='ltr'>affectu.</span> <span class='ocrx_word' id='word_1_296' title='bbox 2103 2432 2225 2498; x_wconf 87' lang='lat' dir='ltr'>Postea</span> <span class='ocrx_word' id='word_1_297' title='bbox 2247 2433 2377 2500; x_wconf 86' lang='lat' dir='ltr'>ostendit</span> 
     </span>
     <span class='ocr_line' id='line_1_23' title="bbox 385 2517 2376 2604; baseline -0.001 -18"><span class='ocrx_word' id='word_1_298' title='bbox 385 2520 477 2602; x_wconf 87' lang='lat' dir='ltr'>lutis,</span> <span class='ocrx_word' id='word_1_299' title='bbox 512 2520 540 2586; x_wconf 92' lang='lat' dir='ltr'>si</span> <span class='ocrx_word' id='word_1_300' title='bbox 569 2522 635 2588; x_wconf 91' lang='lat' dir='ltr'>sint</span> <span class='ocrx_word' id='word_1_301' title='bbox 662 2521 734 2588; x_wconf 83' lang='lat' dir='ltr'>veri</span> <span class='ocrx_word' id='word_1_302' title='bbox 768 2532 801 2586; x_wconf 91' lang='lat' dir='ltr'>et</span> <span class='ocrx_word' id='word_1_303' title='bbox 828 2521 903 2604; x_wconf 90' lang='lat' dir='ltr'>puri</span> <span class='ocrx_word' id='word_1_304' title='bbox 938 2519 1008 2586; x_wconf 90' lang='lat' dir='ltr'>eius</span> <span class='ocrx_word' id='word_1_305' title='bbox 1040 2519 1189 2586; x_wconf 87' lang='lat' dir='ltr'>cultores.</span> <span class='ocrx_word' id='word_1_306' title='bbox 1240 2519 1362 2585; x_wconf 88' lang='lat' dir='ltr'>Postea</span> <span class='ocrx_word' id='word_1_307' title='bbox 1415 2517 1493 2602; x_wconf 92' lang='lat' dir='ltr'>quid</span> <span class='ocrx_word' id='word_1_308' title='bbox 1523 2518 1617 2584; x_wconf 91' lang='lat' dir='ltr'>unice</span> <span class='ocrx_word' id='word_1_309' title='bbox 1646 2519 1804 2604; x_wconf 89' lang='lat' dir='ltr'>postulet:</span> <span class='ocrx_word' id='word_1_310' title='bbox 1838 2517 1929 2585; x_wconf 89' lang='lat' dir='ltr'>iubet</span> <span class='ocrx_word' id='word_1_311' title='bbox 1958 2540 2036 2603; x_wconf 81' lang='lat' dir='ltr'>ergo</span> <span class='ocrx_word' id='word_1_312' title='bbox 2063 2517 2125 2585; x_wconf 88' lang='lat' dir='ltr'>sibi</span> <span class='ocrx_word' id='word_1_313' title='bbox 2155 2518 2268 2584; x_wconf 84' lang='lat' dir='ltr'>offerri</span> <span class='ocrx_word' id='word_1_314' title='bbox 2288 2519 2376 2585; x_wconf 82' lang='lat' dir='ltr'>mori·</span> 
     </span>
     <span class='ocr_line' id='line_1_24' title="bbox 386 2603 2376 2691; baseline -0.002 -17"><span class='ocrx_word' id='word_1_315' title='bbox 386 2606 545 2691; x_wconf 76' lang='lat' dir='ltr'>adlungit,</span> <span class='ocrx_word' id='word_1_316' title='bbox 1415 2607 1526 2671; x_wconf 86' lang='lat' dir='ltr'>ficium</span> <span class='ocrx_word' id='word_1_317' title='bbox 1548 2603 1664 2671; x_wconf 91' lang='lat' dir='ltr'>laudis.</span> <span class='ocrx_word' id='word_1_318' title='bbox 1709 2603 1763 2670; x_wconf 89' lang='lat' dir='ltr'>Ita</span> <span class='ocrx_word' id='word_1_319' title='bbox 1785 2626 1873 2675; x_wconf 89' lang='lat' dir='ltr'>nunc</span> <span class='ocrx_word' id='word_1_320' title='bbox 1894 2603 2051 2671; x_wconf 87' lang='lat' dir='ltr'>Ieremias</span> <span class='ocrx_word' id='word_1_321' title='bbox 2080 2603 2175 2670; x_wconf 90' lang='lat' dir='ltr'>dccet</span> <span class='ocrx_word' id='word_1_322' title='bbox 2205 2604 2271 2672; x_wconf 90' lang='lat' dir='ltr'>buc</span> <span class='ocrx_word' id='word_1_323' title='bbox 2295 2625 2376 2687; x_wconf 91' lang='lat' dir='ltr'>spec·</span> 
     </span>
     <span class='ocr_line' id='line_1_25' title="bbox 1415 2689 2378 2772; baseline 0 -17"><span class='ocrx_word' id='word_1_324' title='bbox 1415 2701 1485 2755; x_wconf 88' lang='lat' dir='ltr'>tare</span> <span class='ocrx_word' id='word_1_325' title='bbox 1507 2691 1617 2756; x_wconf 92' lang='lat' dir='ltr'>omnia</span> <span class='ocrx_word' id='word_1_326' title='bbox 1638 2691 1804 2768; x_wconf 86' lang='lat' dir='ltr'>sacrificia,</span> <span class='ocrx_word' id='word_1_327' title='bbox 1828 2699 1866 2757; x_wconf 92' lang='lat' dir='ltr'>ut</span> <span class='ocrx_word' id='word_1_328' title='bbox 1887 2689 2070 2757; x_wconf 89' lang='lat' dir='ltr'>celebretur</span> <span class='ocrx_word' id='word_1_329' title='bbox 2086 2690 2151 2758; x_wconf 91' lang='lat' dir='ltr'>Dei</span> <span class='ocrx_word' id='word_1_330' title='bbox 2174 2711 2303 2772; x_wconf 91' lang='lat' dir='ltr'>nomen,</span> <span class='ocrx_word' id='word_1_331' title='bbox 2325 2690 2378 2756; x_wconf 91' lang='lat' dir='ltr'>boc</span> 
     </span>
     <span class='ocr_line' id='line_1_26' title="bbox 471 2775 2378 2860; baseline -0.003 -16"><span class='ocrx_word' id='word_1_332' title='bbox 471 2780 523 2845; x_wconf 90' lang='grc'>26.</span> <span class='ocrx_word' id='word_1_333' title='bbox 554 2777 600 2844; x_wconf 84' lang='lat' dir='ltr'>Et</span> <span class='ocrx_word' id='word_1_334' title='bbox 624 2779 748 2844; x_wconf 85' lang='lat' dir='ltr'>venient</span> <span class='ocrx_word' id='word_1_335' title='bbox 775 2800 814 2844; x_wconf 81' lang='lat' dir='ltr'>ee·</span> <span class='ocrx_word' id='word_1_336' title='bbox 841 2777 973 2845; x_wconf 80' lang='lat' dir='ltr'>urbibus</span> <span class='ocrx_word' id='word_1_337' title='bbox 995 2775 1151 2858; x_wconf 80' lang='lat' dir='ltr'>Iebudab,</span> <span class='ocrx_word' id='word_1_338' title='bbox 1180 2781 1207 2842; x_wconf 88' lang='lat' dir='ltr'>et</span> <span class='ocrx_word' id='word_1_339' title='bbox 1235 2797 1274 2843; x_wconf 82' lang='lat' dir='ltr'>ee</span> <span class='ocrx_word' id='word_1_340' title='bbox 1301 2777 1362 2842; x_wconf 85' lang='lat' dir='ltr'>eir-</span> <span class='ocrx_word' id='word_1_341' title='bbox 1415 2787 1475 2854; x_wconf 92' lang='lat' dir='ltr'>est,</span> <span class='ocrx_word' id='word_1_342' title='bbox 1497 2785 1535 2842; x_wconf 91' lang='lat' dir='ltr'>ut</span> <span class='ocrx_word' id='word_1_343' title='bbox 1556 2777 1773 2860; x_wconf 88' lang='lat' dir='ltr'>profiteantur</span> <span class='ocrx_word' id='word_1_344' title='bbox 1795 2775 1908 2842; x_wconf 88' lang='lat' dir='ltr'>Iudaei</span> <span class='ocrx_word' id='word_1_345' title='bbox 1931 2797 1966 2842; x_wconf 91' lang='lat' dir='ltr'>se</span> <span class='ocrx_word' id='word_1_346' title='bbox 1990 2777 2100 2842; x_wconf 89' lang='lat' dir='ltr'>omnia</span> <span class='ocrx_word' id='word_1_347' title='bbox 2121 2777 2170 2841; x_wconf 94' lang='lat' dir='ltr'>illi</span> <span class='ocrx_word' id='word_1_348' title='bbox 2193 2776 2318 2855; x_wconf 87' lang='lat' dir='ltr'>debora,</span> <span class='ocrx_word' id='word_1_349' title='bbox 2346 2780 2378 2840; x_wconf 91' lang='lat' dir='ltr'>ut</span> 
     </span>
     <span class='ocr_line' id='line_1_27' title="bbox 386 2861 2378 2949; baseline -0.003 -18"><span class='ocrx_word' id='word_1_350' title='bbox 386 2866 521 2932; x_wconf 81' lang='lat' dir='ltr'>ouilibus</span> <span class='ocrx_word' id='word_1_351' title='bbox 550 2863 625 2949; x_wconf 89' lang='lat' dir='ltr'>(boc</span> <span class='ocrx_word' id='word_1_352' title='bbox 647 2875 711 2945; x_wconf 88' lang='lat' dir='ltr'>est,</span> <span class='ocrx_word' id='word_1_353' title='bbox 741 2886 781 2930; x_wconf 85' lang='lat' dir='ltr'>ex</span> <span class='ocrx_word' id='word_1_354' title='bbox 805 2875 873 2929; x_wconf 91' lang='lat' dir='ltr'>tcto</span> <span class='ocrx_word' id='word_1_355' title='bbox 896 2862 1048 2943; x_wconf 90' lang='lat' dir='ltr'>circuitu)</span> <span class='ocrx_word' id='word_1_356' title='bbox 1078 2862 1253 2929; x_wconf 77' lang='lat' dir='ltr'>Ierusalem</span> <span class='ocrx_word' id='word_1_357' title='bbox 1275 2868 1302 2929; x_wconf 90' lang='lat' dir='ltr'>et</span> <span class='ocrx_word' id='word_1_358' title='bbox 1324 2883 1362 2928; x_wconf 84' lang='lat' dir='ltr'>ee</span> <span class='ocrx_word' id='word_1_359' title='bbox 1413 2863 1519 2929; x_wconf 84' lang='lat' dir='ltr'>vitam</span> <span class='ocrx_word' id='word_1_360' title='bbox 1541 2882 1634 2928; x_wconf 90' lang='lat' dir='ltr'>suam</span> <span class='ocrx_word' id='word_1_361' title='bbox 1658 2867 1692 2928; x_wconf 91' lang='lat' dir='ltr'>et</span> <span class='ocrx_word' id='word_1_362' title='bbox 1711 2862 1849 2928; x_wconf 90' lang='lat' dir='ltr'>salutem</span> <span class='ocrx_word' id='word_1_363' title='bbox 1872 2863 1981 2927; x_wconf 88' lang='lat' dir='ltr'>forant</span> <span class='ocrx_word' id='word_1_364' title='bbox 1998 2863 2029 2928; x_wconf 90' lang='lat' dir='ltr'>ei</span> <span class='ocrx_word' id='word_1_365' title='bbox 2046 2872 2229 2946; x_wconf 87' lang='lat' dir='ltr'>acceptam:</span> <span class='ocrx_word' id='word_1_366' title='bbox 2251 2861 2378 2944; x_wconf 89' lang='lat' dir='ltr'>denique</span> 
     </span>
     <span class='ocr_line' id='line_1_28' title="bbox 384 2947 2380 3033; baseline -0.004 -15"><span class='ocrx_word' id='word_1_367' title='bbox 384 2957 471 3018; x_wconf 84' lang='lat' dir='ltr'>terra</span> <span class='ocrx_word' id='word_1_368' title='bbox 492 2951 675 3033; x_wconf 77' lang='lat' dir='ltr'>Beniamin,</span> <span class='ocrx_word' id='word_1_369' title='bbox 699 2950 1057 3032; x_wconf 64' lang='lat' dir='ltr'>cumplurimum</span> <span class='ocrx_word' id='word_1_370' title='bbox 1077 2953 1176 3014; x_wconf 86' lang='lat' dir='ltr'>monte</span> <span class='ocrx_word' id='word_1_371' title='bbox 1205 2948 1279 3032; x_wconf 88' lang='lat' dir='ltr'>(boc</span> <span class='ocrx_word' id='word_1_372' title='bbox 1302 2959 1361 3026; x_wconf 87' lang='lat' dir='ltr'>est,</span> <span class='ocrx_word' id='word_1_373' title='bbox 1414 2956 1451 3014; x_wconf 94' lang='lat' dir='ltr'>ut</span> <span class='ocrx_word' id='word_1_374' title='bbox 1481 2947 1717 3032; x_wconf 76' lang='lat' dir='ltr'>gratitudinem</span> <span class='ocrx_word' id='word_1_375' title='bbox 1750 2969 1843 3015; x_wconf 91' lang='lat' dir='ltr'>suam</span> <span class='ocrx_word' id='word_1_376' title='bbox 1873 2968 1981 3014; x_wconf 90' lang='lat' dir='ltr'>coram</span> <span class='ocrx_word' id='word_1_377' title='bbox 2012 2948 2082 3032; x_wconf 88' lang='lat' dir='ltr'>ipso</span> <span class='ocrx_word' id='word_1_378' title='bbox 2112 2956 2287 3014; x_wconf 83' lang='lat' dir='ltr'>tententur.</span> <span class='ocrx_word' id='word_1_379' title='bbox 2333 2948 2380 3012; x_wconf 90' lang='lat' dir='ltr'>Ita</span> 
     </span>
     <span class='ocr_line' id='line_1_29' title="bbox 385 3032 2380 3121; baseline -0.002 -19"><span class='ocrx_word' id='word_1_380' title='bbox 385 3057 428 3102; x_wconf 86' lang='lat' dir='ltr'>ex</span> <span class='ocrx_word' id='word_1_381' title='bbox 451 3037 627 3118; x_wconf 87' lang='lat' dir='ltr'>montibus,</span> <span class='ocrx_word' id='word_1_382' title='bbox 651 3037 701 3102; x_wconf 84' lang='lat' dir='ltr'>vel</span> <span class='ocrx_word' id='word_1_383' title='bbox 725 3037 914 3121; x_wconf 80' lang='lat' dir='ltr'>regionibus</span> <span class='ocrx_word' id='word_1_384' title='bbox 936 3034 1114 3121; x_wconf 88' lang='lat' dir='ltr'>montanis)</span> <span class='ocrx_word' id='word_1_385' title='bbox 1139 3040 1167 3100; x_wconf 92' lang='lat' dir='ltr'>et</span> <span class='ocrx_word' id='word_1_386' title='bbox 1189 3056 1210 3100; x_wconf 93' lang='lat' dir='ltr'>a</span> <span class='ocrx_word' id='word_1_387' title='bbox 1230 3035 1362 3102; x_wconf 84' lang='lat' dir='ltr'>meridie</span> <span class='ocrx_word' id='word_1_388' title='bbox 1415 3033 1512 3100; x_wconf 90' lang='lat' dir='ltr'>bodie</span> <span class='ocrx_word' id='word_1_389' title='bbox 1545 3033 1639 3099; x_wconf 89' lang='lat' dir='ltr'>nobis</span> <span class='ocrx_word' id='word_1_390' title='bbox 1673 3042 1783 3100; x_wconf 89' lang='lat' dir='ltr'>manet</span> <span class='ocrx_word' id='word_1_391' title='bbox 1816 3033 1898 3100; x_wconf 91' lang='lat' dir='ltr'>baec</span> <span class='ocrx_word' id='word_1_392' title='bbox 1927 3034 2047 3101; x_wconf 81' lang='lat' dir='ltr'>veritas</span> <span class='ocrx_word' id='word_1_393' title='bbox 2080 3032 2227 3114; x_wconf 90' lang='lat' dir='ltr'>residua,</span> <span class='ocrx_word' id='word_1_394' title='bbox 2262 3032 2380 3099; x_wconf 89' lang='lat' dir='ltr'>abolitis</span> 
     </span>
     <span class='ocr_line' id='line_1_30' title="bbox 385 3119 2378 3205; baseline -0.002 -17"><span class='ocrx_word' id='word_1_395' title='bbox 385 3123 548 3202; x_wconf 79' lang='lat' dir='ltr'>afferentes</span> <span class='ocrx_word' id='word_1_396' title='bbox 589 3121 817 3203; x_wconf 75' lang='lat' dir='ltr'>holocaustum,</span> <span class='ocrx_word' id='word_1_397' title='bbox 860 3121 1068 3205; x_wconf 70' lang='lat' dir='ltr'>eaorifiemm,</span> <span class='ocrx_word' id='word_1_398' title='bbox 1110 3126 1138 3187; x_wconf 89' lang='lat' dir='ltr'>et</span> <span class='ocrx_word' id='word_1_399' title='bbox 1180 3119 1362 3187; x_wconf 77' lang='lat' dir='ltr'>centanam</span> <span class='ocrx_word' id='word_1_400' title='bbox 1415 3120 1579 3187; x_wconf 87' lang='lat' dir='ltr'>veteribus</span> <span class='ocrx_word' id='word_1_401' title='bbox 1601 3119 1735 3205; x_wconf 83' lang='lat' dir='ltr'>figuris:</span> <span class='ocrx_word' id='word_1_402' title='bbox 1759 3141 1824 3185; x_wconf 93' lang='lat' dir='ltr'>non</span> <span class='ocrx_word' id='word_1_403' title='bbox 1847 3129 2029 3187; x_wconf 88' lang='lat' dir='ltr'>mactamus</span> <span class='ocrx_word' id='word_1_404' title='bbox 2052 3119 2180 3196; x_wconf 86' lang='lat' dir='ltr'>vitulos,</span> <span class='ocrx_word' id='word_1_405' title='bbox 2204 3124 2264 3186; x_wconf 89' lang='lat' dir='ltr'>aut</span> <span class='ocrx_word' id='word_1_406' title='bbox 2281 3119 2378 3197; x_wconf 87' lang='lat' dir='ltr'>boves,</span> 
     </span>
     <span class='ocr_line' id='line_1_31' title="bbox 389 3204 2379 3293; baseline -0.002 -19"><span class='ocrx_word' id='word_1_407' title='bbox 389 3206 501 3292; x_wconf 70' lang='lat' dir='ltr'>(anta)</span> <span class='ocrx_word' id='word_1_408' title='bbox 523 3206 648 3281; x_wconf 77' lang='lat' dir='ltr'>eitius,</span> <span class='ocrx_word' id='word_1_409' title='bbox 669 3208 874 3289; x_wconf 81' lang='lat' dir='ltr'>etofferentee</span> <span class='ocrx_word' id='word_1_410' title='bbox 894 3208 1116 3289; x_wconf 74' lang='lat' dir='ltr'>confractorum</span> <span class='ocrx_word' id='word_1_411' title='bbox 1133 3204 1199 3291; x_wconf 83' lang='lat' dir='ltr'>(vel</span> <span class='ocrx_word' id='word_1_412' title='bbox 1218 3205 1361 3293; x_wconf 90' lang='lat' dir='ltr'>laudem)</span> <span class='ocrx_word' id='word_1_413' title='bbox 1414 3206 1622 3287; x_wconf 84' lang='lat' dir='ltr'>autariatas,</span> <span class='ocrx_word' id='word_1_414' title='bbox 1655 3205 1713 3271; x_wconf 91' lang='lat' dir='ltr'>sed</span> <span class='ocrx_word' id='word_1_415' title='bbox 1734 3207 1930 3273; x_wconf 85' lang='lat' dir='ltr'>sacrificium</span> <span class='ocrx_word' id='word_1_416' title='bbox 1952 3204 2123 3284; x_wconf 87' lang='lat' dir='ltr'>labiorum,</span> <span class='ocrx_word' id='word_1_417' title='bbox 2155 3206 2233 3271; x_wconf 90' lang='lat' dir='ltr'>dum</span> <span class='ocrx_word' id='word_1_418' title='bbox 2257 3206 2379 3271; x_wconf 79' lang='lat' dir='ltr'>confite</span> 
     </span>
     <span class='ocr_line' id='line_1_32' title="bbox 387 3289 2379 3376; baseline -0.002 -19"><span class='ocrx_word' id='word_1_419' title='bbox 387 3294 422 3357; x_wconf 89' lang='lat' dir='ltr'>in</span> <span class='ocrx_word' id='word_1_420' title='bbox 443 3293 566 3358; x_wconf 68' lang='lat' dir='ltr'>mnium</span> <span class='ocrx_word' id='word_1_421' title='bbox 590 3291 731 3358; x_wconf 80' lang='lat' dir='ltr'>Iebovae.</span> <span class='ocrx_word' id='word_1_422' title='bbox 1413 3314 1488 3358; x_wconf 92' lang='lat' dir='ltr'>mur</span> <span class='ocrx_word' id='word_1_423' title='bbox 1510 3314 1548 3359; x_wconf 91' lang='lat' dir='ltr'>ac</span> <span class='ocrx_word' id='word_1_424' title='bbox 1572 3292 1797 3376; x_wconf 87' lang='lat' dir='ltr'>praedicamus</span> <span class='ocrx_word' id='word_1_425' title='bbox 1819 3294 1890 3358; x_wconf 92' lang='lat' dir='ltr'>eius</span> <span class='ocrx_word' id='word_1_426' title='bbox 1913 3291 2082 3370; x_wconf 86' lang='lat' dir='ltr'>beneficia,</span> <span class='ocrx_word' id='word_1_427' title='bbox 2114 3289 2379 3375; x_wconf 92' lang='lat' dir='ltr'>quomadmodum</span> 
     </span>
     <span class='ocr_line' id='line_1_33' title="bbox 1414 3375 2380 3465; baseline -0.002 -23"><span class='ocrx_word' id='word_1_428' title='bbox 1414 3379 1559 3461; x_wconf 91' lang='lat' dir='ltr'>loquitur</span> <span class='ocrx_word' id='word_1_429' title='bbox 1581 3379 1748 3462; x_wconf 88' lang='lat' dir='ltr'>apostolus</span> <span class='ocrx_word' id='word_1_430' title='bbox 1770 3378 1887 3444; x_wconf 87' lang='lat' dir='ltr'>ultimo</span> <span class='ocrx_word' id='word_1_431' title='bbox 1907 3399 1977 3461; x_wconf 90' lang='lat' dir='ltr'>cap.</span> <span class='ocrx_word' id='word_1_432' title='bbox 1999 3377 2039 3444; x_wconf 90' lang='lat' dir='ltr'>ad</span> <span class='ocrx_word' id='word_1_433' title='bbox 2058 3377 2229 3445; x_wconf 91' lang='lat' dir='ltr'>Hebraeos</span> <span class='ocrx_word' id='word_1_434' title='bbox 2248 3377 2312 3465; x_wconf 84' lang='lat'>(13,</span> <span class='ocrx_word' id='word_1_435' title='bbox 2323 3375 2380 3462; x_wconf 87' lang='lat' dir='ltr'>lb).</span> 
     </span>
     <span class='ocr_line' id='line_1_34' title="bbox 473 3461 2380 3548; baseline 0.001 -20"><span class='ocrx_word' id='word_1_436' title='bbox 473 3463 539 3529; x_wconf 89' lang='lat' dir='ltr'>Hie</span> <span class='ocrx_word' id='word_1_437' title='bbox 561 3461 738 3529; x_wconf 88' lang='lat' dir='ltr'>secundam</span> <span class='ocrx_word' id='word_1_438' title='bbox 762 3473 888 3546; x_wconf 87' lang='lat' dir='ltr'>partem</span> <span class='ocrx_word' id='word_1_439' title='bbox 911 3462 1075 3528; x_wconf 79' lang='lat' dir='ltr'>felicitatis</span> <span class='ocrx_word' id='word_1_440' title='bbox 1096 3463 1260 3547; x_wconf 81' lang='lat' dir='ltr'>adiungit:</span> <span class='ocrx_word' id='word_1_441' title='bbox 1284 3485 1359 3530; x_wconf 92' lang='lat' dir='ltr'>nam</span> <span class='ocrx_word' id='word_1_442' title='bbox 1415 3463 1481 3530; x_wconf 81' lang='lat' dir='ltr'>Sed</span> <span class='ocrx_word' id='word_1_443' title='bbox 1504 3463 1591 3548; x_wconf 91' lang='lat' dir='ltr'>qnod</span> <span class='ocrx_word' id='word_1_444' title='bbox 1614 3464 1711 3530; x_wconf 92' lang='lat' dir='ltr'>bodie</span> <span class='ocrx_word' id='word_1_445' title='bbox 1728 3465 1763 3529; x_wconf 78' lang='lat' dir='ltr'>ri</span> <span class='ocrx_word' id='word_1_446' title='bbox 1807 3485 1842 3530; x_wconf 88' lang='lat' dir='ltr'>re</span> <span class='ocrx_word' id='word_1_447' title='bbox 1860 3463 1947 3547; x_wconf 89' lang='lat' dir='ltr'>apud</span> <span class='ocrx_word' id='word_1_448' title='bbox 1966 3484 2025 3530; x_wconf 89' lang='lat' dir='ltr'>nos</span> <span class='ocrx_word' id='word_1_449' title='bbox 2044 3462 2139 3530; x_wconf 89' lang='lat' dir='ltr'>debet</span> <span class='ocrx_word' id='word_1_450' title='bbox 2160 3465 2234 3531; x_wconf 90' lang='lat' dir='ltr'>sine</span> <span class='ocrx_word' id='word_1_451' title='bbox 2256 3464 2380 3536; x_wconf 82' lang='lat' dir='ltr'>umbris,</span> 
     </span>
     <span class='ocr_line' id='line_1_35' title="bbox 387 3547 2381 3633; baseline 0 -18"><span class='ocrx_word' id='word_1_452' title='bbox 387 3559 457 3616; x_wconf 90' lang='lat' dir='ltr'>tota</span> <span class='ocrx_word' id='word_1_453' title='bbox 479 3549 591 3633; x_wconf 91' lang='lat' dir='ltr'>populi</span> <span class='ocrx_word' id='word_1_454' title='bbox 613 3548 702 3614; x_wconf 88' lang='lat' dir='ltr'>salus</span> <span class='ocrx_word' id='word_1_455' title='bbox 724 3548 831 3630; x_wconf 91' lang='lat' dir='ltr'>posita</span> <span class='ocrx_word' id='word_1_456' title='bbox 853 3553 924 3612; x_wconf 89' lang='lat' dir='ltr'>erat</span> <span class='ocrx_word' id='word_1_457' title='bbox 945 3547 979 3613; x_wconf 91' lang='lat' dir='ltr'>in</span> <span class='ocrx_word' id='word_1_458' title='bbox 997 3568 1100 3631; x_wconf 81' lang='lat' dir='ltr'>regno</span> <span class='ocrx_word' id='word_1_459' title='bbox 1120 3557 1154 3614; x_wconf 93' lang='lat' dir='ltr'>et</span> <span class='ocrx_word' id='word_1_460' title='bbox 1171 3548 1359 3616; x_wconf 82' lang='lat' dir='ltr'>sacerdotio.</span> <span class='ocrx_word' id='word_1_461' title='bbox 1414 3549 1478 3615; x_wconf 85' lang='lat' dir='ltr'>fuit</span> <span class='ocrx_word' id='word_1_462' title='bbox 1500 3549 1576 3615; x_wconf 93' lang='lat' dir='ltr'>olim</span> <span class='ocrx_word' id='word_1_463' title='bbox 1606 3569 1679 3615; x_wconf 91' lang='lat' dir='ltr'>oum</span> <span class='ocrx_word' id='word_1_464' title='bbox 1709 3571 1766 3616; x_wconf 94' lang='lat' dir='ltr'>um</span> <span class='ocrx_word' id='word_1_465' title='bbox 1790 3550 1835 3616; x_wconf 89' lang='lat' dir='ltr'>ris</span> <span class='ocrx_word' id='word_1_466' title='bbox 1863 3551 2093 3616; x_wconf 89' lang='lat' dir='ltr'>coniunctum:</span> <span class='ocrx_word' id='word_1_467' title='bbox 2122 3550 2251 3617; x_wconf 88' lang='lat' dir='ltr'>interea</span> <span class='ocrx_word' id='word_1_468' title='bbox 2280 3561 2381 3616; x_wconf 86' lang='lat' dir='ltr'>tamen</span> 
     </span>
     <span class='ocr_line' id='line_1_36' title="bbox 387 3632 2382 3719; baseline -0.001 -17"><span class='ocrx_word' id='word_1_469' title='bbox 387 3635 474 3702; x_wconf 89' lang='lat' dir='ltr'>Nam</span> <span class='ocrx_word' id='word_1_470' title='bbox 503 3637 537 3700; x_wconf 92' lang='lat' dir='ltr'>in</span> <span class='ocrx_word' id='word_1_471' title='bbox 566 3643 706 3717; x_wconf 89' lang='lat' dir='ltr'>utroque</span> <span class='ocrx_word' id='word_1_472' title='bbox 735 3635 833 3700; x_wconf 89' lang='lat' dir='ltr'>ctiam</span> <span class='ocrx_word' id='word_1_473' title='bbox 866 3633 1012 3719; x_wconf 85' lang='lat' dir='ltr'>fulgebat</span> <span class='ocrx_word' id='word_1_474' title='bbox 1033 3634 1096 3700; x_wconf 91' lang='lat' dir='ltr'>Dei</span> <span class='ocrx_word' id='word_1_475' title='bbox 1125 3635 1248 3717; x_wconf 82' lang='lat' dir='ltr'>gratia:</span> <span class='ocrx_word' id='word_1_476' title='bbox 1282 3657 1361 3719; x_wconf 88' lang='lat' dir='ltr'>qao·</span> <span class='ocrx_word' id='word_1_477' title='bbox 1415 3637 1596 3702; x_wconf 93' lang='lat' dir='ltr'>communis</span> <span class='ocrx_word' id='word_1_478' title='bbox 1626 3645 1676 3702; x_wconf 90' lang='lat' dir='ltr'>est</span> <span class='ocrx_word' id='word_1_479' title='bbox 1702 3636 1760 3701; x_wconf 90' lang='lat' dir='ltr'>illa</span> <span class='ocrx_word' id='word_1_480' title='bbox 1783 3638 1903 3702; x_wconf 87' lang='lat' dir='ltr'>veritas</span> <span class='ocrx_word' id='word_1_481' title='bbox 1925 3634 2059 3701; x_wconf 87' lang='lat' dir='ltr'>Iudaeis</span> <span class='ocrx_word' id='word_1_482' title='bbox 2089 3634 2271 3718; x_wconf 91' lang='lat' dir='ltr'>nobiscum,</span> <span class='ocrx_word' id='word_1_483' title='bbox 2304 3632 2382 3719; x_wconf 90' lang='lat' dir='ltr'>qucd</span> 
     </span>
     <span class='ocr_line' id='line_1_37' title="bbox 386 3718 2382 3808; baseline -0.001 -21"><span class='ocrx_word' id='word_1_484' title='bbox 386 3723 476 3787; x_wconf 89' lang='lat' dir='ltr'>niam</span> <span class='ocrx_word' id='word_1_485' title='bbox 499 3733 565 3786; x_wconf 89' lang='lat' dir='ltr'>tam</span> <span class='ocrx_word' id='word_1_486' title='bbox 588 3742 648 3786; x_wconf 86' lang='lat' dir='ltr'>rex</span> <span class='ocrx_word' id='word_1_487' title='bbox 671 3739 770 3803; x_wconf 88' lang='lat' dir='ltr'>quam</span> <span class='ocrx_word' id='word_1_488' title='bbox 792 3718 941 3786; x_wconf 88' lang='lat' dir='ltr'>sacerdos</span> <span class='ocrx_word' id='word_1_489' title='bbox 971 3730 1066 3786; x_wconf 90' lang='lat' dir='ltr'>erant</span> <span class='ocrx_word' id='word_1_490' title='bbox 1088 3719 1216 3787; x_wconf 82' lang='lat' dir='ltr'>Christi</span> <span class='ocrx_word' id='word_1_491' title='bbox 1243 3722 1360 3805; x_wconf 82' lang='lat' dir='ltr'>imagi·</span> <span class='ocrx_word' id='word_1_492' title='bbox 1414 3722 1538 3788; x_wconf 89' lang='lat' dir='ltr'>scilicet</span> <span class='ocrx_word' id='word_1_493' title='bbox 1561 3720 1638 3786; x_wconf 91' lang='lat' dir='ltr'>dum</span> <span class='ocrx_word' id='word_1_494' title='bbox 1661 3721 1823 3788; x_wconf 81' lang='lat' dir='ltr'>sacrificia</span> <span class='ocrx_word' id='word_1_495' title='bbox 1845 3743 1904 3789; x_wconf 90' lang='lat' dir='ltr'>sua</span> <span class='ocrx_word' id='word_1_496' title='bbox 1925 3719 2118 3789; x_wconf 88' lang='lat' dir='ltr'>obtulerunt</span> <span class='ocrx_word' id='word_1_497' title='bbox 2139 3720 2200 3788; x_wconf 93' lang='lat' dir='ltr'>sub</span> <span class='ocrx_word' id='word_1_498' title='bbox 2222 3723 2304 3808; x_wconf 77' lang='lat' dir='ltr'>lege,</span> <span class='ocrx_word' id='word_1_499' title='bbox 2333 3720 2382 3785; x_wconf 90' lang='lat' dir='ltr'>de·</span> 
     </span>
     <span class='ocr_line' id='line_1_38' title="bbox 388 3803 2382 3892; baseline -0.001 -20"><span class='ocrx_word' id='word_1_500' title='bbox 388 3827 456 3872; x_wconf 90' lang='lat' dir='ltr'>nes.</span> <span class='ocrx_word' id='word_1_501' title='bbox 501 3804 612 3887; x_wconf 79' lang='lat' dir='ltr'>Quum</span> <span class='ocrx_word' id='word_1_502' title='bbox 635 3827 713 3892; x_wconf 87' lang='lat' dir='ltr'>ergo</span> <span class='ocrx_word' id='word_1_503' title='bbox 734 3806 770 3870; x_wconf 92' lang='lat' dir='ltr'>in</span> <span class='ocrx_word' id='word_1_504' title='bbox 791 3803 969 3871; x_wconf 87' lang='lat' dir='ltr'>sacerdotio</span> <span class='ocrx_word' id='word_1_505' title='bbox 997 3817 1229 3891; x_wconf 82' lang='lat' dir='ltr'>cognoscerent</span> <span class='ocrx_word' id='word_1_506' title='bbox 1250 3806 1359 3874; x_wconf 91' lang='lat' dir='ltr'>Deum</span> <span class='ocrx_word' id='word_1_507' title='bbox 1415 3807 1537 3874; x_wconf 83' lang='lat' dir='ltr'>babent</span> <span class='ocrx_word' id='word_1_508' title='bbox 1558 3807 1610 3874; x_wconf 88' lang='lat' dir='ltr'>his</span> <span class='ocrx_word' id='word_1_509' title='bbox 1631 3806 1815 3874; x_wconf 77' lang='lat' dir='ltr'>visibilibus</span> <span class='ocrx_word' id='word_1_510' title='bbox 1844 3808 1998 3888; x_wconf 79' lang='lat' dir='ltr'>symbolis</span> <span class='ocrx_word' id='word_1_511' title='bbox 2027 3808 2142 3875; x_wconf 88' lang='lat' dir='ltr'>testari</span> <span class='ocrx_word' id='word_1_512' title='bbox 2172 3827 2269 3874; x_wconf 84' lang='lat' dir='ltr'>suam</span> <span class='ocrx_word' id='word_1_513' title='bbox 2291 3805 2382 3892; x_wconf 82' lang='lat' dir='ltr'>grati·</span> 
     </span>
     <span class='ocr_line' id='line_1_39' title="bbox 387 3890 1806 3978; baseline 0.001 -20"><span class='ocrx_word' id='word_1_514' title='bbox 387 3891 449 3958; x_wconf 88' lang='lat' dir='ltr'>aibi</span> <span class='ocrx_word' id='word_1_515' title='bbox 479 3912 549 3957; x_wconf 91' lang='lat' dir='ltr'>esse</span> <span class='ocrx_word' id='word_1_516' title='bbox 581 3892 774 3976; x_wconf 89' lang='lat' dir='ltr'>propitium,</span> <span class='ocrx_word' id='word_1_517' title='bbox 807 3890 892 3974; x_wconf 91' lang='lat' dir='ltr'>quod</span> <span class='ocrx_word' id='word_1_518' title='bbox 925 3891 1213 3959; x_wconf 88' lang='lat' dir='ltr'>reconciliarentur</span> <span class='ocrx_word' id='word_1_519' title='bbox 1242 3893 1272 3959; x_wconf 92' lang='lat' dir='ltr'>ei</span> <span class='ocrx_word' id='word_1_520' title='bbox 1301 3914 1362 3975; x_wconf 89' lang='lat' dir='ltr'>per</span> <span class='ocrx_word' id='word_1_521' title='bbox 1414 3893 1570 3960; x_wconf 87' lang='lat' dir='ltr'>tudinem.</span> <span class='ocrx_word' id='word_1_522' title='bbox 1615 3893 1806 3978; x_wconf 82' lang='lat' dir='ltr'>Pergamus.</span> 
     </span>
     <span class='ocr_line' id='line_1_40' title="bbox 387 3977 1359 4063; baseline 0.001 -19"><span class='ocrx_word' id='word_1_523' title='bbox 387 3977 563 4044; x_wconf 89' lang='lat' dir='ltr'>sacrificia:</span> <span class='ocrx_word' id='word_1_524' title='bbox 594 3977 629 4042; x_wconf 95' lang='lat' dir='ltr'>in</span> <span class='ocrx_word' id='word_1_525' title='bbox 652 3999 753 4063; x_wconf 85' lang='lat' dir='ltr'>regno</span> <span class='ocrx_word' id='word_1_526' title='bbox 780 3984 888 4042; x_wconf 90' lang='lat' dir='ltr'>autem</span> <span class='ocrx_word' id='word_1_527' title='bbox 912 3987 1145 4060; x_wconf 77' lang='lat' dir='ltr'>cognoscerent</span> <span class='ocrx_word' id='word_1_528' title='bbox 1168 3979 1275 4044; x_wconf 89' lang='lat' dir='ltr'>Deum</span> <span class='ocrx_word' id='word_1_529' title='bbox 1298 3979 1359 4046; x_wconf 90' lang='lat' dir='ltr'>sibi</span> 
     </span>
     <span class='ocr_line' id='line_1_41' title="bbox 387 4063 2385 4148; baseline -0.001 -18"><span class='ocrx_word' id='word_1_530' title='bbox 387 4063 504 4130; x_wconf 90' lang='lat' dir='ltr'>salutis</span> <span class='ocrx_word' id='word_1_531' title='bbox 526 4083 596 4128; x_wconf 88' lang='lat' dir='ltr'>esse</span> <span class='ocrx_word' id='word_1_532' title='bbox 619 4064 802 4146; x_wconf 87' lang='lat' dir='ltr'>praesidem</span> <span class='ocrx_word' id='word_1_533' title='bbox 829 4073 862 4128; x_wconf 90' lang='lat' dir='ltr'>et</span> <span class='ocrx_word' id='word_1_534' title='bbox 884 4063 1065 4140; x_wconf 88' lang='lat' dir='ltr'>custodem,</span> <span class='ocrx_word' id='word_1_535' title='bbox 1099 4063 1180 4130; x_wconf 90' lang='lat' dir='ltr'>haec</span> <span class='ocrx_word' id='word_1_536' title='bbox 1201 4065 1264 4130; x_wconf 82' lang='lat' dir='ltr'>fuit</span> <span class='ocrx_word' id='word_1_537' title='bbox 1286 4086 1359 4148; x_wconf 87' lang='lat' dir='ltr'>per·</span> <span class='ocrx_word' id='word_1_538' title='bbox 1499 4065 1552 4130; x_wconf 77' lang='lat'>27.</span> <span class='ocrx_word' id='word_1_539' title='bbox 1579 4065 1669 4148; x_wconf 79' lang='lat' dir='ltr'>Quod</span> <span class='ocrx_word' id='word_1_540' title='bbox 1686 4065 1717 4130; x_wconf 81' lang='lat' dir='ltr'>ei</span> <span class='ocrx_word' id='word_1_541' title='bbox 1733 4085 1796 4131; x_wconf 90' lang='lat' dir='ltr'>non</span> <span class='ocrx_word' id='word_1_542' title='bbox 1812 4065 1983 4131; x_wconf 76' lang='lat' dir='ltr'>audimitie</span> <span class='ocrx_word' id='word_1_543' title='bbox 2002 4086 2052 4131; x_wconf 91' lang='lat' dir='ltr'>me</span> <span class='ocrx_word' id='word_1_544' title='bbox 2068 4067 2111 4133; x_wconf 85' lang='lat' dir='ltr'>ad</span> <span class='ocrx_word' id='word_1_545' title='bbox 2129 4063 2385 4148; x_wconf 72' lang='lat' dir='ltr'>sanctificandum</span> 
     </span>
     <span class='ocr_line' id='line_1_42' title="bbox 386 4146 2385 4235; baseline 0.001 -20"><span class='ocrx_word' id='word_1_546' title='bbox 386 4151 471 4216; x_wconf 81' lang='lat' dir='ltr'>foeta</span> <span class='ocrx_word' id='word_1_547' title='bbox 493 4153 526 4212; x_wconf 89' lang='lat' dir='ltr'>et</span> <span class='ocrx_word' id='word_1_548' title='bbox 549 4147 651 4215; x_wconf 90' lang='lat' dir='ltr'>solida</span> <span class='ocrx_word' id='word_1_549' title='bbox 673 4146 849 4216; x_wconf 89' lang='lat' dir='ltr'>beatitudo.</span> <span class='ocrx_word' id='word_1_550' title='bbox 893 4149 1072 4230; x_wconf 86' lang='lat' dir='ltr'>Postquam</span> <span class='ocrx_word' id='word_1_551' title='bbox 1100 4170 1178 4233; x_wconf 83' lang='lat' dir='ltr'>ergo</span> <span class='ocrx_word' id='word_1_552' title='bbox 1201 4153 1361 4234; x_wconf 88' lang='lat' dir='ltr'>propheta</span> <span class='ocrx_word' id='word_1_553' title='bbox 1414 4151 1496 4217; x_wconf 84' lang='lat' dir='ltr'>diem</span> <span class='ocrx_word' id='word_1_554' title='bbox 1516 4151 1648 4235; x_wconf 76' lang='lat' dir='ltr'>ammte,</span> <span class='ocrx_word' id='word_1_555' title='bbox 1670 4156 1698 4218; x_wconf 88' lang='lat' dir='ltr'>et</span> <span class='ocrx_word' id='word_1_556' title='bbox 1718 4171 1781 4217; x_wconf 90' lang='lat' dir='ltr'>non</span> <span class='ocrx_word' id='word_1_557' title='bbox 1802 4151 1933 4218; x_wconf 81' lang='lat' dir='ltr'>tollendo</span> <span class='ocrx_word' id='word_1_558' title='bbox 1954 4171 2043 4230; x_wconf 74' lang='lat' dir='ltr'>anta,</span> <span class='ocrx_word' id='word_1_559' title='bbox 2066 4151 2315 4235; x_wconf 79' lang='lat' dir='ltr'>etinqrede&#39;endo</span> <span class='ocrx_word' id='word_1_560' title='bbox 2330 4169 2385 4231; x_wconf 76' lang='lat' dir='ltr'>per</span> 
     </span>
     <span class='ocr_line' id='line_1_43' title="bbox 386 4233 2386 4319; baseline -0.001 -19"><span class='ocrx_word' id='word_1_561' title='bbox 386 4234 570 4301; x_wconf 88' lang='lat' dir='ltr'>membrum</span> <span class='ocrx_word' id='word_1_562' title='bbox 595 4255 696 4300; x_wconf 91' lang='lat' dir='ltr'>unum</span> <span class='ocrx_word' id='word_1_563' title='bbox 720 4235 839 4318; x_wconf 86' lang='lat' dir='ltr'>attigit,</span> <span class='ocrx_word' id='word_1_564' title='bbox 869 4253 958 4300; x_wconf 91' lang='lat' dir='ltr'>nuno</span> <span class='ocrx_word' id='word_1_565' title='bbox 986 4233 1155 4299; x_wconf 88' lang='lat' dir='ltr'>descendit</span> <span class='ocrx_word' id='word_1_566' title='bbox 1181 4236 1221 4300; x_wconf 91' lang='lat' dir='ltr'>ad</span> <span class='ocrx_word' id='word_1_567' title='bbox 1245 4257 1360 4302; x_wconf 88' lang='lat' dir='ltr'>scaun-</span> <span class='ocrx_word' id='word_1_568' title='bbox 1409 4241 1521 4319; x_wconf 83' lang='lat' dir='ltr'>portaa</span> <span class='ocrx_word' id='word_1_569' title='bbox 1543 4237 1720 4304; x_wconf 79' lang='lat' dir='ltr'>Ierusalem</span> <span class='ocrx_word' id='word_1_570' title='bbox 1748 4238 1800 4304; x_wconf 84' lang='lat' dir='ltr'>die</span> <span class='ocrx_word' id='word_1_571' title='bbox 1826 4237 1963 4318; x_wconf 81' lang='lat' dir='ltr'>sabbati,</span> <span class='ocrx_word' id='word_1_572' title='bbox 1993 4241 2065 4303; x_wconf 85' lang='lat' dir='ltr'>tuno</span> <span class='ocrx_word' id='word_1_573' title='bbox 2092 4238 2260 4304; x_wconf 64' lang='lat' dir='ltr'>amariam</span> <span class='ocrx_word' id='word_1_574' title='bbox 2289 4237 2386 4318; x_wconf 76' lang='lat' dir='ltr'>iqnem</span> 
     </span>
     <span class='ocr_line' id='line_1_44' title="bbox 387 4317 2386 4407; baseline 0 -21"><span class='ocrx_word' id='word_1_575' title='bbox 387 4321 480 4400; x_wconf 92' lang='lat' dir='ltr'>dum,</span> <span class='ocrx_word' id='word_1_576' title='bbox 511 4319 596 4404; x_wconf 92' lang='lat' dir='ltr'>quod</span> <span class='ocrx_word' id='word_1_577' title='bbox 625 4319 748 4386; x_wconf 87' lang='lat' dir='ltr'>scilicet</span> <span class='ocrx_word' id='word_1_578' title='bbox 777 4322 897 4386; x_wconf 67' lang='lat' dir='ltr'>venunt</span> <span class='ocrx_word' id='word_1_579' title='bbox 923 4341 963 4386; x_wconf 79' lang='lat' dir='ltr'>ee</span> <span class='ocrx_word' id='word_1_580' title='bbox 990 4319 1121 4385; x_wconf 82' lang='lat' dir='ltr'>urbibus</span> <span class='ocrx_word' id='word_1_581' title='bbox 1142 4319 1301 4403; x_wconf 76' lang='lat' dir='ltr'>Irbudab,</span> <span class='ocrx_word' id='word_1_582' title='bbox 1335 4326 1362 4387; x_wconf 87' lang='lat' dir='ltr'>et</span> <span class='ocrx_word' id='word_1_583' title='bbox 1414 4323 1449 4386; x_wconf 88' lang='lat' dir='ltr'>in</span> <span class='ocrx_word' id='word_1_584' title='bbox 1474 4323 1578 4403; x_wconf 79' lang='lat' dir='ltr'>partie</span> <span class='ocrx_word' id='word_1_585' title='bbox 1606 4324 1689 4407; x_wconf 88' lang='lat' dir='ltr'>eiua,</span> <span class='ocrx_word' id='word_1_586' title='bbox 1719 4317 1887 4390; x_wconf 72' lang='lat' dir='ltr'>deorabil</span> <span class='ocrx_word' id='word_1_587' title='bbox 1910 4324 2038 4405; x_wconf 80' lang='lat' dir='ltr'>palatia</span> <span class='ocrx_word' id='word_1_588' title='bbox 2061 4322 2247 4404; x_wconf 58' lang='lat' dir='ltr'>leuantem,</span> <span class='ocrx_word' id='word_1_589' title='bbox 2277 4327 2305 4388; x_wconf 89' lang='lat' dir='ltr'>et</span> <span class='ocrx_word' id='word_1_590' title='bbox 2331 4338 2386 4386; x_wconf 86' lang='lat' dir='ltr'>nan</span> 
     </span>
     <span class='ocr_line' id='line_1_45' title="bbox 385 4405 1638 4492; baseline 0 -18"><span class='ocrx_word' id='word_1_591' title='bbox 385 4412 444 4474; x_wconf 87' lang='lat' dir='ltr'>toto</span> <span class='ocrx_word' id='word_1_592' title='bbox 465 4407 606 4485; x_wconf 79' lang='lat' dir='ltr'>eirmeitu,</span> <span class='ocrx_word' id='word_1_593' title='bbox 628 4425 666 4470; x_wconf 81' lang='lat' dir='ltr'>ea</span> <span class='ocrx_word' id='word_1_594' title='bbox 688 4409 773 4472; x_wconf 84' lang='lat' dir='ltr'>terra</span> <span class='ocrx_word' id='word_1_595' title='bbox 793 4405 976 4485; x_wconf 88' lang='lat' dir='ltr'>Beniamin,</span> <span class='ocrx_word' id='word_1_596' title='bbox 999 4411 1027 4470; x_wconf 85' lang='lat' dir='ltr'>et</span> <span class='ocrx_word' id='word_1_597' title='bbox 1047 4405 1124 4471; x_wconf 82' lang='lat' dir='ltr'>aliie</span> <span class='ocrx_word' id='word_1_598' title='bbox 1145 4406 1362 4472; x_wconf 67' lang='lat' dir='ltr'>maurentani</span> <span class='ocrx_word' id='word_1_599' title='bbox 1415 4409 1638 4492; x_wconf 75' lang='lat' dir='ltr'>eaetinquetur.</span> 
     </span>
     <span class='ocr_line' id='line_1_46' title="bbox 386 4490 1360 4576; baseline -0.001 -19"><span class='ocrx_word' id='word_1_600' title='bbox 386 4493 442 4576; x_wconf 88' lang='lat' dir='ltr'>qni</span> <span class='ocrx_word' id='word_1_601' title='bbox 474 4492 597 4574; x_wconf 81' lang='lat' dir='ltr'>offerent</span> <span class='ocrx_word' id='word_1_602' title='bbox 632 4491 793 4573; x_wconf 75' lang='lat' dir='ltr'>sacrificia</span> <span class='ocrx_word' id='word_1_603' title='bbox 825 4493 860 4557; x_wconf 87' lang='lat' dir='ltr'>in</span> <span class='ocrx_word' id='word_1_604' title='bbox 891 4492 1010 4572; x_wconf 79' lang='lat' dir='ltr'>templo.</span> <span class='ocrx_word' id='word_1_605' title='bbox 1066 4490 1131 4555; x_wconf 88' lang='lat' dir='ltr'>Por</span> <span class='ocrx_word' id='word_1_606' title='bbox 1163 4512 1198 4555; x_wconf 89' lang='lat' dir='ltr'>se</span> <span class='ocrx_word' id='word_1_607' title='bbox 1229 4491 1360 4574; x_wconf 90' lang='lat' dir='ltr'>quidem</span> 
     </span>
     <span class='ocr_line' id='line_1_47' title="bbox 385 4575 2387 4664; baseline -0.001 -19"><span class='ocrx_word' id='word_1_608' title='bbox 385 4577 545 4645; x_wconf 88' lang='lat' dir='ltr'>sacrificia</span> <span class='ocrx_word' id='word_1_609' title='bbox 568 4597 633 4643; x_wconf 88' lang='lat' dir='ltr'>aon</span> <span class='ocrx_word' id='word_1_610' title='bbox 656 4587 808 4660; x_wconf 90' lang='lat' dir='ltr'>poterant</span> <span class='ocrx_word' id='word_1_611' title='bbox 830 4576 988 4662; x_wconf 91' lang='lat' dir='ltr'>populum</span> <span class='ocrx_word' id='word_1_612' title='bbox 1012 4597 1162 4642; x_wconf 85' lang='lat' dir='ltr'>servare:</span> <span class='ocrx_word' id='word_1_613' title='bbox 1191 4575 1247 4642; x_wconf 88' lang='lat' dir='ltr'>scd</span> <span class='ocrx_word' id='word_1_614' title='bbox 1271 4579 1361 4660; x_wconf 91' lang='lat' dir='ltr'>prin·</span> <span class='ocrx_word' id='word_1_615' title='bbox 1500 4578 1599 4646; x_wconf 91' lang='lat' dir='ltr'>Nunc</span> <span class='ocrx_word' id='word_1_616' title='bbox 1620 4602 1661 4645; x_wconf 86' lang='lat' dir='ltr'>ax</span> <span class='ocrx_word' id='word_1_617' title='bbox 1685 4583 1831 4664; x_wconf 88' lang='lat' dir='ltr'>opposito</span> <span class='ocrx_word' id='word_1_618' title='bbox 1861 4589 1963 4645; x_wconf 87' lang='lat' dir='ltr'>terret</span> <span class='ocrx_word' id='word_1_619' title='bbox 1985 4599 2039 4645; x_wconf 87' lang='lat' dir='ltr'>eos</span> <span class='ocrx_word' id='word_1_620' title='bbox 2062 4579 2236 4664; x_wconf 89' lang='lat' dir='ltr'>propbeta,</span> <span class='ocrx_word' id='word_1_621' title='bbox 2269 4581 2298 4646; x_wconf 91' lang='lat' dir='ltr'>si</span> <span class='ocrx_word' id='word_1_622' title='bbox 2320 4597 2387 4662; x_wconf 90' lang='lat' dir='ltr'>prc-</span> 
     </span>
     <span class='ocr_line' id='line_1_48' title="bbox 386 4661 2387 4749; baseline -0.002 -19"><span class='ocrx_word' id='word_1_623' title='bbox 386 4665 505 4749; x_wconf 92' lang='lat' dir='ltr'>cipium</span> <span class='ocrx_word' id='word_1_624' title='bbox 528 4661 609 4728; x_wconf 91' lang='lat' dir='ltr'>illud</span> <span class='ocrx_word' id='word_1_625' title='bbox 632 4663 734 4728; x_wconf 89' lang='lat' dir='ltr'>sumit</span> <span class='ocrx_word' id='word_1_626' title='bbox 752 4663 917 4743; x_wconf 88' lang='lat' dir='ltr'>Ieremias,</span> <span class='ocrx_word' id='word_1_627' title='bbox 939 4682 1006 4729; x_wconf 90' lang='lat' dir='ltr'>non</span> <span class='ocrx_word' id='word_1_628' title='bbox 1024 4661 1149 4728; x_wconf 86' lang='lat' dir='ltr'>frustra</span> <span class='ocrx_word' id='word_1_629' title='bbox 1168 4663 1361 4745; x_wconf 88' lang='lat' dir='ltr'>promissam</span> <span class='ocrx_word' id='word_1_630' title='bbox 1416 4664 1626 4731; x_wconf 88' lang='lat' dir='ltr'>missionibus</span> <span class='ocrx_word' id='word_1_631' title='bbox 1648 4665 1713 4731; x_wconf 90' lang='lat' dir='ltr'>Dei</span> <span class='ocrx_word' id='word_1_632' title='bbox 1735 4688 1802 4732; x_wconf 94' lang='lat' dir='ltr'>non</span> <span class='ocrx_word' id='word_1_633' title='bbox 1826 4665 2027 4733; x_wconf 85' lang='lat' dir='ltr'>auscultent:</span> <span class='ocrx_word' id='word_1_634' title='bbox 2060 4665 2151 4731; x_wconf 87' lang='lat' dir='ltr'>Deus</span> <span class='ocrx_word' id='word_1_635' title='bbox 2174 4667 2264 4731; x_wconf 89' lang='lat' dir='ltr'>enim</span> <span class='ocrx_word' id='word_1_636' title='bbox 2288 4665 2387 4749; x_wconf 90' lang='lat' dir='ltr'>primo</span> 
     </span>
     <span class='ocr_line' id='line_1_49' title="bbox 386 4747 2388 4832; baseline -0.001 -14"><span class='ocrx_word' id='word_1_637' title='bbox 386 4773 457 4818; x_wconf 89' lang='lat' dir='ltr'>csse</span> <span class='ocrx_word' id='word_1_638' title='bbox 490 4748 790 4817; x_wconf 86' lang='lat' dir='ltr'>reconciliationem</span> <span class='ocrx_word' id='word_1_639' title='bbox 824 4748 945 4832; x_wconf 91' lang='lat' dir='ltr'>populo</span> <span class='ocrx_word' id='word_1_640' title='bbox 978 4749 1012 4812; x_wconf 89' lang='lat' dir='ltr'>io</span> <span class='ocrx_word' id='word_1_641' title='bbox 1043 4747 1221 4816; x_wconf 89' lang='lat' dir='ltr'>sacrificiis.</span> <span class='ocrx_word' id='word_1_642' title='bbox 1277 4747 1361 4814; x_wconf 89' lang='lat' dir='ltr'>Nam</span> <span class='ocrx_word' id='word_1_643' title='bbox 1416 4748 1533 4816; x_wconf 89' lang='lat' dir='ltr'>blande</span> <span class='ocrx_word' id='word_1_644' title='bbox 1554 4772 1615 4818; x_wconf 92' lang='lat' dir='ltr'>nos</span> <span class='ocrx_word' id='word_1_645' title='bbox 1633 4751 1749 4818; x_wconf 87' lang='lat' dir='ltr'>allicit:</span> <span class='ocrx_word' id='word_1_646' title='bbox 1773 4752 1829 4818; x_wconf 91' lang='lat' dir='ltr'>ubi</span> <span class='ocrx_word' id='word_1_647' title='bbox 1848 4761 1957 4818; x_wconf 91' lang='lat' dir='ltr'>autem</span> <span class='ocrx_word' id='word_1_648' title='bbox 1979 4751 2067 4816; x_wconf 86' lang='lat' dir='ltr'>videt</span> <span class='ocrx_word' id='word_1_649' title='bbox 2085 4772 2157 4818; x_wconf 88' lang='lat' dir='ltr'>csse</span> <span class='ocrx_word' id='word_1_650' title='bbox 2174 4751 2388 4825; x_wconf 81' lang='lat' dir='ltr'>refractarios,</span> 
     </span>
     <span class='ocr_line' id='line_1_50' title="bbox 386 4832 2389 4923; baseline -0.003 -19"><span class='ocrx_word' id='word_1_651' title='bbox 386 4836 606 4923; x_wconf 87' lang='lat' dir='ltr'>expiabantur</span> <span class='ocrx_word' id='word_1_652' title='bbox 626 4855 703 4902; x_wconf 87' lang='lat' dir='ltr'>vere</span> <span class='ocrx_word' id='word_1_653' title='bbox 726 4845 865 4919; x_wconf 88' lang='lat' dir='ltr'>paccata,</span> <span class='ocrx_word' id='word_1_654' title='bbox 889 4841 922 4897; x_wconf 89' lang='lat' dir='ltr'>et</span> <span class='ocrx_word' id='word_1_655' title='bbox 941 4832 1032 4899; x_wconf 89' lang='lat' dir='ltr'>Deus</span> <span class='ocrx_word' id='word_1_656' title='bbox 1055 4833 1148 4917; x_wconf 89' lang='lat' dir='ltr'>quasi</span> <span class='ocrx_word' id='word_1_657' title='bbox 1166 4834 1200 4898; x_wconf 90' lang='lat' dir='ltr'>in</span> <span class='ocrx_word' id='word_1_658' title='bbox 1220 4832 1362 4899; x_wconf 91' lang='lat' dir='ltr'>medium</span> <span class='ocrx_word' id='word_1_659' title='bbox 1417 4843 1536 4902; x_wconf 89' lang='lat' dir='ltr'>tractat</span> <span class='ocrx_word' id='word_1_660' title='bbox 1557 4856 1620 4901; x_wconf 88' lang='lat' dir='ltr'>nos</span> <span class='ocrx_word' id='word_1_661' title='bbox 1642 4857 1700 4919; x_wconf 90' lang='lat' dir='ltr'>pro</span> <span class='ocrx_word' id='word_1_662' title='bbox 1721 4839 1846 4921; x_wconf 82' lang='lat' dir='ltr'>ingenii</span> <span class='ocrx_word' id='word_1_663' title='bbox 1875 4837 1981 4904; x_wconf 89' lang='lat' dir='ltr'>nostri</span> <span class='ocrx_word' id='word_1_664' title='bbox 2009 4836 2140 4903; x_wconf 88' lang='lat' dir='ltr'>duritie.</span> <span class='ocrx_word' id='word_1_665' title='bbox 2185 4839 2279 4922; x_wconf 82' lang='lat' dir='ltr'>Ergo</span> <span class='ocrx_word' id='word_1_666' title='bbox 2307 4853 2389 4902; x_wconf 91' lang='lat' dir='ltr'>nunc</span> 
     </span>
     <span class='ocr_line' id='line_1_51' title="bbox 386 4918 2386 5007; baseline -0.001 -21"><span class='ocrx_word' id='word_1_667' title='bbox 386 4922 546 5007; x_wconf 91' lang='lat' dir='ltr'>prodibat,</span> <span class='ocrx_word' id='word_1_668' title='bbox 571 4932 606 4986; x_wconf 89' lang='lat' dir='ltr'>ut</span> <span class='ocrx_word' id='word_1_669' title='bbox 628 4921 798 5006; x_wconf 83' lang='lat' dir='ltr'>colligeret</span> <span class='ocrx_word' id='word_1_670' title='bbox 819 4920 859 4986; x_wconf 91' lang='lat' dir='ltr'>ad</span> <span class='ocrx_word' id='word_1_671' title='bbox 882 4941 917 4985; x_wconf 90' lang='lat' dir='ltr'>se</span> <span class='ocrx_word' id='word_1_672' title='bbox 941 4919 1106 5001; x_wconf 78' lang='lat' dir='ltr'>populum,</span> <span class='ocrx_word' id='word_1_673' title='bbox 1149 4918 1292 4985; x_wconf 88' lang='lat' dir='ltr'>Perinde</span> <span class='ocrx_word' id='word_1_674' title='bbox 1313 4929 1363 4984; x_wconf 88' lang='lat' dir='ltr'>est</span> <span class='ocrx_word' id='word_1_675' title='bbox 1416 4919 1525 4984; x_wconf 88' lang='lat' dir='ltr'>minas</span> <span class='ocrx_word' id='word_1_676' title='bbox 1546 4921 1681 5005; x_wconf 88' lang='lat' dir='ltr'>opponit</span> <span class='ocrx_word' id='word_1_677' title='bbox 1710 4925 1986 5006; x_wconf 90' lang='lat' dir='ltr'>promissionibus.</span> <span class='ocrx_word' id='word_1_678' title='bbox 2032 4924 2173 4990; x_wconf 82' lang='lat' dir='ltr'>Dixerat</span> <span class='ocrx_word' id='word_1_679' title='bbox 2201 4924 2316 4990; x_wconf 88' lang='lat' dir='ltr'>falices</span> <span class='ocrx_word' id='word_1_680' title='bbox 2337 4921 2386 4985; x_wconf 92' lang='lat' dir='ltr'>Iu·</span> 
     </span>
     <span class='ocr_line' id='line_1_52' title="bbox 386 5003 2389 5095; baseline -0.001 -22"><span class='ocrx_word' id='word_1_681' title='bbox 386 5009 489 5093; x_wconf 74' lang='lat' dir='ltr'>igitur</span> <span class='ocrx_word' id='word_1_682' title='bbox 508 5007 592 5074; x_wconf 91' lang='lat' dir='ltr'>acsi</span> <span class='ocrx_word' id='word_1_683' title='bbox 610 5006 859 5076; x_wconf 88' lang='lat' dir='ltr'>diceretDcum</span> <span class='ocrx_word' id='word_1_684' title='bbox 881 5003 1074 5070; x_wconf 82' lang='lat' dir='ltr'>forcmodis</span> <span class='ocrx_word' id='word_1_685' title='bbox 1096 5005 1247 5070; x_wconf 90' lang='lat' dir='ltr'>omnibus</span> <span class='ocrx_word' id='word_1_686' title='bbox 1269 5004 1362 5069; x_wconf 89' lang='lat' dir='ltr'>bane·</span> <span class='ocrx_word' id='word_1_687' title='bbox 1417 5005 1514 5071; x_wconf 90' lang='lat' dir='ltr'>daecs</span> <span class='ocrx_word' id='word_1_688' title='bbox 1538 5007 1615 5087; x_wconf 86' lang='lat' dir='ltr'>iore,</span> <span class='ocrx_word' id='word_1_689' title='bbox 1649 5008 1675 5071; x_wconf 90' lang='lat' dir='ltr'>si</span> <span class='ocrx_word' id='word_1_690' title='bbox 1698 5007 1805 5074; x_wconf 91' lang='lat' dir='ltr'>Deum</span> <span class='ocrx_word' id='word_1_691' title='bbox 1833 5032 1913 5095; x_wconf 92' lang='lat' dir='ltr'>pure</span> <span class='ocrx_word' id='word_1_692' title='bbox 1942 5009 2096 5088; x_wconf 89' lang='lat' dir='ltr'>colerent,</span> <span class='ocrx_word' id='word_1_693' title='bbox 2130 5011 2286 5093; x_wconf 90' lang='lat' dir='ltr'>quoniam</span> <span class='ocrx_word' id='word_1_694' title='bbox 2321 5026 2389 5089; x_wconf 92' lang='lat' dir='ltr'>per·</span> 
     </span>
     <span class='ocr_line' id='line_1_53' title="bbox 386 5088 2389 5180; baseline -0.002 -20"><span class='ocrx_word' id='word_1_695' title='bbox 386 5095 483 5160; x_wconf 90' lang='lat' dir='ltr'>ficum</span> <span class='ocrx_word' id='word_1_696' title='bbox 507 5115 586 5180; x_wconf 84' lang='lat' dir='ltr'>erga</span> <span class='ocrx_word' id='word_1_697' title='bbox 608 5115 672 5174; x_wconf 91' lang='lat' dir='ltr'>eos,</span> <span class='ocrx_word' id='word_1_698' title='bbox 703 5091 852 5158; x_wconf 91' lang='lat' dir='ltr'>simodo</span> <span class='ocrx_word' id='word_1_699' title='bbox 875 5091 1046 5156; x_wconf 89' lang='lat' dir='ltr'>sabbatum</span> <span class='ocrx_word' id='word_1_700' title='bbox 1077 5089 1267 5168; x_wconf 87' lang='lat' dir='ltr'>observent,</span> <span class='ocrx_word' id='word_1_701' title='bbox 1303 5088 1364 5156; x_wconf 92' lang='lat' dir='ltr'>boc</span> <span class='ocrx_word' id='word_1_702' title='bbox 1418 5101 1553 5174; x_wconf 88' lang='lat' dir='ltr'>potuum</span> <span class='ocrx_word' id='word_1_703' title='bbox 1585 5093 1650 5157; x_wconf 90' lang='lat' dir='ltr'>illis</span> <span class='ocrx_word' id='word_1_704' title='bbox 1681 5105 1766 5160; x_wconf 88' lang='lat' dir='ltr'>esset</span> <span class='ocrx_word' id='word_1_705' title='bbox 1798 5096 2016 5162; x_wconf 86' lang='lat' dir='ltr'>sacerdotium</span> <span class='ocrx_word' id='word_1_706' title='bbox 2048 5101 2083 5161; x_wconf 92' lang='lat' dir='ltr'>et</span> <span class='ocrx_word' id='word_1_707' title='bbox 2111 5116 2274 5179; x_wconf 76' lang='lat' dir='ltr'>regnum:</span> <span class='ocrx_word' id='word_1_708' title='bbox 2308 5111 2389 5158; x_wconf 90' lang='lat' dir='ltr'>nunc</span> 
     </span>
     <span class='ocr_line' id='line_1_54' title="bbox 387 5174 2390 5265; baseline -0.002 -19"><span class='ocrx_word' id='word_1_709' title='bbox 387 5192 447 5261; x_wconf 91' lang='lat' dir='ltr'>est,</span> <span class='ocrx_word' id='word_1_710' title='bbox 470 5181 498 5246; x_wconf 91' lang='lat' dir='ltr'>si</span> <span class='ocrx_word' id='word_1_711' title='bbox 516 5202 599 5265; x_wconf 88' lang='lat' dir='ltr'>puro</span> <span class='ocrx_word' id='word_1_712' title='bbox 616 5179 712 5247; x_wconf 91' lang='lat' dir='ltr'>corde</span> <span class='ocrx_word' id='word_1_713' title='bbox 730 5200 766 5246; x_wconf 91' lang='lat' dir='ltr'>se</span> <span class='ocrx_word' id='word_1_714' title='bbox 784 5178 937 5244; x_wconf 84' lang='lat' dir='ltr'>addicant</span> <span class='ocrx_word' id='word_1_715' title='bbox 954 5175 994 5240; x_wconf 90' lang='lat' dir='ltr'>ad</span> <span class='ocrx_word' id='word_1_716' title='bbox 1014 5175 1084 5240; x_wconf 90' lang='lat' dir='ltr'>eius</span> <span class='ocrx_word' id='word_1_717' title='bbox 1103 5174 1239 5240; x_wconf 91' lang='lat' dir='ltr'>cultum.</span> <span class='ocrx_word' id='word_1_718' title='bbox 1269 5174 1363 5255; x_wconf 79' lang='lat' dir='ltr'>Erat,</span> <span class='ocrx_word' id='word_1_719' title='bbox 1417 5175 1583 5261; x_wconf 79' lang='lat' dir='ltr'>adiungit,</span> <span class='ocrx_word' id='word_1_720' title='bbox 1613 5177 1651 5243; x_wconf 85' lang='lat' dir='ltr'>Si</span> <span class='ocrx_word' id='word_1_721' title='bbox 1672 5199 1732 5245; x_wconf 92' lang='lat' dir='ltr'>non</span> <span class='ocrx_word' id='word_1_722' title='bbox 1754 5181 1960 5262; x_wconf 74' lang='lat' dir='ltr'>obediveritm,</span> <span class='ocrx_word' id='word_1_723' title='bbox 1988 5181 2111 5264; x_wconf 91' lang='lat' dir='ltr'>inquit,</span> <span class='ocrx_word' id='word_1_724' title='bbox 2140 5186 2175 5246; x_wconf 85' lang='lat' dir='ltr'>ul</span> <span class='ocrx_word' id='word_1_725' title='bbox 2195 5177 2390 5262; x_wconf 70' lang='lat' dir='ltr'>sanctificam</span> 
     </span>
     <span class='ocr_line' id='line_1_55' title="bbox 387 5261 2391 5350; baseline 0 -19"><span class='ocrx_word' id='word_1_726' title='bbox 387 5266 662 5350; x_wconf 90' lang='lat' dir='ltr'>quemadmodum</span> <span class='ocrx_word' id='word_1_727' title='bbox 692 5271 757 5332; x_wconf 89' lang='lat' dir='ltr'>iam</span> <span class='ocrx_word' id='word_1_728' title='bbox 789 5265 872 5345; x_wconf 83' lang='lat' dir='ltr'>dixi,</span> <span class='ocrx_word' id='word_1_729' title='bbox 902 5281 1022 5346; x_wconf 85' lang='lat' dir='ltr'>magna</span> <span class='ocrx_word' id='word_1_730' title='bbox 1051 5282 1093 5326; x_wconf 81' lang='lat' dir='ltr'>ex</span> <span class='ocrx_word' id='word_1_731' title='bbox 1119 5271 1213 5345; x_wconf 88' lang='lat' dir='ltr'>parte</span> <span class='ocrx_word' id='word_1_732' title='bbox 1236 5267 1365 5328; x_wconf 85' lang='lat' dir='ltr'>vastata</span> <span class='ocrx_word' id='word_1_733' title='bbox 1417 5261 1498 5328; x_wconf 87' lang='lat' dir='ltr'>diem</span> <span class='ocrx_word' id='word_1_734' title='bbox 1519 5264 1649 5344; x_wconf 81' lang='lat' dir='ltr'>sabbati,</span> <span class='ocrx_word' id='word_1_735' title='bbox 1672 5285 1789 5348; x_wconf 89' lang='lat' dir='ltr'>nempe</span> <span class='ocrx_word' id='word_1_736' title='bbox 1806 5273 1840 5331; x_wconf 87' lang='lat' dir='ltr'>ut</span> <span class='ocrx_word' id='word_1_737' title='bbox 1857 5287 1922 5332; x_wconf 91' lang='lat' dir='ltr'>non</span> <span class='ocrx_word' id='word_1_738' title='bbox 1941 5267 2070 5350; x_wconf 75' lang='lat' dir='ltr'>faciatis</span> <span class='ocrx_word' id='word_1_739' title='bbox 2092 5267 2266 5350; x_wconf 85' lang='lat' dir='ltr'>quidquam</span> <span class='ocrx_word' id='word_1_740' title='bbox 2290 5261 2391 5347; x_wconf 77' lang='lat' dir='ltr'>operis</span> 
     </span>
     <span class='ocr_line' id='line_1_56' title="bbox 386 5345 2390 5438; baseline -0.003 -22"><span class='ocrx_word' id='word_1_741' title='bbox 386 5354 490 5438; x_wconf 81' lang='lat' dir='ltr'>regio:</span> <span class='ocrx_word' id='word_1_742' title='bbox 514 5353 571 5420; x_wconf 88' lang='lat' dir='ltr'>scd</span> <span class='ocrx_word' id='word_1_743' title='bbox 595 5351 753 5434; x_wconf 87' lang='lat' dir='ltr'>propheta</span> <span class='ocrx_word' id='word_1_744' title='bbox 775 5358 946 5435; x_wconf 87' lang='lat' dir='ltr'>postquam</span> <span class='ocrx_word' id='word_1_745' title='bbox 969 5347 1009 5412; x_wconf 91' lang='lat' dir='ltr'>de</span> <span class='ocrx_word' id='word_1_746' title='bbox 1028 5347 1107 5412; x_wconf 92' lang='lat' dir='ltr'>urbe</span> <span class='ocrx_word' id='word_1_747' title='bbox 1131 5346 1285 5428; x_wconf 89' lang='lat' dir='ltr'>loquutus</span> <span class='ocrx_word' id='word_1_748' title='bbox 1303 5355 1362 5424; x_wconf 91' lang='lat' dir='ltr'>cst,</span> <span class='ocrx_word' id='word_1_749' title='bbox 1417 5348 1452 5411; x_wconf 88' lang='lat' dir='ltr'>in</span> <span class='ocrx_word' id='word_1_750' title='bbox 1471 5366 1515 5431; x_wconf 89' lang='lat' dir='ltr'>eo,</span> <span class='ocrx_word' id='word_1_751' title='bbox 1537 5355 1642 5414; x_wconf 85' lang='lat' dir='ltr'>etnon</span> <span class='ocrx_word' id='word_1_752' title='bbox 1663 5351 1887 5433; x_wconf 76' lang='lat' dir='ltr'>inprediamini</span> <span class='ocrx_word' id='word_1_753' title='bbox 1906 5372 1965 5434; x_wconf 78' lang='lat' dir='ltr'>per</span> <span class='ocrx_word' id='word_1_754' title='bbox 1981 5358 2095 5434; x_wconf 79' lang='lat' dir='ltr'>portae</span> <span class='ocrx_word' id='word_1_755' title='bbox 2116 5351 2207 5418; x_wconf 81' lang='lat' dir='ltr'>urbia</span> <span class='ocrx_word' id='word_1_756' title='bbox 2229 5351 2340 5433; x_wconf 81' lang='lat' dir='ltr'>buius,</span> <span class='ocrx_word' id='word_1_757' title='bbox 2360 5345 2390 5412; x_wconf 92' lang='lat' dir='ltr'>id</span> 
     </span>
    </p>
   </div>
   <div class='ocr_carea' id='block_1_3' title="bbox 0 0 2581 6116">
    <p class='ocr_par' dir='ltr' id='par_1_3' title="bbox 0 0 2581 6116">
     <span class='ocr_line' id='line_1_57' title="bbox 0 0 2581 6116; baseline 0 0"><span class='ocrx_word' id='word_1_758' title='bbox 0 0 2581 6116; x_wconf 95' lang='lat' dir='ltr'> </span> 
     </span>
    </p>
   </div>
  </div>
 </body>
</html>
