5038 6118
386 405 446 471 lot
1185 401 1570 472 Putuunoulouus
2317 407 2373 471 108

382 593 492 659 aiones
514 589 670 674 omiserit,
699 599 810 655 tamen
833 599 909 655 ante
932 589 1088 655 disseruit
1110 588 1150 655 de
1173 591 1244 674 lege
1265 591 1352 674 ipsa:
1405 591 1519 657 tribus.
1579 591 1664 658 Nam
1705 593 1766 658 bue
1808 592 1953 676 pertinet
1990 611 2108 657 nomen
2148 589 2370 690 eolliqationia.

383 699 472 744 nune
499 695 578 742 vero
605 674 682 741 diait
703 674 813 740 Deum
842 684 1060 758 exaequatum
1087 695 1158 742 esse
1180 675 1264 758 quod
1287 676 1353 741 illia
1405 675 1516 757 Quum
1534 677 1621 742 enim
1640 679 1806 742 turmatim
1824 688 2056 743 ooneurrerent
2073 675 2114 740 ad
2132 675 2251 759 impres
2267 697 2373 760 saper·

383 762 641 829 denuntiaverat.
686 761 807 826 Postea
828 759 987 843 adiungit,
1016 759 1068 826 De
1088 760 1200 842 mutue
1220 761 1352 826 maudo·
1404 762 1554 828 stitiones
1574 761 1753 840 Israelitae,
1776 763 1882 845 magis
1903 762 1966 827 hoo
1987 762 2049 828 luit
2069 761 2256 829 exeusabile
2274 762 2372 842 initio,

382 869 486 916 ueram
513 852 551 913 ut
575 847 727 928 facerent,
759 850 787 912 et
814 865 877 911 uua
902 844 1049 927 [mart.
1100 845 1191 912 Haeo
1220 847 1352 928 quidem
1404 848 1482 929 quia
1510 847 1635 914 soilioet
1659 847 1806 914 nondum
1831 847 1916 912 altas
1937 846 2062 913 radiosa
2083 857 2219 929 egerant
2241 847 2276 911 in
2300 860 2373 912 rara

383 935 535 1000 videntur
556 932 652 998 nimis
673 931 804 998 eonluse
827 930 924 996 dieta:
948 951 1025 996 nam
1045 951 1144 1014 quum
1167 930 1245 996 dioit
1261 930 1354 997 uerba
1403 933 1532 1014 pietate.
1577 931 1645 999 Sed
1673 953 1775 1016 quum
1805 933 1901 998 toties
1922 943 1956 998 et
1978 943 2046 998 tarn
2070 933 2168 997 variis
2190 932 2295 997 modis
2318 953 2373 1016 per

379 1020 513 1102 foedarit
533 1016 637 1096 butue,
660 1037 724 1081 non
748 1017 882 1082 dubium
902 1024 951 1080 est
966 1017 1045 1098 quin
1062 1017 1164 1081 minas
1177 1017 1351 1099 intelligat,
1403 1018 1579 1101 prophetas
1596 1031 1732 1082 oonatns
1746 1028 1832 1084 esset
1847 1018 1938 1082 Deus
1950 1017 2037 1101 ipsos
2056 1018 2089 1081 in
2104 1018 2194 1082 uiam
2208 1015 2372 1100 reduoere,

381 1102 655 1190 quemadmodum
683 1103 748 1166 iam
770 1099 928 1166 diximus:
959 1111 1070 1184 postea
1091 1101 1192 1181 addit,
1218 1112 1253 1166 st
1273 1122 1350 1168 eon·
1403 1113 1436 1167 et
1464 1101 1622 1170 sedulitas
1651 1104 1738 1180 eius,
1775 1114 1810 1168 et
1838 1101 2006 1168 assiduum
2036 1099 2119 1166 illnd
2147 1101 2292 1167 studium
2321 1122 2372 1167 aa·

381 1193 474 1257 tinuo
503 1199 591 1272 post,
624 1207 707 1270 qnae
734 1187 960 1252 mandaveram
986 1191 1022 1250 ut
1050 1187 1201 1270 saturat,
1234 1193 1262 1252 a
1289 1208 1352 1253 uou
1404 1188 1524 1253 ruisset
1551 1187 1715 1270 prolaeta,
1749 1188 1811 1256 hoo
1839 1187 1903 1253 tuit
1932 1188 2063 1271 signam
2086 1187 2232 1270 perditae
2261 1200 2372 1252 eontu-
2503 1229 2504 1262 ι

378 1277 524 1358 setuuut.
556 1272 633 1351 Sed,
655 1269 928 1355 quemadmodum
943 1272 1009 1336 iarn
1026 1271 1189 1352 admonui,
1206 1274 1349 1354 quando·
1402 1276 1535 1338 maniae.
1579 1272 1670 1338 Dieit
1691 1272 1793 1357 igitur
1814 1272 1973 1340 demeum
1996 1293 2077 1338 esse.
2121 1272 2206 1337 Nam
2230 1271 2291 1338 hoe
2312 1271 2372 1337 sibi
2503 1287 2504 1346 t

380 1361 513 1446 quidem
527 1356 684 1442 propheta
698 1357 778 1423 satis
794 1356 934 1422 antehae
948 1356 1066 1435 doenit,
1085 1357 1231 1441 regulam
1250 1359 1351 1423 luisse
1402 1357 1478 1423 vult
1498 1379 1601 1440 quum
1624 1357 1700 1424 dieit
1726 1360 1885 1424 inusumm
1904 1358 2015 1440 fuisse.
2060 1357 2133 1423 Hae
2155 1356 2255 1423 verbe
2278 1374 2372 1439 saepe
2503 1379 2504 1392 ι

379 1448 415 1512 in
443 1445 515 1530 lege
542 1442 694 1508 traditam
724 1443 777 1525 pie
803 1448 837 1506 et
858 1442 942 1507 iuste
964 1441 1104 1519 vivendi,
1134 1463 1222 1508 nune
1243 1445 1350 1526 magis
1402 1443 1437 1507 in
1459 1443 1561 1507 alium
1584 1463 1715 1509 sensum
1738 1445 1844 1508 utitur
1864 1444 2041 1526 seriptura:
2071 1440 2129 1508 sed
2152 1441 2206 1507 lrio
2227 1449 2372 1507 tantum·

378 1531 504 1598 insistit
530 1529 564 1594 in
593 1529 699 1593 minis.
745 1527 834 1610 Ergo
863 1547 930 1591 non
960 1527 1078 1592 mirum
1107 1541 1164 1602 eat,
1194 1527 1280 1610 quod
1304 1531 1349 1592 ita
1402 1529 1475 1593 dem
1500 1528 1596 1607 valet,
1623 1547 1662 1593 aa
1680 1529 1709 1593 si
1731 1528 1868 1595 dixisset
1890 1528 2147 1594 eoniuratiouem
2169 1526 2282 1611 populi
2304 1547 2373 1594 esse

379 1616 512 1683 oontuse
534 1614 694 1696 loquatur.
727 1611 814 1677 Nam
835 1611 974 1695 populns
990 1612 1095 1696 legem
1112 1611 1175 1677 Dei
1190 1613 1348 1696 quodam·
1401 1612 1648 1696 deprehensam,
1670 1633 1741 1678 esse
1762 1615 1958 1680 eonvietam:
1989 1610 2264 1696 quemadmodum
2287 1613 2372 1677 tures

378 1700 475 1766 moda
505 1707 716 1784 perverterat.
760 1696 853 1763 Haeo
878 1695 1009 1780 quidem
1039 1697 1192 1762 distinata
1213 1707 1292 1763 sunt
1312 1700 1347 1763 in
1401 1698 1557 1764 dieantur
1572 1698 1745 1776 manifesti,
1761 1698 1817 1763 ubi
1833 1697 2030 1780 deprehensi
2043 1705 2122 1764 sunt
2136 1697 2170 1762 iv
2185 1695 2373 1780 αὐτοφώρῳ,

378 1787 459 1886 lege,
483 1806 601 1867 nempe
623 1784 782 1858 doetrina,
811 1781 862 1846 vel
884 1781 997 1865 regala
1018 1781 1159 1882 vivendi,
1182 1793 1215 1882 et
1237 1792 1349 1883 pestes
1400 1792 1438 1882 ut
1470 1782 1601 1848 dieunt:
1642 1784 1687 1848 ita
1726 1783 1826 1849 etiam
1860 1783 1913 1849 hio
1945 1782 2024 1848 dioit
2055 1781 2163 1864 Deus,
2205 1803 2271 1847 non
2288 1803 2373 1882 'ease

377 1874 790 2037 ttttulttttttt
806 1865 990 2029 tiltl‘lf
1017 1869 1273 2035 ttulit
1293 1869 1348 2018 ild.
1401 1867 2129 2037 latittilttttltltttt‘ttttt
2156 1867 2373 2034 iiiiii

377 2040 531 2107 mandam
574 2039 720 2121 ipsorum
757 2038 1006 2103 oontumaeiam.
1066 2035 1132 2102 Sed
1169 2039 1246 2120 qnia
1282 2059 1348 2104 non
1402 2037 1593 2119 Gauiuratio,
1624 2037 1740 2121 inquit,
1772 2043 1817 2103 eat
1836 2040 1917 2104 satia
1937 2041 2019 2104 uota.
2063 2036 2161 2103 Nune
2182 2056 2262 2120 ergo
2285 2047 2373 2102 tene-

379 2126 495 2193 atteati
524 2126 653 2190 fuerant
673 2121 842 2189 Israeliten
871 2131 904 2185 et
926 2121 1038 2188 Iudaei
1066 2121 1108 2187 ad
1137 2143 1250 2189 roeenr
1273 2123 1348 2203 Dei,
1400 2144 1474 2189 nnus
1502 2121 1680 2205 propbetas
1708 2143 1850 2200 sensum,
1879 2143 1916 2190 aa
1946 2124 1975 2187 si
1998 2122 2130 2204 diaeret,
2160 2140 2224 2186 non
2248 2133 2373 2204 partem

378 2211 539 2297 propheta
576 2209 631 2275 hie
663 2208 836 2292 permiseet
868 2207 974 2272 minas
1007 2209 1196 2290 praeseptis.
1252 2209 1348 2275 Nune
1398 2208 1512 2293 populi
1552 2207 1714 2273 duntaxat
1752 2207 1945 2292 implieitam
1984 2227 2055 2273 esse
2091 2207 2276 2290 impietate,
2317 2205 2372 2271 aed

378 2308 529 2362 tenemus
550 2294 629 2379 quid
651 2291 713 2358 hoo
736 2292 804 2358 loeo
824 2290 886 2357 sibi
908 2290 989 2357 velit
1010 2291 1182 2376 propbeta:
1214 2292 1292 2360 dieit
1313 2315 1348 2358 ae
1399 2313 1514 2358 omnes
1543 2293 1637 2375 quasi
1664 2295 1811 2376 aprima
1834 2291 1874 2357 ad
1895 2293 2047 2356 ultimum
2070 2311 2142 2358 esse
2163 2290 2262 2357 simul
2284 2293 2373 2356 eoin·

378 2383 514 2448 missum
548 2380 648 2445 tuisse
681 2399 700 2442 a
727 2376 799 2442 Deo
830 2386 869 2440 ιιι
900 2378 1071 2452 olamaret,
1104 2377 1224 2443 Audite
1254 2379 1349 2444 verta
1400 2379 1569 2460 quinatos:
1591 2375 1708 2444 deinde
1730 2378 1792 2443 hoe
1812 2379 1892 2456 fieri,
1915 2398 1980 2442 non
1998 2378 2098 2442 stulto
2113 2376 2224 2460 aliquo
2240 2377 2374 2460 impetn,

377 2464 637 2548 societatum,
664 2463 741 2545 quia
762 2462 884 2542 seiliost
904 2462 1112 2527 immemores
1133 2473 1229 2527 erant
1251 2484 1348 2529 verae
1400 2464 1458 2528 sed
1492 2463 1583 2546 quasi
1617 2463 1789 2543 meditato,
1825 2463 1907 2545 quod
1936 2461 2050 2528 salua
2081 2463 2164 2527 iuter
2195 2481 2228 2526 se
2257 2461 2376 2542 saeviet

380 2549 529 2635 pietatis:
562 2559 595 2614 et
628 2551 673 2612 ita
705 2546 884 2616 oblivione.
917 2548 983 2611 imo
1015 2547 1114 2612 etiam
1147 2549 1246 2628 impio
1274 2567 1349 2613 oon-
1399 2548 1544 2632 aouiqati.
1590 2548 1761 2614 Postremo
1791 2549 1870 2612 dieit
1895 2547 1950 2612 toa
1974 2566 2041 2612 aeae
2060 2547 2142 2614 satia
2161 2547 2375 2627 multatum,

379 2643 506 2718 tempta
532 2632 733 2699 obtriverant
755 2639 855 2696 totam
879 2630 994 2714 legem,
1022 2641 1061 2696 ut
1082 2631 1218 2698 doeendi
1240 2644 1350 2698 esseut
1399 2633 1474 2698 ideo
1503 2654 1538 2698 se
1567 2653 1636 2698 non
1662 2633 1803 2715 amplius
1826 2632 1963 2714 litigare.
1994 2633 2146 2714 quoniam
2168 2630 2277 2698 soelas
2300 2631 2376 2713 plus

380 2739 399 2784 a
431 2718 545 2803 primis
584 2715 787 2782 rudimentis.
848 2715 921 2781 Hae
956 2726 1008 2781 est
1047 2736 1159 2781 unum.
1220 2717 1349 2784 Deinde
1401 2720 1481 2783 satis
1509 2730 1712 2800 oompertum
1740 2719 1793 2783 sit.
1836 2717 1928 2781 Dieit
1955 2718 2036 2782 iuter
2064 2715 2209 2782 Ielrudab
2237 2721 2266 2780 at
2294 2718 2376 2780 iuter

379 2803 519 2870 ostendit
557 2824 654 2885 quam
686 2801 843 2868 sollicitus
874 2801 974 2866 tuerit
1005 2799 1097 2866 Deus
1131 2801 1170 2866 de
1203 2803 1347 2885 ipsorum
1401 2802 1523 2868 Israel:
1551 2803 1604 2868 ubi
1634 2803 1746 2868 subest
1778 2803 1862 2869 aeris
1892 2800 2085 2886 obiurgatio.
2137 2801 2222 2867 Nam
2252 2800 2374 2868 seimus

379 2889 493 2970 salute,
519 2897 556 2953 ut
578 2887 684 2954 nullas
711 2895 820 2970 partes
842 2886 957 2969 optimi
980 2887 1081 2968 patris
1099 2887 1290 2970 neglexerit,
1317 2902 1349 2953 et
1401 2889 1465 2954 duo
1506 2887 1563 2952 illa
1597 2909 1699 2971 regna
1732 2909 1797 2952 non
1831 2897 1960 2952 tantum
1994 2887 2179 2952 exerenisee
2211 2885 2375 2952 meulum

379 2981 489 3040 tamen
521 2993 653 3057 operam
684 2973 783 3038 tuisse
812 2971 990 3055 perditam:
1025 2973 1100 3053 qnia
1127 2992 1191 3037 non
1219 2983 1359 3062 tanturn⁸
1401 2973 1611 3053 simultatem,
1640 2972 1697 3038 sed
1725 2972 1888 3038 hostiliter
1913 2972 2106 3037 oonflixisse.
2152 2970 2266 3052 Quum
2295 2989 2374 3054 ergo

380 3059 449 3124 suis
486 3058 716 3140 cupiditatibus
755 3057 817 3122 alio
856 3057 940 3140 rapti
977 3058 1121 3138 luerent,
1161 3057 1217 3122 sed
1250 3059 1348 3123 etiam
1402 3058 1465 3124 tale
1497 3069 1584 3124 esset
1616 3055 1786 3123 dissidium
1825 3059 1911 3122 inter
1944 3056 2055 3123 deoem
2088 3055 2192 3121 tribus
2222 3067 2256 3120 et
2287 3057 2375 3120 inter

381 3143 516 3208 interior
537 3162 649 3208 eorum
671 3141 795 3206 malitia
815 3141 977 3207 elauserat
998 3162 1093 3206 aures
1117 3142 1273 3223 ipsorum,
1303 3144 1349 3208 ita
1402 3143 1525 3208 tribum
1546 3141 1706 3225 lehudah,
1735 3151 1770 3207 et
1797 3141 1891 3224 qnasi
1919 3162 2077 3207 vesanum
2106 3140 2228 3223 odium,
2259 3148 2298 3206 ut
2320 3140 2376 3204 alii

380 3235 418 3292 nt
440 3247 504 3292 non
523 3224 648 3308 dignati
670 3225 791 3288 fuerint
814 3245 925 3290 vooem
947 3224 1011 3288 Dei
1032 3224 1222 3291 admittere:
1245 3248 1349 3310 neque
1401 3228 1481 3293 alios
1509 3249 1642 3311 prorsas
1671 3225 1815 3309 perditos
1844 3235 2008 3310 ouperent,
2038 3246 2139 3309 quum
2169 3233 2376 3291 aooerserent

379 3310 443 3376 hoo
475 3318 602 3375 tanturn
635 3328 701 3373 uno
734 3309 862 3373 saeonlo
893 3309 1082 3391 eontigiase,
1122 3309 1180 3374 sed
1212 3331 1254 3376 ex
1286 3331 1349 3392 qno
1401 3313 1514 3378 Iudaei
1545 3313 1743 3398 Aegyptios,
1784 3333 1884 3395 quum
1915 3310 2087 3376 Israeliten
2125 3323 2159 3374 et
2190 3310 2309 3393 Syrios
2344 3321 2377 3373 et

381 3396 502 3478 egressi
525 3396 654 3459 luerent
671 3413 688 3456 e
704 3402 792 3457 terra
807 3392 949 3478 Aegypti
966 3412 1069 3475 usqae
1084 3393 1125 3461 ad
1143 3392 1234 3458 illam
1252 3395 1348 3460 diem.
1402 3397 1556 3481 Assyrios
1577 3404 1746 3463 armarent
1760 3397 1795 3462 in
1810 3397 1948 3462 exitium
1964 3396 2067 3462 tribas
2082 3393 2250 3460 lehudah:
2274 3415 2376 3477 quum

380 3481 470 3546 Hine
493 3479 648 3563 sequitur,
673 3478 758 3543 iuste
779 3477 867 3560 ipsos
889 3477 1002 3560 pleoti:
1031 3477 1106 3561 qnia
1129 3476 1219 3543 Deus
1241 3481 1350 3543 omnia
1401 3501 1479 3562 erga
1508 3484 1555 3546 ita
1583 3484 1766 3563 capitaliter
1795 3481 1852 3546 alii
1880 3481 1962 3547 alios
1990 3500 2048 3563 per
2077 3489 2126 3545 tot
2149 3479 2281 3545 saeoula
2302 3500 2375 3560 per-

380 3561 1033 3716 {tumulltu‘ttlttttllt
1052 3562 1197 3711 &tlt
1217 3561 1349 3713 ltttt
1401 3565 1530 3713 ”llll
1551 3565 1783 3715 ilii-”tium
1804 3567 1866 3633 ¹¹⁰⁰
1883 3566 1943 3665 ⁵³¹³*
1965 3563 2166 3714 laquata
2183 3573 2375 3715 rssrtgntgn

378 3671 512 3816 trbrsotra,
533 3734 595 3798 boe
614 3668 745 3798 ibatum
762 3731 822 3794 luit
837 3731 1001 3831 residuum
1018 3735 1055 3795 ut
1070 3693 1191 3813 poebas
1205 3669 1351 3815 abigeret
1402 3671 1598 3813 bbbrterent
1624 3672 1662 3798 :rb
1679 3671 1862 3816 pbrdbrbbb1
1864 3671 2047 3819 sgbbbbbibn
2056 3673 2128 3800 abab
2150 3669 2319 3799 tiberium
2342 3671 2376 3798 rer:

380 3819 420 3885 de
452 3817 639 3884 hominibus
671 3825 738 3882 tam
768 3814 955 3898 desperans.
1010 3815 1102 3880 Haeo
1132 3836 1261 3880 summa
1292 3829 1349 3884 est.
1403 3820 1532 3901 pietate,
1560 3828 1598 3884 ιιι
1625 3818 1713 3884 idola
1739 3841 1799 3886 sua
1828 3818 2015 3904 erigerent?
2060 3820 2156 3885 Nune
2182 3840 2261 3903 ergo
2285 3831 2378 3885 tene·

378 3905 476 3971 Nune
497 3903 662 3987 adiungit:
1403 3925 1475 3970 mas
1497 3903 1574 3987 quid
1595 3903 1659 3970 sibi
1679 3905 1761 3970 velit
1783 3906 1950 3987 propbeta,
1973 3905 2067 3989 quasi
2088 3903 2222 3982 dieeret,
2244 3905 2279 3969 in
2302 3904 2378 3969 aliis

1401 3989 1553 4055 omnibus
1582 3990 1680 4055 fuisse
1707 3991 1826 4067 hostes,
1860 4000 1893 4054 et
1921 4009 1987 4054 una
2016 3999 2146 4054 tanturn
2175 3989 2211 4053 in
2241 4010 2277 4052 re
2298 4010 2377 4055 eon·

468 4073 498 4138 9.
522 4071 566 4136 Et
597 4071 681 4138 elisit
709 4068 920 4137 laborabat
950 4087 1011 4150 ute,
1045 4065 1176 4133 Inserta
1207 4075 1250 4134 est
1280 4091 1350 4137 σοι·
1401 4075 1555 4155 spirasse.
1586 4093 1702 4156 nempe
1732 4083 1768 4141 ut
1797 4074 1918 4140 bellum
1941 4082 2094 4159 gererent
2122 4094 2197 4139 oum
2226 4075 2308 4155 Deo,
2341 4083 2379 4139 nt

382 4159 517 4244 spiratio
544 4155 601 4258 (ad
630 4156 764 4222 verbnm
787 4152 965 4238 colligatius
995 4171 1070 4216 nam
1094 4164 1164 4242 'up
1186 4155 1350 4237 signifieat
1402 4167 1586 4223 everterent
1617 4160 1742 4225 uultum
1775 4160 1860 4242 eius,
1892 4166 1926 4224 et
1958 4169 1996 4225 ut
2028 4158 2225 4240 dissiparent
2256 4157 2288 4223 le
2313 4179 2377 4224 em.

383 4244 513 4328 proprie
541 4241 644 4325 ligare
671 4240 724 4305 vel
746 4249 950 4306 eonneetere:
980 4235 1037 4302 sed
1060 4237 1280 4318 metaphoriea
1302 4249 1350 4306 est
1403 4241 1498 4308 Nune
1527 4262 1604 4340 ergo
1633 4242 1780 4308 videmus
1806 4262 1961 4326 quorsum
1991 4242 2103 4310 tendat
2132 4244 2271 4327 spiritus
2338 4246 2377 4318 ei,

382 4327 577 4414 significatio
603 4345 704 4408 quum
727 4325 922 4389 transfertur
944 4320 984 4386 ad
1007 4321 1292 4404 oonspirationem)
1315 4326 1351 4389 iu
1403 4345 1502 4406 quum
1543 4326 1620 4390 dreit
1657 4329 1916 4409 eompiratiouem
1950 4330 2051 4410 fuisse
2089 4332 2295 4409 mmpertam:
2337 4349 2379 4392 ne

381 4415 450 4480 uiro
489 4411 564 4494 (boo
602 4422 667 4490 est,
709 4410 743 4473 in
776 4407 870 4493 viris)
907 4404 1062 4488 Ianua,
1100 4411 1128 4469 et
1161 4406 1197 4469 iu
1231 4408 1352 4474 ciuibus
1403 4409 1527 4473 soilioet
1556 4409 1714 4492 propheta
1743 4412 1797 4476 hio
1823 4412 1936 4478 multis
1964 4413 2073 4479 verbis
2098 4413 2259 4497 disseptet
2282 4416 2378 4496 quasi

382 4495 565 4566 Ierusalem.
1404 4491 1444 4556 de
1475 4512 1512 4557 re
1539 4493 1698 4576 ambigua.
1745 4495 1841 4560 Iubet
1868 4518 1945 4580 ergo
1966 4497 2059 4584 Deua
2088 4499 2235 4582 praeuiae
2265 4499 2378 4580 ipsum

470 4582 519 4647 10.
544 4579 675 4645 Reverti
702 4582 775 4642 utut
802 4577 845 4642 ad
874 4577 1055 4656 iniquitates
1071 4579 1202 4656 patrum
1224 4595 1353 4640 mrum
1404 4576 1489 4641 terre
1510 4577 1676 4655 iudieium,
1699 4580 1968 4660 quemadmodum
1990 4586 2018 4648 si
2040 4583 2156 4649 iudiois
2173 4583 2378 4648 sententiam

382 4670 580 4751 supariomru
607 4663 773 4750 (quiante
795 4659 950 4744 fuerunt),
980 4661 1035 4741 qui
1056 4657 1222 4722 numu
1240 4661 1353 4724 audire
1405 4660 1510 4726 sariba
1539 4662 1707 4726 renitarst:
1739 4664 1784 4728 ita
1812 4666 1909 4730 etiam
1937 4668 2080 4733 ostendit
2101 4668 2196 4734 Deus
2217 4687 2253 4732 se
2276 4687 2378 4750 agere

382 4753 474 4821 amba
503 4769 588 4816 mea:
616 4754 644 4814 et
673 4747 739 4831 ipsi
762 4745 963 4813 ambularunt
978 4748 1052 4824 pud
1072 4743 1145 4808 deae
1166 4741 1292 4825 alietas,
1319 4750 1354 4808 ut
1404 4765 1479 4810 enm
1512 4746 1660 4825 Iudaeis,
1693 4747 1828 4830 perinde
1864 4762 1901 4815 ut
1933 4753 2042 4835 agitur
2074 4774 2147 4818 oum
2181 4753 2378 4818 hominibus

382 4839 533 4905 seruirent
560 4835 660 4916 ipsis:
687 4829 895 4899 dissoluertmt
922 4830 1033 4894 aomar
1055 4826 1166 4901 Israel,
1197 4827 1354 4894 adamus
1405 4828 1576 4894 damnatis.
1610 4830 1655 4894 Et
1675 4831 1773 4896 simul
1791 4833 1940 4919 adiungit
1954 4857 2093 4904 reomaus
2107 4838 2219 4919 fuisse
2253 4836 2377 4904 Oeten·

384 4921 527 4988 Ielvudalt
546 4920 657 5002 foedus
677 4937 789 4996 meum,
815 4915 897 4998 quod
912 4912 1098 4995 pepiqeram
1119 4929 1189 4976 aum
1205 4911 1354 4991 patribus
1405 4910 1452 4976 dit
1480 4916 1514 4978 in
1541 4933 1638 4996 quem
1667 4915 1766 4981 linem
1790 4921 2062 5005 oonspiraverint,
2093 4943 2222 5008 nempe,
2255 4923 2377 5005 inquit,

382 5008 534 5091 ipsorum
1403 5001 1439 5060 ut
1477 4997 1610 5062 raauaa
1649 4999 1691 5064 ad
1722 5001 1837 5068 molera
1863 5009 1994 5086 patrum
2025 5027 2174 5090 muru,
2213 5009 2273 5090 qui
2307 5013 2379 5074 ants

1402 5080 1543 5162 fueraut:
1568 5093 1708 5162 vertant,
1731 5085 1878 5153 Priores:
1908 5089 1964 5154 sed
1988 5111 2053 5158 non
2073 5093 2155 5158 satis
2175 5094 2378 5175 exprimitur

469 5175 534 5240 Hie
562 5173 694 5258 propius
714 5189 832 5238 manus
852 5165 996 5267 sanserit
1016 5164 1176 5263 propbeta
1197 5183 1270 5228 oum
1294 5162 1351 5228 ho-
1405 5165 1582 5314 iawphm
1608 5187 1734 5267 sensus3
1766 5171 1842 5251 quia
1862 5173 2015 5258 intelligit
2035 5179 2149 5245 statim
2171 5199 2191 5242 a
2212 5178 2379 5261 prinoipio

383 5261 526 5327 minibus
556 5260 672 5326 aetatis
699 5277 787 5337 suae,
815 5258 851 5321 et
879 5251 958 5319 dreit
979 5269 1034 5317 soa
1056 5267 1182 5334 perores
1202 5267 1273 5312 esse
1295 5267 1351 5329 pa·
1439 5249 1569 5316 raehtas
1597 5251 1696 5318 furam
1724 5262 1772 5317 rte
1793 5255 1999 5340 praeiraatos,
2027 5270 2064 5327 nt
2085 5262 2178 5330 Deus
2201 5284 2377 5347 nunquam
